3848 5536
897 220 952 287 LV

202 405 285 456 tnsne
311 403 393 456 esset.
425 398 544 470 denique
568 399 792 456 constitutionum
812 399 872 454 Deo
897 402 1008 454 anctore
1027 403 1055 453 et
1073 399 1191 454 Tantum
1212 399 1285 456 circa
1303 415 1352 456 nos
1371 403 1537 472 exemplaria
1554 402 1642 460 codici

201 507 356 564 InstIninno
374 507 478 562 ineerta
496 511 524 561 et
541 505 608 563 alios
626 520 731 562 errores
749 505 810 561 libri
828 505 977 562 FlorentIni
996 519 1051 561 non
1069 507 1109 561 ita
1126 521 1239 576 paucos,
1257 507 1307 562 sed
1320 507 1431 564 miuorie
1444 507 1501 564 lere
1512 511 1642 566 momenti

200 614 304 670 tollunt
321 619 350 670 et
367 629 422 670 uno
441 618 515 670 certe
533 613 593 670 leco
610 612 715 668 hiatum
734 613 794 668 eius
808 627 843 668 ex
854 612 1074 668 homoeoteleuto
1092 617 1182 668 ortum
1195 613 1308 684 explent
1319 613 1395 682 (uide
1407 632 1434 687 p.
1447 614 1588 684 XXXXI).
1606 645 1640 656 -

200 720 251 776 llis
275 720 367 777 tribus
385 720 515 791 testibus,
539 735 609 790 quos
627 734 707 775 nemo
725 734 826 789 negare
843 723 936 789 potest
953 719 1027 790 paris
1046 719 1216 776 auctoritatis
1235 735 1296 776 aare
1315 724 1397 790 atque
1415 720 1512 777 librum
1531 721 1642 778 Floren-

199 829 305 898 tiunm,
324 828 393 884 satls
410 826 529 883 refutata
546 827 598 882 erit
616 825 772 883 timidorum
790 825 929 882 homiuum
947 840 1034 896 praua
1051 826 1161 896 religio,
1180 827 1227 898 qui
1245 827 1269 882 si
1287 827 1348 896 quis
1364 827 1437 883 ultra
1454 827 1640 884 Florentinum
1665 897 1677 924 ο

198 949 301 1005 rapere
318 933 435 1005 audeat,
457 949 520 990 eum
539 933 655 990 dedrare
673 933 786 990 credant
809 937 838 988 et
862 947 923 988 cum
941 936 1016 988 recte
1033 931 1156 989 indicent
1175 933 1323 990 Florentini
1341 934 1443 990 rodicho
1461 949 1513 1004 ope
1532 934 1641 1006 dIgesta

198 1041 347 1098 Iustiniani
365 1041 447 1111 longe
465 1041 555 1098 minus
574 1045 702 1111 corrupta
720 1039 756 1096 ad
774 1055 824 1096 nos
841 1039 1000 1110 peruenisse
1019 1054 1100 1110 quam
1119 1040 1218 1096 Latina
1236 1042 1379 1112 pleraque,
1401 1055 1472 1111 quae
1490 1056 1540 1112 per
1556 1041 1640 1098 libros

198 1149 320 1218 scriptor
339 1149 441 1204 tradita
459 1147 600 1218 babemus,
618 1147 682 1203 inde
700 1161 762 1202 eum
781 1145 943 1218 perhibeant
960 1150 1059 1202 testem
1078 1161 1139 1202 esse
1157 1147 1231 1203 omni
1249 1147 1411 1219 exceptione
1429 1147 1568 1204 maiorem.

252 1255 363 1312 Eodem
381 1256 485 1312 ducunt
502 1255 593 1310 hiatus
611 1257 667 1310 tres
685 1269 756 1310 unus
775 1254 803 1308 in
821 1253 970 1310 LXXXVI
989 1252 1108 1322 (11262,
1123 1254 1176 1322 16),
1194 1253 1249 1310 duo
1267 1255 1296 1309 in
1308 1256 1325 1311 I.
1336 1254 1510 1312 XXXXVIII
1523 1255 1568 1326 (II,
1577 1255 1639 1328 856,
1667 1269 1790 1316 morentur

197 1364 243 1418 26.
262 1363 387 1432 eo1,1tr
405 1361 517 1418 indicati
535 1362 562 1416 in
581 1361 641 1431 ipso
660 1360 755 1416 codice
773 1360 870 1430 spatiis
888 1359 983 1416 uacuis
1001 1357 1102 1415 ibidem
1121 1360 1222 1416 relictis
1240 1375 1329 1432 neque
1346 1360 1382 1416 ab
1399 1361 1575 1418 emendatore
1593 1377 1639 1418 ex·
1657 1331 1800 1379 bennatus

197 1471 303 1541 pleti1:
322 1469 396 1526 unde
414 1469 536 1538 sequitur
554 1467 650 1522 eadem
670 1465 772 1524 eluiem
790 1468 873 1523 etiam
892 1466 1070 1522 aFlorentini
1088 1466 1245 1538 archetypo,
1264 1467 1324 1523 siue
1341 1467 1369 1522 id
1388 1469 1453 1524 item
1472 1468 1639 1540 descriptum

197 1575 252 1633 init
271 1592 309 1634 ex
326 1576 475 1646 exemplari
492 1572 660 1646 imperfecto,
678 1573 746 1644 side,
765 1573 839 1644 qnod
858 1573 946 1642 magis
964 1571 1125 1628 crediderim
1145 1571 1190 1642 (ci.
1203 1573 1239 1630 ad
1253 1573 1288 1644 II,
1301 1575 1362 1644 243,
1374 1575 1411 1644 2),
1429 1573 1558 1630 damnum
1576 1591 1639 1646 paa-

197 1700 261 1740 eum
288 1688 344 1754 est,
367 1687 512 1752 numquam
533 1682 682 1738 Florentini
705 1681 849 1736 uoluminis
873 1679 990 1736 librariis
1007 1678 1170 1736 traderetur.
1204 1681 1297 1750 itaque
1315 1695 1376 1736 cum
1395 1681 1484 1752 ipsum
1502 1681 1638 1753 iutegrnm

196 1791 235 1846 sit
254 1790 302 1846 uel
319 1795 395 1845 certe
413 1786 496 1844 luerit
513 1787 549 1844 ad
567 1789 706 1844 saeculnm
725 1802 811 1858 usque
830 1786 910 1858 XVI,
929 1787 1036 1856 Integra
1053 1791 1145 1842 autem
1163 1785 1272 1856 digesta
1289 1803 1343 1843 non
1361 1787 1490 1859 sernmit,
1508 1803 1563 1844 non
1581 1803 1638 1846 cer

197 1903 258 1952 tum
285 1897 411 1968 quidem,
434 1894 575 1967 probabile
594 1900 686 1952 temen
704 1899 747 1950 est
764 1894 830 1950 illud
849 1893 885 1949 ab
903 1893 1053 1965 archetypo
1072 1893 1173 1963 scripto
1192 1911 1216 1950 a
1230 1894 1282 1950 533
1300 1895 1404 1964 ailqnot
1421 1901 1495 1950 certe
1513 1895 1638 1952 codicum

197 2003 426 2074 generationibus
449 2003 560 2060 deum.
593 2001 667 2072 qood
690 1999 833 2058 confirmat
856 2001 884 2056 ln
907 2001 1064 2056 uniuersum
1089 1998 1242 2072 frequentia
1263 2015 1318 2058 non
1340 2005 1397 2057 tarn
1415 2017 1537 2058 errorum
1555 2018 1637 2073 qnam

197 2111 326 2167 blatnum
345 2111 458 2166 aliorum
477 2109 505 2164 in
524 2107 619 2166 codiee
636 2107 747 2179 quidem
765 2122 820 2164 non
838 2106 1027 2176 iudicatorum,
1046 2106 1095 2162 sed
1114 2113 1162 2164 aut
1174 2108 1342 2178 expletorem
1356 2106 1391 2164 ab
1403 2108 1577 2165 emendatore
1590 2115 1638 2165 ant

198 2216 398 2289 explendorum
418 2231 453 2272 ex
470 2215 624 2272 BasilicIs2:
649 2214 684 2270 de
707 2213 806 2285 quibus
829 2213 947 2270 hiatibus
970 2213 1105 2283 quaedam
1129 2220 1273 2286 praeterea
1296 2214 1429 2271 addamus
1452 2229 1565 2272 necesse
1586 2221 1637 2272 eet.

199 2325 336 2394 originem
355 2323 459 2378 ducunt
477 2323 595 2378 maxirne
613 2337 647 2378 ex
666 2320 774 2377 duabus
793 2321 896 2378 cauete:
915 2320 1022 2376 acidcet
1039 2325 1087 2376 ant
1105 2320 1202 2377 eedem
1221 2321 1356 2378 uocabulo
1374 2325 1437 2393 post
1453 2320 1538 2378 breue
1556 2322 1637 2378 iuter·

198 2432 305 2487 uadum
323 2429 455 2486 redeunte
474 2435 502 2485 et
520 2445 538 2484 a
554 2429 644 2500 priore
662 2427 696 2484 ad
709 2429 846 2500 posterr'ne
859 2428 938 2485 oculo
950 2425 1096 2484 aberrante
1108 2428 1224 2498 scriptor
1236 2427 1327 2485 media
1340 2429 1431 2486 omisit
1441 2434 1491 2486 aut
1501 2429 1636 2500 iutegrum

200 2554 313 2594 nemum
333 2551 424 2593 errore
442 2536 558 2592 bansiit.
589 2534 625 2591 ob
644 2550 692 2591 eas
710 2536 784 2605 ipsas
803 2550 901 2590 causas
919 2549 1010 2590 errore
1028 2535 1056 2590 in
1076 2534 1239 2591 contrarium
1258 2549 1339 2592 uerso
1358 2535 1450 2592 multis
1467 2536 1534 2592 locis
1551 2535 1658 2593 nerba-

199 2644 339 2716 qnaedam
368 2642 471 2700 librarii
499 2643 570 2698 mele
598 2643 816 2712 gemtnanernnt.
850 2646 880 2697 et
900 2642 1015 2698 alterum
1041 2641 1151 2712 quidem
1177 2656 1297 2698 errorum
1320 2657 1408 2712 genus
1435 2658 1497 2699 cum
1523 2643 1637 2700 euidens

198 2752 245 2820 sit,
265 2753 381 2807 alterum
399 2755 488 2807 totum
506 2751 535 2804 ln
553 2749 710 2804 coniectura
727 2749 846 2820 positum
865 2752 922 2805 est:
942 2748 1079 2806 nescimus
1096 2748 1178 2820 enim,
1196 2754 1263 2819 quot
1274 2749 1378 2806 litteras
1391 2749 1569 2822 archetypum
1587 2765 1637 2822 per

199 2859 326 2929 stngnlos
344 2873 440 2914 uersus
459 2857 615 2926 numerarit,
634 2860 886 2927 competenterque
904 2870 973 2926 opus
988 2861 1031 2912 est
1043 2855 1133 2912 hiatus
1144 2855 1397 2928 gemInationesque
1416 2857 1540 2926 mdores,
1558 2863 1636 2928 quot

199 2973 273 3036 quot
294 2965 466 3036 reperiuntur
485 2965 513 3019 in
538 2962 634 3020 codice
657 2963 813 3020 Florentino
840 2977 929 3033 neque
952 2978 987 3018 ex
1010 2961 1229 3020 homoeoteleuto
1255 2964 1388 3034 originem
1416 2963 1533 3035 ducunt,
1558 2969 1636 3022 anto·

200 3088 286 3144 quam
311 3077 387 3128 certo
410 3071 446 3127 de
466 3086 500 3128 ea
518 3087 547 3128 re
565 3070 687 3127 iudicare
704 3070 851 3141 poasImns.
886 3068 959 3140 quod
983 3084 1149 3141 quamquam
1168 3084 1222 3126 non
1239 3067 1356 3141 perfeci,
1380 3075 1473 3126 tamen
1490 3069 1636 3128 obseruari

200 3180 338 3236 eiusmodi
356 3193 460 3235 errores
478 3193 533 3234 non
550 3178 590 3234 ite
607 3193 710 3249 pancos
728 3177 840 3247 reperiri
857 3177 1033 3248 explicandos
1052 3192 1086 3232 ex
1098 3191 1181 3232 uersu
1198 3176 1339 3248 archetypi
1352 3177 1547 3234 elomentorum
1565 3179 1636 3236 inter

200 3287 340 3343 XXXXII
357 3291 385 3341 et
403 3285 549 3356 XXXlll³‚
568 3289 600 3340 ut
617 3283 759 3356 archetypi
777 3297 874 3339 uersus
891 3283 983 3356 paullo
1001 3283 1108 3354 longior
1124 3282 1210 3340 tubae
1226 3282 1353 3340 uideatur
1370 3299 1452 3354 quam
1471 3289 1515 3340 eet
1525 3285 1635 3342 Floren-

201 3395 255 3449 tini
273 3393 367 3463 ipaine.
386 3422 418 3432 -
438 3390 524 3448 Simili
543 3391 749 3446 ratiocinatione
767 3387 883 3446 lemae
901 3389 1026 3460 indagari
1043 3391 1159 3462 poterit,
1180 3395 1248 3461 quot
1265 3391 1369 3448 Iltteraa
1386 3391 1413 3446 in
1432 3391 1547 3462 siugulis
1564 3391 1635 3449 tollis

201 3499 331 3556 habuerit
347 3498 435 3554 codex
453 3499 491 3567 is,
515 3512 550 3552 ex
574 3513 628 3568 quo
646 3497 819 3553 Florentinus
841 3497 994 3568 descriptae
1012 3502 1063 3554 est
1095 3497 1200 3554 scilicet
1217 3498 1294 3554 locus
1313 3497 1420 3568 11857,
1434 3499 1467 3554 19
1481 3499 1587 3570 -861,
1601 3501 1635 3556 10

201 3609 243 3663 ita
268 3605 372 3662 medius
396 3611 439 3660 eet
455 3606 526 3660 inter
544 3605 614 3660 duos
632 3603 722 3660 hiatus
740 3619 868 3674 magnos,
892 3609 923 3660 ut
946 3603 1086 3675 probabile
1109 3605 1145 3659 sit
1169 3619 1217 3660 eos
1235 3609 1310 3660 ortos
1328 3619 1389 3660 esee
1407 3619 1442 3660 ex
1460 3619 1545 3661 musa
1562 3621 1634 3662 com·

201 3713 294 3782 muni,
317 3727 415 3782 nempe
433 3712 544 3768 interitu
562 3711 687 3768 loliorum
706 3709 821 3767 duorum
846 3711 910 3766 olim
929 3711 1149 3782 coniunctorum,
1174 3726 1288 3782 qnorum
1314 3711 1427 3766 alterum
1451 3711 1527 3768 illum
1545 3711 1635 3768 locum

200 3820 395 3891 praecederet,
417 3819 532 3874 altarum
551 3817 772 3889 subsequeretur.
800 3818 854 3872 iam
873 3833 935 3873 cum
954 3818 1000 3872 illa
1017 3832 1091 3888 quae
1106 3818 1196 3875 media
1219 3823 1284 3874 aunt
1306 3817 1457 3874 litterarum
1478 3819 1636 3875 contineant

201 3928 295 3998 paullo
314 3942 397 3997 supra
408 3925 435 3980 X
447 3925 522 3982 milla
539 3930 647 3996 praeter
662 3923 784 3980 rubritas
796 3923 875 3994 duas,
894 3923 941 3980 nbi
958 3940 1052 3981 sumas
1064 3924 1131 3982 hacc
1149 3924 1204 3981 duo
1217 3923 1282 3982 folia
1294 3924 1434 3997 archetypi
1447 3926 1634 3997 occupantur,

202 4215 260 4248 snm
278 4194 316 4259 N,
335 4212 389 4247 som
408 4193 433 4246 F
448 4225 477 4232 -
497 4193 605 4255 329,18
624 4194 660 4245 ait
677 4191 720 4257 N,
745 4211 792 4246 om.
806 4193 831 4246 F
847 4223 877 4231 -
898 4193 959 4258 335,
977 4193 994 4245 3
1012 4193 1171 4261 peculiariter
1188 4191 1231 4260 N,
1252 4201 1276 4248 ei
1293 4199 1360 4248 recte
1378 4197 1466 4248 lectam
1485 4201 1533 4259 ert,
1556 4211 1633 4262 pecu·

201 4286 277 4337 lister
295 4285 322 4337 F.
342 4315 373 4324 —
398 4283 682 4335 Pemnrerel'eldenaibus
706 4282 802 4334 laciniis
826 4283 956 4349 per-parnis
980 4301 1030 4336 non
1053 4284 1141 4335 mirum
1165 4295 1204 4336 eat
1226 4284 1396 4337 Florentinam
1418 4283 1550 4336 lectionem
1572 4302 1633 4336 nus·

202 4391 278 4441 quam
296 4372 433 4424 emendari

257 4465 267 4498 ¹
292 4462 383 4513 Hiatus
406 4461 514 4512 minores
538 4479 554 4512 a
577 4458 657 4528 primo
679 4459 780 4512 librario
804 4459 897 4524 relicti,
921 4469 1010 4527 postea
1032 4477 1093 4512 nero
1118 4460 1151 4512 ab
1175 4462 1336 4514 emendatore
1361 4461 1453 4529 expleti
1476 4463 1635 4528 reperiuntur

203 4569 261 4605 ec.
281 4551 388 4612 Itala,
400 4551 443 4601 34.
467 4549 528 4613 476,
540 4551 566 4601 4.
590 4549 651 4612 496,
663 4549 706 4602 36.
737 4548 796 4601 alibi
815 4549 992 4615 (11,885‚32:
1017 4549 1049 4600 cs.
1062 4549 1082 4611 1,
1095 4549 1138 4611 48,
1151 4551 1196 4618 32>
1222 4552 1304 4617 spatia
1327 4568 1408 4602 uacua
1427 4551 1515 4603 relicta
1533 4560 1591 4603 sunt
1608 4551 1634 4604 in

204 4643 303 4702 codice,
322 4658 378 4692 cunr
396 4639 457 4691 nihil
476 4639 549 4690 desit.
654 4639 755 4691 ‘uelis
773 4639 884 4705 reperies
903 4639 923 4701 Ι,
942 4637 1059 4701 571,21.
1082 4638 1143 4700 580,
1156 4639 1181 4690 8.
1206 4639 1321 4702 696,19.
1346 4637 1463 4702 69712.
1488 4639 1521 4702 11,
1535 4639 1596 4703 243,
1608 4641 1634 4693 2.

203 4730 321 4793 abaco.
348 4727 409 4790 274,
427 4729 451 4781 3.
478 4728 540 4791 362,
561 4725 601 4780 17.
627 4728 749 4789 44614.
777 4727 837 4789 735,
856 4727 898 4780 22.
926 4727 987 4790 744,
1005 4727 1048 4779 36.
1076 4727 1136 4789 763,
1152 4725 1195 4780 27.
1218 4727 1340 4790 891,28,
1367 4729 1427 4778 item
1450 4727 1509 4780 alibi
1532 4731 1634 4796 passim.

203 4820 215 4855 ⁸
231 4819 370 4870 XXXXH:
389 4818 409 4879 1,
425 4817 483 4879 125,
498 4817 539 4870 16.
561 4819 619 4880 142,
629 4819 654 4869 5.
673 4816 733 4879 273,
744 4815 786 4867 28.
806 4817 838 4878 11,
852 4817 894 4882 74,
908 4816 932 4868 8.
951 4815 1012 4878 802,
1027 4817 1066 4867 13.
1081 4845 1110 4853 -
1126 4816 1251 4868 XXXXI:
1270 4817 1303 4878 11,
1316 4817 1359 4880 94,
1369 4817 1412 4894 38.
1425 4847 1457 4856 -
1471 4817 1633 4870 XXXVIIII:

204 4908 236 4971 11,
249 4909 293 4970 62,
307 4907 350 4960 38.
372 4905 486 4968 12012.
507 4936 536 4944 -
562 4907 711 4958 XXXVIII:
737 4906 757 4968 Ι,
770 4905 831 4968 204,
845 4906 887 4958 39.
906 4905 939 4968 11,
952 4907 995 4968 83,
1010 4908 1033 4958 1.
1055 4905 1169 4968 100,13.
1189 4937 1220 4944 -
1240 4905 1376 4957 XXXVII:
1398 4905 1431 4968 II,
1444 4905 1487 4968 74,
1499 4905 1525 4960 8.
1537 4906 1580 4960 49.
1602 4937 1632 4946 -

205 4997 330 5049 XXXVI:
348 4996 381 5060 11,
394 4995 456 5058 283,
472 4995 512 5047 12.
533 5025 562 5035 -
583 4995 719 5048 XXXIIIl:
738 4995 771 5058 11,
785 4994 828 5058 74,
841 4995 884 5048 38.
904 5025 934 5034 -
954 4995 1079 5048 XXXIII:
1097 4997 1130 5058 11,
1143 4995 1203 5056 306,
1218 4996 1258 5047 15.
1276 4993 1337 5060 566,
1350 4995 1393 5048 39.
