3770 5544
167 309 418 360 monreomno
840 285 925 366 233
1375 289 1431 356 VII
1454 289 1592 356 25-10

130 450 149 510 5
222 448 315 506 omne
337 447 406 506 iibro
428 451 546 521 repono
569 449 607 505 ad
625 448 744 504 ediatrrm
762 447 936 520 proninoieie.
971 453 1001 504 et
1018 449 1042 504 ai
1059 445 1204 504 tradiderit
1221 447 1302 504 moui
1317 447 1436 519 proprie-
1455 440 1593 531 Q
1612 454 1654 510 'E

165 543 252 594 tatem
276 538 395 594 dedneto
416 555 469 594 mu
491 537 595 608 stratu,
618 537 701 595 mitio
719 539 808 594 minue
825 543 904 609 putat
920 538 1040 623 ipiianue
1058 537 1229 608 adcrescere,
1253 551 1304 594 neo
1321 537 1408 593 uideri
1424 551 1526 593 nouum
1543 535 1594 591 tssri

165 627 274 698 adquiri
290 643 371 682 neam
388 625 515 684 irnemm.

129 719 148 775 6
220 716 371 772 Umatia
387 716 457 773 ntro
474 717 591 787 septimo
609 716 715 772 deeimo
733 715 770 771 ad
781 713 920 770 Sabinum.
946 715 1022 771 Idem
1041 720 1070 770 ot
1086 715 1110 770 ei
1124 715 1198 786 apud
1210 731 1293 770 unum
1305 729 1341 771 ex
1351 714 1439 771 moue
1456 710 1593 800 Q
1626 723 1646 778 s

132 819 146 862 1
164 803 323 862 menum
345 805 530 862 oonaoiidatna
554 805 591 860 eit
608 821 675 862 aeae
693 803 807 860 irnetm
844 803 941 860 Sedet
959 804 1173 874 aniproprietaa
1191 804 1309 860 deduoto
1326 819 1378 860 me
1395 803 1486 860 &notu
1503 805 1626 874 legatae

164 895 203 950 eit
220 899 250 950 et
267 893 333 949 mihi
350 910 415 965 pare
432 909 499 949 uene
518 892 629 964 ῐτιιοΐιιο,
647 893 796 950 uidendum
814 893 873 962 erit,
892 908 927 949 en
944 893 1015 948 inter
1032 907 1075 948 me
1094 897 1123 948 et
1140 892 1267 950 heredem
1285 894 1328 949 ine
1346 893 1522 950 adereaeendi
1534 906 1593 947 uer·

132 996 147 1041 a
164 988 255 1038 eatur:
274 988 304 1039 et
320 995 416 1038 uerum
428 988 479 1053 eat,
497 987 536 1052 et,
555 983 678 1052 quiaquia
690 983 819 1052 amiserit,
837 981 873 1037 ad
883 981 1077 1052 proprietatem
1089 985 1241 1037 reuertatur
1247 983 1267 1036 ¹.
1294 979 1323 1036 Si
1335 981 1400 1036 mihi
1413 997 1479 1038 aaut
1490 980 1595 1037 deeora

164 1071 244 1128 fundi
266 1087 348 1142 pure,
371 1069 422 1127 tibi
439 1069 492 1127 enb
509 1070 668 1127 eondieione
685 1071 793 1140 legatus
811 1071 859 1140 eit,
882 1074 975 1140 petant
991 1069 1045 1125 diei
1063 1071 1148 1126 totino
1166 1067 1244 1126 fundi
1261 1085 1341 1126 mem
1359 1069 1478 1126 stnemm
1497 1068 1533 1125 ad
1550 1083 1595 1125 me

163 1161 303 1232 pertinere
321 1160 429 1216 interim
447 1165 476 1214 et
493 1160 517 1214 ei
534 1160 623 1231 eapite
641 1160 763 1216 minutae
779 1158 865 1230 daero,
883 1159 989 1215 totnm¹
1006 1160 1144 1216 amittere:
1163 1159 1212 1215 aad
1230 1159 1254 1214 ai
1273 1159 1393 1214 extiterit
1404 1158 1536 1229 eondioio,
1554 1163 1594 1214 to

163 1254 225 1305 term
248 1265 329 1306 naum
353 1246 471 1305 fidetem
490 1248 526 1303 ad
543 1253 572 1303 te
589 1249 737 1319 pertinere,
761 1249 785 1304 ei
802 1246 872 1304 forte
890 1248 980 1318 eapite
997 1247 1154 1304 deminutae
1171 1263 1245 1317 aum,
1269 1253 1390 1303 aeterum
1408 1263 1470 1304 oum
1488 1249 1517 1302 in
1533 1263 1595 1304 meo
1616 1261 1643 1301 ιο

163 1341 242 1394 etate
259 1352 366 1408 maneo,
384 1337 638 1394 eommunieandnm
655 1353 735 1394 mam
752 1335 879 1394 fruetnm.

127 1428 145 1486 7
220 1424 426 1482 remordero
443 1425 524 1482 tertio
542 1426 578 1481 ed
590 1425 729 1482 Sabinum.
756 1425 785 1482 Si
800 1426 861 1496 quie
873 1423 951 1481 Attio
962 1429 992 1482 et
1003 1423 1149 1480 heredibus
1161 1425 1218 1480 euin
1229 1439 1310 1480 neum
1322 1423 1439 1480 irnetnm
1459 1419 1596 1510 [teT-‚r
1627 1431 1647 1486 s

163 1516 314 1586 degenerit,
332 1513 472 1570 dimidiam
489 1514 596 1585 Atrine,
614 1513 753 1570 dimidiam
771 1513 885 1570 heredes
902 1513 1055 1569 habebunt:
1073 1513 1148 1584 qnod
1165 1514 1189 1568 ri
1206 1514 1246 1568 ita
1263 1514 1393 1584 seriptum
1411 1515 1448 1570 ait
1466 1513 1550 1572 'Attio
1568 1519 1596 1570 et

163 1603 238 1660 ‘Seio
256 1619 320 1658 enm
337 1601 485 1660 heredibus
503 1603 587 1674 meir',
605 1609 662 1659 trae
680 1607 772 1673 portet
790 1601 864 1673 fient,
882 1609 914 1659 at
931 1617 1013 1658 anem
1031 1601 1151 1658 habeant
1162 1601 1284 1673 heredes,
1302 1604 1411 1660 tertiam
1423 1603 1525 1673 Attius,
1542 1609 1594 1658 ter·

163 1694 233 1748 tiam
246 1691 340 1748 Seiae:
358 1707 410 1748 neo
427 1694 499 1748 enim
517 1692 633 1748 intereat
649 1693 689 1747 ita
705 1691 812 1762 legetur
826 1691 871 1747 ilii
883 1692 960 1747 atilli
972 1707 1034 1747 oum
1046 1689 1162 1747 itaeeid
1174 1692 1262 1747 mita
1278 1692 1322 1747 'iili
1337 1697 1367 1747 et
1382 1691 1419 1747 iili
1431 1689 1594 1748 etiineuio'.
1615 1706 1644 1747 ιο

127 1783 146 1841 8
219 1781 372 1838 emmens
389 1779 458 1838 hiero
476 1782 593 1852 septimo
611 1780 717 1838 deeimo
735 1779 770 1836 ad
788 1779 927 1836 stonum.
956 1779 984 1836 Si
1002 1780 1107 1836 mulieri
1125 1795 1186 1836 eum
1204 1779 1297 1836 liberie
1315 1775 1595 1866 Q
1626 1787 1647 1842 s

164 1871 225 1926 enit
242 1885 312 1925 mne
329 1867 434 1925 innam
452 1871 567 1940 tegetur,
585 1869 694 1926 amittit
711 1868 803 1924 liberie
821 1883 855 1924 ea
865 1883 945 1924 usum
957 1866 1075 1925 stnomm
1087 1868 1183 1925 habet:
1201 1869 1251 1924 red
1263 1873 1292 1926 et
1303 1877 1389 1931 matre
1401 1875 1509 1927 mortua
1518 1869 1596 1926 liberi

165 1961 228 2016 eina
245 1959 333 2016 nihilo·
348 1959 438 2014 minae
454 1973 535 2014 mum
553 1957 672 2014 deatum
688 1957 791 2014 habent
807 1959 865 2014 iare
882 1957 1066 2014 edereaeendi.
1094 1973 1157 2014 narn
1175 1959 1335 2016 otimiano·
1347 1958 1416 2015 libro
1426 1959 1473 2014 tri·
1492 1953 1596 2044 Q

165 2049 311 2119 gennimo⁸
328 2047 498 2118 digestorum
515 2048 557 2104 ait
572 2047 646 2103 idem
665 2047 878 2116 intellegendum
889 2049 918 2103 in
928 2063 970 2118 eo,
989 2047 1035 2117 qni
1046 2047 1119 2103 roioe
1131 2046 1230 2103 liberor
1242 2047 1356 2104 heroden
1367 2049 1514 2119 eeripaerit,
1531 2048 1596 2103 lieet

164 2153 222 2194 non
245 2143 278 2194 nt
300 2137 447 2207 tegmento·
468 2151 516 2193 eoa
534 2137 728 2206 nominanorit,
751 2135 802 2192 aad
819 2141 850 2192 nt
867 2135 1025 2192 ostenderet
1042 2137 1131 2208 magia
1148 2137 1219 2192 nette
1237 2151 1268 2192 ee
1285 2141 1400 2192 matrem
1418 2137 1457 2192 ite
1474 2136 1541 2208 irni,
1565 2141 1596 2192 nt
1615 2149 1644 2192 ro

163 2227 267 2283 lr'beree
285 2241 380 2282 seeum
396 2223 497 2282 habeat
513 2224 660 2281 tuentem.
697 2223 747 2280 ead
764 2231 795 2280 et
811 2226 976 2296 Pomponius
994 2227 1130 2296 quante
1154 2225 1219 2296 quid
1237 2226 1261 2280 ni
1279 2226 1356 2282 mixti
1373 2223 1476 2282 inerint
1505 2229 1596 2276 ureae

164 2315 244 2372 tiberi
268 2316 315 2370 et‘
331 2315 454 2370 extranei
474 2313 610 2370 heredes?
642 2317 672 2370 et
693 2314 732 2369 eit
753 2312 824 2370 ddoe
846 2315 991 2384 legatumne
1009 2329 1071 2370 esee
1088 2314 1301 2384 intellegendo·²
1319 2320 1349 2370 et
1364 2329 1415 2386 per
1431 2329 1494 2378 οοι-
1512 2312 1597 2402 Q

164 2405 294 2474 mum,
319 2403 343 2458 ei
365 2403 453 2460 uetuit
476 2417 524 2458 eoe
545 2401 646 2458 liberos
663 2403 743 2458 timul
761 2417 826 2458 oum
842 2407 929 2458 matre
945 2401 1012 2474 imi,
1034 2403 1135 2460 debere
1153 2403 1207 2459 diei
1224 2407 1339 2459 matrem
1357 2404 1516 2474 teme-man
1535 2419 1596 2462 eoae

163 2491 378 2562 intellegendam
397 2497 426 2548 et
443 2505 492 2561 per
509 2493 601 2548 omnia
618 2491 734 2548 timitem
752 2505 815 2548 eoae
832 2497 861 2548 et
877 2492 906 2547 in
923 2491 977 2548 hoo
992 2507 1059 2548 aean
1076 2493 1143 2548 iuria
1159 2498 1297 2550 euentum.
1616 2508 1645 2548 ιο

128 2587 146 2644 9
217 2581 393 2660 moerus
413 2579 483 2636 libro
506 2583 601 2651 quinto
625 2581 823 2652 quamtienum.
860 2579 889 2636 st
910 2581 1062 2650 proprietas
1085 2580 1162 2636 fundi
1182 2581 1298 2652 duobos,
1317 2575 1596 2665 ΜΒ
1626 2590 1662 2644 S·

165 2685 234 2726 naue
251 2667 359 2726 ἰιιιοοιιο
376 2670 423 2726 uni
439 2670 547 2739 legatur
565 2670 609 2740 ait,
627 2685 683 2726 non
699 2670 813 2726 trientes
824 2667 852 2726 in
866 2685 917 2725 nan
929 2667 1020 2724 duom
1031 2669 1142 2738 habent,
1159 2669 1209 2725 aed
1221 2669 1362 2727 οοιιιίοοοιιι
1374 2671 1437 2742 duo,
1456 2674 1596 2730 eemieeem

164 2757 346 2816 ἠοοοιιοιίιιοο
364 2758 429 2814 item
448 2765 550 2829 eontra,
569 2759 593 2814 ei
611 2759 665 2814 dno
682 2757 823 2814 innotuerit
838 2761 870 2840 et
886 2773 958 2814 onae
975 2756 1052 2814 fundi
1070 2759 1218 2828 legatarius
1235 2760 1279 2815 eit

113 2853 149 2911 10
219 2847 373 2904 umeros
390 2846 458 2902 libro
476 2848 592 2918 septimo
610 2847 717 2904 deeimo
735 2846 771 2903 ad
788 2847 917 2903 edietum.
947 2847 1087 2903 Interdum
1105 2863 1169 2918 para
1186 2863 1254 2903 uena
1271 2846 1376 2906 irnotm
1393 2854 1424 2905 et
1441 2845 1597 2934 ᾔοῗιοᾟῑο
1629 2857 1668 2936 ss

41 3009 47 3016 ,
165 2953 223 2995 ιιοιι
240 2935 353 2992 habenti
370 2941 477 3007 pentem
491 2951 578 3006 enam,
597 2936 647 2992 aed
659 2937 794 2992 amittenti
806 2936 953 2992 adoraret:
971 2951 1035 2992 nam
1047 2937 1071 2991 ai
1082 2951 1149 2991 nane
1161 2933 1266 2996 tuem
1277 2936 1385 2994 duobus
1396 2927 1597 3010 ment—remiis

166 3031 196 3082 et
214 3027 284 3082 aiter
301 3026 349 3081 lite
367 3027 539 3082 οοιιΐοοιιοοοο8
557 3026 678 3081 amiserit
695 3041 776 3081 neum
793 3023 919 3094 fructum,
937 3039 1002 3081 mox
1019 3029 1048 3080 et
1065 3025 1264 3097 eollegatariue,
1283 3027 1330 3095 qui
1341 3027 1415 3083 litem
1428 3034 1598 3085 oonteatatne
1616 3040 1646 3081 ιο

166 3129 223 3170 ιιοιι
248 3118 322 3184 erat,
344 3129 426 3170 neem
446 3113 564 3170 fructum
583 3114 687 3184 amitit,
710 3119 816 3184 partem
834 3113 972 3170 dimidimn
991 3113 1146 3184 dumtaxat,
1169 3129 1251 3183 quam
1269 3115 1361 3170 emirit
1378 3117 1424 3186 qui
1441 3117 1515 3173 litem
1534 3133 1596 3175 eon·

165 3206 286 3258 testatem
303 3206 348 3258 eat
365 3202 498 3260 adeamne
515 3217 578 3259 enm
596 3203 643 3274 qui
661 3217 691 3268 ee
709 3203 752 3260 liti
767 3203 879 3274 optulit,
898 3217 916 3259 t
932 3217 1091 3274 pomereto
1108 3203 1295 3274 eonaeqnitur:
1313 3221 1377 3275 pera
1391 3206 1463 3262 enim
1480 3207 1597 3278 eollege-

164 3299 347 3372 FIHVLW]

168 3445 176 3476 ¹
195 3444 350 3496 reuertatur
368 3441 467 3506 (edd.)?
536 3443 549 3476 ²
567 3457 610 3497 me
630 3449 675 3496 im.
738 3443 751 3478 ⁸
787 3443 862 3498 ulnto
881 3451 927 3498 tna.
947 3442 1029 3509 (flat.)
1094 3445 1105 3477 ⁴
1123 3443 1147 3497 ai
1165 3443 1270 3500 nmieri
1351 3441 1482 3513 mnenon]
1500 3445 1597 3506 Nouia·

166 3513 236 3567 eime
254 3511 329 3582 quod
347 3513 386 3566 eit
404 3510 530 3580 Sabinus,
549 3513 573 3568 ai
590 3514 668 3566 nxori
686 3527 748 3568 oum
761 3513 780 3567 1ι
816 3514 852 3568 rie
865 3529 931 3568 uene
943 3511 1048 3568 fruetus
1060 3514 1173 3584 legetur,
1191 3514 1299 3569 amiaeie
1310 3513 1404 3570 liberie
1416 3531 1476 3572 eam
1487 3514 1597 3586 habere,

165 3584 248 3653 qneie
266 3583 303 3637 ait
320 3581 478 3637 uidendum.
508 3589 536 3637 et
550 3585 577 3638 ei
595 3583 704 3653 quidem
724 3582 759 3640 do
776 3585 838 3653 lego
857 3585 976 3654 legetur,
995 3585 1105 3638 tametsi
1122 3585 1184 3654 quin
1201 3583 1271 3640 fllioe
1288 3585 1434 3655 legatarios
1452 3587 1597 3658 adceperit,

166 3656 226 3710 aine
244 3654 330 3710 dubio
347 3655 436 3708 ionum
454 3653 566 3710 habebit
583 3661 694 3725 propter
711 3656 754 3710 ine
772 3656 960 3710 adoreeeendi:
979 3653 1028 3710 ned
1040 3655 1063 3710 oi
1075 3656 1198 3726 legatarii
1210 3671 1264 3712 non
1277 3655 1385 3726 inerint,
1403 3658 1489 3713 multo
1500 3659 1597 3728 magia,

166 3725 297 3794 qnoniam
341 3781 342 3792 ,
394 3742 421 3780 ιιι
440 3725 466 3780 ei
483 3741 538 3782 non
550 3724 680 3796 fenerent,
699 3728 808 3784 temetsi
819 3741 883 3784 oum
898 3732 1089 3784 eanterentnr.
1117 3731 1204 3784 matre
1215 3733 1307 3785 eutem
1319 3734 1435 3798 mortua,
1453 3729 1477 3784 ei
1488 3730 1597 3799 quidem

166 3797 293 3866 legatarii
341 3800 429 3864 amnt,
447 3798 497 3852 aoli
515 3796 655 3852 habebunt
672 3799 731 3853 iure
749 3797 937 3853 adoreaoendi:
956 3799 980 3853 ei
991 3798 1114 3868 heredes,
1132 3800 1257 3855 nonime
1269 3799 1454 3871 adoreeeendi,
1472 3801 1522 3856 aed
1539 3801 1598 3856 iure

167 3867 293 3938 dominii,
318 3868 341 3922 ei
359 3867 460 3924 fundus
479 3883 573 3924 eorum
591 3873 646 3938 eet,
670 3869 736 3938 ipaie
755 3869 900 3938 adereaeit,
920 3869 961 3924 ein
980 3870 1083 3938 minue,
1102 3869 1211 3926 domino
1228 3871 1415 3941 proprietatis:
1439 3871 1488 3926 aed
1506 3871 1529 3926 ei
1547 3887 1599 3928 neo

167 3938 283 3994 heredes
301 3937 411 3993 inerunt
427 3953 479 3994 neo
496 3939 628 4010 legatarii,
647 3939 712 3994 nihil
729 3939 877 3996 habebunt
903 3950 961 4012 poet
979 3944 1032 3996 ntia
1050 3942 1081 3996 de
1098 3944 1180 4012 cepeto
1197 3962 1244 4014 per
1262 3943 1463 3996 damnationem:
1481 3941 1598 3998 Sabinus

166 4015 242 4066 eerte
255 4009 347 4065 uerbis
359 4010 418 4064 iotis
431 4025 485 4065 non
497 4011 624 4080 eemndit,
637 4015 727 4066 utrnm
740 4013 835 4078 (libert)
846 4011 970 4082 legatarii
982 4010 1083 4066 fuerint
1094 4027 1188 4067 neone.
1217 4011 1266 4067 aed
1278 4013 1399 4067 Iulianae
1410 4013 1479 4068 libro
1490 4013 1599 4070 XXXV

167 4081 337 4152 digestorum
356 4082 442 4136 relata
455 4079 547 4136 Sebini
567 4083 701 4152 eeriptnra
718 4083 757 4136 eit
774 4083 983 4152 intellegendum
1003 4097 1073 4152 eum,
1091 4083 1138 4152 qni
1156 4084 1229 4138 eoioe
1247 4082 1346 4140 iiberoe
1364 4083 1478 4138 heredee
1496 4084 1598 4156 scribit,

167 4167 222 4208 non
240 4157 274 4206 nt
290 4152 484 4222 legatariorum
503 4151 601 4208 ieoieee
620 4153 798 4224 mentionem,
817 4153 866 4209 aed
884 4160 915 4208 ut
931 4154 1090 4209 ostenderet
1106 4155 1194 4223 megia
1212 4159 1325 4210 matrem
1346 4155 1385 4210 ita
1402 4169 1432 4210 ee
1449 4156 1519 4210 uelle
1537 4155 1598 4226 irai,

166 4229 198 4278 ut
215 4223 318 4278 liberor
335 4239 429 4278 seeum
447 4223 548 4278 habeat
569 4223 634 4289 Uet,
652 4225 697 4278 ets·
713 4233 852 4297 repetuntur
869 4228 922 4279 alie
938 4226 969 4280 da
982 4225 1067 4280 eodm
1078 4232 1226 4295 nrpumento
1297 4228 1308 4262 ¹
1326 4226 1375 4280 aed
1393 4231 1423 4280 et
1434 4227 1599 4298 Pomponius

166 4295 283 4364 queem]
300 4309 365 4364 ego,
383 4295 472 4364 inquit
488 4295 662 4364 Pomponiae,
680 4310 782 4364 quaero
803 4295 860 4350 Uet.
923 4295 1029 4351 ⁸liberi
1047 4295 1084 4364 et]
1103 4293 1195 4350 hirenis
1215 4295 1273 4350 Uet.
1336 4298 1346 4330 ⁷
1364 4295 1434 4353 tilios
1452 4298 1598 4366 legatarios

168 4378 231 4420 eoae
248 4365 456 4436 intellegendae]
473 4365 544 4422 tilios
561 4382 611 4436 pro
629 4367 768 4436 legatariis
785 4365 925 4422 habendos
948 4373 977 4422 et
996 4367 1095 4421 mortni
1111 4373 1217 4437 partam
1236 4365 1418 4438 interimerem,
1443 4369 1597 4425 Aristonem

167 4441 261 4492 antem
279 4436 411 4492 adnotare
428 4437 497 4492 haee
514 4452 581 4492 uera
597 4453 672 4493 eaeo:
691 4443 720 4492 et
737 4441 801 4493 eant
818 4452 884 4493 uera
904 4439 961 4493 Uat.
1021 4440 1033 4475 ⁸
1051 4437 1184 4493 aduereua
1201 4453 1264 4493 eum
1282 4439 1369 4509 quiae
1381 4439 1422 4494 liti
1434 4441 1532 4509 optulit
1551 4451 1597 4497 οιι.

167 4571 256 4624 duan
273 4567 363 4625 iruoto
380 4571 422 4623 P⁰
475 4571 491 4624 'i
515 4569 674 4626 aduertamr
698 4572 732 4624 Ρ
754 4571 856 4638 ΙἸὶοοιιι
909 4570 1058 4626 aeoundam
1069 4571 1210 4635 tioiueP⁸,
1225 4571 1336 4626 alteram
1348 4572 1429 4628 tioine
1446 4571 1488 4639 V',
1501 4583 1549 4628 ine.
1563 4573 1598 4628 V·

166 4639 202 4696 in’
221 4641 245 4695 ri
263 4640 328 4695 mihi
345 4639 382 4694 F*
422 4642 527 4711 Spero
537 4646 567 4696 et
577 4641 627 4698 trini
644 4643 699 4696 PV
739 4644 770 4697 11
783 4657 856 4698 eom-
910 4642 1597 4713 lomim]FL,neuinnPVU10ti11iet]etP·

167 4711 331 4768 mrmioando
349 4712 391 4765 P‘·
439 4713 473 4766 12
492 4713 568 4782 attio]
588 4713 670 4768 atiaio
687 4713 774 4778 ΡΨ,
792 4714 856 4770 tioio
909 4715 944 4768 20
966 4713 1150 4769 numerauerit
1168 4712 1238 4778 ΡΨ,
1261 4722 1311 4768 tm.
1328 4715 1362 4768 V·
1414 4715 1449 4770 22
1471 4723 1501 4770 et
1518 4721 1586 4770 extr.

166 4781 303 4838 P‘Vw
352 4784 386 4838 13
404 4782 544 4838 dimidiam
560 4783 642 4838 tioiue
659 4783 798 4850 P‘VLW,
816 4785 856 4840 di·
909 4789 977 4840 extr.
989 4785 1030 4838 Ρ·
1045 4787 1050 4852 Ι
1066 4789 1094 4839 et
1106 4784 1153 4853 ait]
1172 4785 1212 4840 ait
1223 4789 1252 4840 et
1267 4785 1323 4840 Uet
1340 4786 1344 4851 Ι
1359 4801 1410 4856 per
1423 4785 1586 4841 eontrarium

166 4853 279 4908 midiam
292 4854 380 4909 tooiue
396 4855 437 4919 U·,
456 4873 504 4908 om.
517 4856 558 4909 P·
573 4857 578 4920 Ι
593 4855 672 4924 ettio]
689 4855 856 4922 atioioP·V,
909 4855 1083 4912 eaontrario
1110 4857 1138 4909 P
1196 4857 1231 4912 23
1254 4856 1349 4926 uoluit]
1372 4855 1457 4922 ΡΨ,
1482 4856 1598 4912 uoluerit

166 4925 232 4979 tioio
255 4924 349 4979 P‘LU
399 4925 435 4980 14
457 4926 535 4995 meio]
559 4927 587 4990 Ρ,
612 4932 640 4981 et
662 4927 752 4982 meuio
773 4929 856 4994 PLU,
908 4925 1197 4998 F·P⁸LU1matrem]
1216 4933 1330 4982 matrem
1349 4924 1402 4982 imi
1419 4927 1461 4982 P·
1504 4929 1539 4982 24
1557 4927 1596 4982 in·

167 4995 232 5050 aar&
245 4997 301 5051 τῶοο
314 4995 486 5068 κλιιροιοὸιοωοο
503 4997 713 5065 οιογΒ(Διιοοο)
728 5001 733 5066 Ι
748 4999 856 5054 tertiam
909 4998 1457 5068 tellegendan1dioendani²1inom1³
1488 4999 1549 5054 28³

168 5067 261 5137 attiae]
280 5067 392 5124 tertiam
408 5069 506 5124 etiaim
519 5067 569 5133 P·,
584 5068 693 5124 tertiam
706 5069 787 5126 tioiue
798 5071 857 5136 tv,
909 5071 976 5126 timo
994 5069 1109 5141 doeimol
1128 5070 1166 5126 nii
1183 5070 1212 5124 P
1253 5070 1290 5124 30
1307 5068 1413 5138 eodem]
1431 5069 1484 5140 teg.
1503 5071 1543 5124 P·
