3734 5578
184 259 229 306 ιιι
250 259 397 308 ansanus
419 261 553 311 msaars
854 239 940 320 737
1389 248 1478 314 XXV
1499 251 1519 314 3
1540 257 1617 310 1-e

183 397 310 468 quidem,
332 399 462 455 ouswdes
484 405 576 455 autem
596 397 708 454 arbitrio
724 398 823 454 iudicis
840 414 894 456 non
913 399 1065 472 admiserit,
1088 400 1204 458 liberum
1222 406 1266 457 est
1284 403 1381 458 manto
1398 405 1540 474 parentius
1559 405 1618 461 eius

152 491 292 556 iparturn
314 503 369 542 non
392 503 550 557 agnoscere.
587 487 616 544 Si
640 489 736 544 mulier
753 504 814 544 esse
833 503 863 543 se
881 495 1056 560 praegnatem
1076 491 1148 546 intra
1164 491 1277 561 triginta
1295 491 1353 547 dies
1372 507 1427 548 non
1444 493 1548 548 denun·
1566 488 1617 576 ᾖ)

151 583 165 628 8
183 574 315 646 tiassuerit,
333 583 430 646 postea
448 577 611 634 denuntians
629 593 714 634 cansa
732 578 842 648 cognita
854 577 942 634 audiri
954 578 1074 634 debebit
1102 579 1173 646 Quin
1185 581 1268 636 immo
1281 585 1309 636 et
1321 581 1345 636 si
1356 581 1385 637 in
1396 585 1484 636 totum
1496 581 1619 636 omiserit
1634 585 1650 632 ι.
1662 588 1707 633 354

151 672 165 718 a
183 665 426 736 denuntiationem,
444 667 565 722 Iulianus
584 667 623 722 ait
640 665 705 722 nihil
723 665 775 722 boc
792 681 890 722 nocere
909 667 935 722 ei
953 667 1027 737 quod
1039 668 1137 724 editur.
1164 669 1231 724 Dies
1245 675 1335 724 autem
1349 669 1462 740 triginta
1480 666 1617 753 [W

137 761 165 808 ιο
183 755 327 811 οοοιιοοοι
350 755 475 825 accipere
500 754 632 810 debemus
655 771 690 810 ex
707 755 752 811 die
771 755 894 824 diuortii,
917 771 972 812 non
990 756 1079 812 utiles.
1116 757 1263 826 Eleganter
1281 762 1373 814 autem
1392 759 1465 829 apud
1483 749 1618 816 lulianum
1637 768 1650 810 ι

182 842 252 898 lrbro
270 859 342 900 nono
360 844 467 899 decimo
486 844 654 914 digestorum
673 845 820 914 quaeritur,
839 845 862 899 si
880 845 951 900 intra
968 845 1027 900 dies
1044 845 1157 916 triginta
1176 846 1272 901 mulier
1289 847 1387 904 marito
1405 863 1460 904 uon
1475 848 1618 917 denuntia·

183 933 254 988 uerit
277 937 306 987 et
330 933 401 988 intra
423 933 536 1002 triginta
559 937 666 1003 parturn
686 931 816 1002 ediderit,
841 949 877 988 an
894 937 1008 989 senatus
1025 933 1150 990 consulto
1167 933 1242 996 loeus
1260 935 1304 990 sit
1341 941 1370 990 et
1386 937 1425 992 ait
1442 937 1619 994 Plancianum
1642 957 1646 968 ·

182 1025 295 1076 senatus
313 1022 466 1076 consultum
486 1036 602 1090 cessare,
621 1021 738 1090 quiade
756 1036 789 1076 eo
807 1027 888 1090 partu
906 1037 961 1078 non
974 1023 1083 1078 uidetur
1094 1023 1204 1093 sentire,
1222 1024 1269 1092 qul
1281 1023 1353 1079 intra
1364 1023 1436 1080 diem
1448 1027 1618 1095 trigesimum

183 1114 325 1165 nascatur:
349 1110 450 1180 quippe
474 1111 533 1165 dies
555 1110 669 1180 triginta
692 1108 726 1164 ad
751 1109 966 1166 denuntiandum
991 1111 1148 1182 praestituit
1170 1115 1291 1168 senatus.
1324 1113 1374 1168 aed
1398 1113 1468 1169 bano
1487 1130 1544 1170 reru
1564 1130 1618 1171 non

135 1207 161 1250 rt
182 1196 274 1254 iacere
296 1198 493 1268 praeiudicium
516 1199 607 1269 partui
631 1196 754 1252 arbitror.
792 1198 1028 1265 Quemadmodum
1045 1200 1277 1269 percontrarium
1295 1201 1554 1258 simaritusuxore
1572 1204 1618 1258 de·
1637 1211 1665 1251 1⁰

182 1288 325 1342 nuntiante
343 1287 472 1344 custodes
490 1288 602 1356 miserit,
621 1287 723 1342 nullum
741 1287 938 1357 praeiudicium
956 1288 1008 1343 sibi
1026 1286 1100 1346 iacit.
1133 1288 1227 1344 licebit
1244 1289 1328 1358 igitur
1345 1290 1370 1345 ei
1387 1295 1495 1360 partum
1514 1293 1617 1348 editum

182 1391 217 1430 cx
236 1391 267 1431 ae
285 1391 385 1446 negare
404 1392 455 1432 nec
473 1377 500 1432 ci
517 1375 639 1445 nocebit,
663 1375 738 1446 quod
756 1381 879 1432 ueabcm
898 1377 1071 1434 custodierit:
1095 1381 1124 1432 et
1141 1377 1180 1432 ita
1197 1378 1341 1434 llarcellos
1357 1378 1426 1434 libro
1444 1381 1560 1450 septimo
1578 1381 1617 1436 di·

181 1471 323 1534 gestorum
341 1465 462 1536 scripsit:
482 1465 520 1520 ait
538 1465 618 1534 enim,
637 1464 695 1528 siue
714 1465 775 1534 quis
795 1468 878 1534 neget
889 1481 1001 1522 uxorem
1015 1465 1074 1521 siue
1086 1481 1162 1521 exse
1174 1471 1360 1536 praegnatem,
1380 1468 1617 1538 sinepraeiudicio

134 1563 163 1608 ιο
182 1557 256 1609 recte
276 1555 366 1608 mittet
383 1553 520 1622 custodes,
540 1554 658 1609 maxime
677 1553 700 1608 si
719 1553 851 1609 missurus
868 1554 896 1609 id
908 1555 998 1624 ipsum
1010 1558 1184 1624 protestetur.
1213 1555 1334 1610 lulianus
1345 1555 1414 1612 libro
1426 1571 1498 1612 nono
1511 1556 1617 1614 decimo

182 1643 352 1712 digestorum
371 1642 494 1711 scripsit:
513 1641 587 1711 quod
605 1646 718 1697 senatus
736 1643 860 1698 consulto
878 1643 1103 1713 comprehensum
1122 1649 1173 1714 est,
1192 1644 1215 1698 si
1232 1643 1329 1712 mulier
1345 1644 1404 1700 uiro
1416 1643 1618 1700 denuntiauerit
1636 1655 1664 1696 ιι

182 1747 212 1786 ιο
237 1748 272 1786 ex
296 1747 329 1786 eo
352 1731 512 1801 concepisse
536 1734 565 1785 et
585 1731 609 1786 is
627 1731 671 1786 cui
689 1729 878 1786 denuntiatum
896 1731 948 1786 erit
966 1731 1094 1788 custodes
1111 1732 1148 1787 ad
1166 1737 1289 1788 uenbem
1308 1733 1516 1789 custodiendum
1535 1735 1617 1804 inspi-

182 1819 365 1889 ciendumque
389 1835 443 1875 non
462 1820 581 1875 misserit
598 1834 686 1889 neque
705 1824 858 1876 contestato
876 1819 976 1876 dixerit
993 1836 1053 1876 eam
1072 1835 1107 1876 ex
1125 1835 1155 1876 se
1173 1825 1351 1891 praegnatem
1370 1837 1424 1876 non
1442 1837 1517 1892 esse,
1542 1828 1574 1878 ut
1591 1822 1617 1878 ci

182 1907 211 1962 id
229 1908 303 1978 quod
322 1909 426 1964 editum
444 1909 481 1964 sit
499 1923 648 1977 agnoscere
666 1908 702 1962 sit
720 1923 842 1978 necesse,
859 1924 915 1964 non
933 1923 966 1964 eo
983 1909 1109 1979 pertinet,
1127 1914 1167 1978 ιιι,
1185 1909 1209 1964 si
1226 1910 1302 1979 quis¹
1315 1925 1465 1979 agnoscere
1483 1927 1513 1966 sc
1532 1911 1616 1967 filium

181 1996 300 2067 diceret,
325 2013 404 2052 suum
422 1997 551 2054 beredem
570 1997 695 2067 baberet,
719 1998 845 2067 quamuis
863 2013 898 2053 ex
916 1999 969 2054 alio
987 2003 1136 2068 conceptus
1154 1998 1203 2052 sit:
1228 1997 1392 2068 quandoque
1410 2000 1495 2070 enirn,
1520 2001 1616 2072 inquit,

134 2097 161 2142 ιι
182 2086 274 2156 coepit
296 2101 380 2142 causa
398 2087 456 2156 agi,
480 2086 584 2156 grande
603 2085 797 2156 praeiudicium
816 2084 905 2140 adfert
922 2102 972 2156 pro
989 2085 1046 2142 filio
1064 2085 1200 2142 confessio
1212 2087 1323 2157 patris¹.
1358 2087 1436 2143 Idem
1448 2103 1497 2158 per
1509 2095 1615 2143 contra·
1636 2097 1665 2138 ιο

181 2175 252 2230 rium
271 2189 379 2244 quoque
398 2176 445 2245 ait,
464 2177 487 2231 ai
505 2175 601 2232 mulier
613 2175 731 2231 diuortio
743 2173 816 2230 iacto
827 2191 881 2230 non
894 2174 991 2231 iecerit
1001 2191 1043 2245 ea,
1061 2189 1132 2244 quae
1144 2180 1257 2231 senatus
1269 2176 1392 2232 consulto
1404 2177 1616 2248 praecipiuntur,

182 2269 214 2318 ut
231 2265 314 2320 liceat
330 2264 403 2334 patri
421 2279 475 2319 uon
493 2279 651 2334 agnoscere,
670 2280 724 2320 non
742 2279 775 2320 eo
793 2265 937 2334 pertinere,
956 2268 987 2318 ut
1003 2261 1076 2320 lilius
1094 2269 1175 2319 natus
1192 2279 1272 2320 suurn
1290 2279 1320 2319 se
1339 2264 1430 2320 dicere
1448 2281 1501 2320 uon
1520 2267 1616 2336 possit,

134 2363 162 2408 ιι
181 2353 232 2408 sed
257 2353 346 2408 adid
370 2357 491 2422 tantum,
514 2357 547 2408 nt
563 2353 603 2408 ita
619 2357 697 2424 pater
716 2354 788 2408 alere
805 2368 869 2408 eum
887 2356 1014 2422 cogatur,
1037 2353 1061 2408 si
1080 2353 1232 2408 eonstiterit
1249 2367 1317 2408 cum.
1331 2351 1415 2408 lilium
1434 2368 1503 2408 csse.
1539 2354 1616 2410 ldem

180 2441 304 2497 lulianus
322 2432 425 2512 scribit,
443 2443 467 2497 si
484 2457 569 2498 uxore
582 2442 759 2498 denuntiante
771 2457 801 2497 se
812 2447 989 2512 praegnatem
1002 2441 1115 2496 maritus
1128 2457 1182 2496 non
1194 2443 1344 2512 negauerit,
1363 2458 1418 2498 non
1429 2444 1524 2514 adque
1536 2459 1616 2499 suum

180 2532 221 2586 illi
239 2537 346 2600 partun
366 2529 450 2601 effici,
475 2530 627 2600 cogendum
647 2537 738 2586 tamen
756 2532 842 2586 alere:
866 2535 985 2586 ceterum
1005 2548 1058 2586 aare
1076 2530 1142 2584 sads
1160 2530 1319 2586 iniuriosum
1338 2532 1389 2600 ait,
1413 2533 1437 2587 si
1455 2532 1516 2602 quis
1534 2533 1616 2602 longo
1636 2541 1665 2582 ao

180 2625 306 2690 ternpore
330 2618 429 2676 afuerit
452 2625 480 2676 et
503 2635 628 2676 reuersus
650 2635 763 2676 uxorem
781 2624 958 2690 praegnatem
978 2619 1113 2674 inuenerit
1130 2623 1158 2673 et
1175 2619 1276 2676 idcirco
1294 2621 1431 2690 reiecerit,
1455 2621 1563 2690 siquid
1581 2635 1616 2676 cx

133 2719 162 2764 ιι
180 2709 233 2778 bis,
253 2723 324 2778 quae
342 2711 454 2764 senatus
473 2709 597 2765 consulto
615 2709 796 2779 continentur,
814 2707 944 2777 omiserit,
963 2721 1042 2762 suum
1060 2705 1189 2762 beredem
1209 2708 1233 2763 ei
1251 2709 1352 2764 nasci¹.
1382 2709 1425 2764 Ex
1438 2707 1481 2764 bis
1493 2715 1616 2779 apparet,

180 2799 242 2854 siue
265 2813 335 2853 uxor
356 2798 507 2866 omisserit,
530 2813 600 2868 quae
618 2813 679 2852 eam
698 2813 733 2852 er
751 2801 863 2852 senatus
881 2797 1005 2852 consulto
1023 2795 1170 2851 obseruare
1188 2797 1321 2866 oportuit,
1345 2795 1411 2852 nibil
1428 2797 1616 2866 praeiudicare

179 2885 247 2956 filio,
265 2887 289 2942 si
305 2885 377 2942 filius
395 2891 446 2956 eat,
466 2901 521 2942 noa
538 2891 645 2942 tantum
663 2885 691 2940 in
709 2886 767 2940 iure
785 2885 835 2954 sui,
854 2899 950 2940 uerum
967 2899 1002 2938 ne
1020 2883 1048 2940 iu
1067 2885 1202 2940 alimentis
1220 2885 1330 2955 quidem
1343 2885 1492 2940 secundum
1505 2885 1563 2940 diui
1574 2885 1616 2940 Pii

179 2976 358 3045 rescriptum:
377 2976 436 3030 siue
454 2976 568 3031 maritus
586 2975 737 3044 neglexerit
754 2972 853 3043 iacere,
871 2987 942 3042 qnae
960 2987 996 3028 ex
1013 2979 1125 3030 senatus
1143 2975 1268 3033 consulto
1286 2972 1376 3044 debet,
1395 2979 1489 3028 natum
1508 2975 1616 3044 cogitur
1635 2983 1664 3024 ιο
1702 2973 1706 2984 ·

130 3073 160 3120 le
179 3064 339 3120 omnimodo
362 3064 448 3134 alere,
473 3069 594 3120 ceterum
611 3077 739 3118 recusare
756 3061 856 3133 poterit
873 3059 967 3116 lilium.
1003 3063 1087 3118 Plane
1105 3063 1129 3118 ai
1147 3062 1325 3118 denuntiante
1343 3062 1455 3118 muliere
1473 3061 1616 3132 οοςιιιοιιι

179 3169 218 3210 ex
235 3169 265 3208 se
283 3167 345 3208 esse
362 3158 553 3222 praegnatem,
574 3151 685 3206 tametsi
703 3149 832 3206 custodes
850 3166 904 3205 uon
922 3151 1049 3221 misserit,
1067 3165 1122 3206 non
1140 3149 1262 3220 euitabit,
1280 3165 1335 3220 quo
1353 3151 1443 3206 minus
1460 3157 1615 3221 quaeratur,

179 3258 218 3298 an
242 3257 276 3298 ex
299 3257 334 3298 eo
357 3241 454 3298 mulier
473 3257 609 3312 praegnas
628 3241 672 3295 sit.
704 3255 775 3309 quae
794 3253 878 3294 causa
895 3239 919 3294 si
937 3237 1020 3295 luerit
1036 3243 1100 3294 acta
1117 3238 1189 3310 apud
1208 3239 1325 3295 iudicem
1344 3243 1372 3294 et
1388 3239 1614 3309 pronuntiauerit,

179 3346 245 3386 cnm
263 3330 298 3385 de
316 3329 368 3386 boc
386 3336 484 3400 agetur
501 3329 576 3400 quod
593 3345 628 3384 ex
647 3343 681 3384 so
697 3343 834 3398 praegnas
852 3325 935 3382 fucrit
952 3342 1003 3384 nec
1021 3343 1069 3398 ne,
1091 3328 1119 3384 in
1138 3343 1171 3384 ea
1189 3343 1273 3384 cama
1290 3343 1365 3398 asse,
1389 3332 1420 3384 ut
1437 3329 1550 3399 agnosci
1568 3329 1615 3384 de·

177 3419 259 3476 beat:
278 3419 338 3476 siue
354 3417 426 3474 dilus
445 3434 499 3475 uon
517 3417 570 3474 istit
586 3417 645 3474 siue
663 3415 722 3486 luit,
742 3431 803 3472 esse
822 3433 902 3472 suum
1634 3427 1664 3468 os

139 3509 159 3566 2
235 3509 376 3564 Imaus
393 3507 462 3564 libro
480 3521 552 3562 nono
570 3505 676 3562 decimo
694 3505 872 3576 digestorum.
904 3505 931 3560 in
950 3504 1078 3561 omnibus
1099 3505 1190 3562 causis
1212 3507 1307 3576 (quare
1325 3509 1354 3561 et
1371 3503 1459 3560 iratri-
1490 3499 1615 3574 W
1633 3509 1668 3564 S*

178 3597 234 3654 bus
252 3596 471 3666 consanguineus
488 3595 566 3662 erit):

139 3685 158 3744 3
235 3685 386 3742 Uarianae
403 3683 472 3739 libro
490 3682 629 3753 trigesimo
647 3687 745 3752 quarto
757 3681 793 3738 ad
806 3682 934 3738 edictum.
962 3683 1021 3738 sius
1038 3683 1370 3752 coutrapronontiancrit,
1389 3698 1443 3738 non
1455 3680 1513 3738 iore
1525 3697 1614 3750 suurn,
1633 3677 1673 3754 Ss

178 3775 308 3844 quamuis
326 3789 393 3829 suus
411 3771 506 3827 iuedt:
524 3771 616 3842 placet
633 3772 706 3827 enim
725 3771 784 3826 eius
802 3772 842 3826 rei
859 3770 977 3826 iudicem
991 3769 1144 3826 insincere.
1171 3776 1200 3826 et
1211 3771 1251 3826 ita
1261 3771 1404 3826 Marcellus
1416 3768 1485 3826 libro
1497 3771 1614 3844 septimo

145 3873 157 3916 1
178 3863 349 3932 digestorum
372 3860 483 3932 probat,
508 3875 596 3929 eoque
617 3861 676 3916 inre
693 3860 802 3916 utimur.
840 3859 909 3925 Quia
925 3859 1102 3915 Plancianum
1120 3865 1233 3916 mustus
1251 3860 1405 3915 consultum
1423 3859 1458 3914 ad
1477 3853 1615 3942 [Q
1634 3872 1662 3913 ιο

178 3966 229 4008 eos
247 3956 342 4021 partus
360 3951 478 4021 pertinet
501 3949 549 4020 qui
571 3955 635 4020 post
656 3949 803 4006 diuortim
825 3947 957 4017 eduntur,
980 3948 1053 4004 aliud
1071 3953 1184 4004 sonabas
1202 3948 1355 4003 consultum
1373 3947 1540 4018 temporibus
1558 3947 1616 4002 diui

178 4067 354 4136 noerio)

180 4226 236 4280 ¹si
254 4225 326 4296 quis]
344 4224 384 4280 sic
401 4225 480 4295 quasi
498 4225 650 4292 (Voordo)?
719 4225 731 4260 ¹
779 4224 814 4278 14
829 4231 904 4295 paris
924 4231 1013 4295 priore
1037 4225 1122 4278 eadem
1147 4225 1223 4279 bebai
1239 4221 1616 4296 pacceuprolepuntar512

179 4305 209 4352 tn
228 4297 369 4351 breuiorem
379 4299 499 4370 sormam
517 4297 635 4351 redacto:
658 4295 730 4350 idem
763 4295 869 4350 olianus
887 4294 982 4350 scribit
1001 4297 1045 4358 (ε
1063 4295 1185 4350 Ιοιιοοιιο
1267 4294 1399 4364 scripsit),
1423 4280 1447 4349 si
1465 4307 1549 4348 uxore
1568 4291 1615 4346 de·

179 4368 326 4424 mundante
344 4383 373 4422 se
391 4373 568 4438 praegnatem
588 4370 632 4432 (=
652 4367 675 4421 ιι
693 4366 790 4421 ιοιιιιοι
807 4366 866 4421 uiro
884 4365 1086 4422 denuntiaucrit
1103 4379 1133 4421 se
1152 4381 1230 4421 exeo
1243 4366 1411 4436 concepisse)
1429 4365 1542 4418 maritus
1561 4377 1615 4418 non

179 4439 327 4509 negauerit
345 4441 389 4503 (=
409 4453 496 4508 neque
514 4443 667 4493 contestato
685 4436 785 4492 dixerit
802 4452 861 4492 eam
881 4452 916 4492 ex
935 4452 965 4491 se
982 4443 1160 4508 praegnatem
1177 4453 1232 4493 non
1250 4441 1330 4506 esse),
1349 4452 1403 4492 non
1420 4436 1517 4505 utique
1535 4449 1615 4490 auum

177 4511 221 4565 illi
237 4517 346 4581 partum
364 4507 436 4564 effici
459 4513 504 4574 (=
523 4525 577 4564 non
595 4523 628 4564 eo
646 4509 765 4580 pertinet
782 4514 814 4563 ut
894 4524 974 4563 suum
996 4507 1125 4564 heredem
1144 4507 1282 4574 haberett:
1307 4509 1397 4580 pallae
1420 4507 1526 4562 nabutte
1550 4524 1615 4578 qaae

178 4579 497 4706 aquoantagfcogenduffi
520 4578 969 4721 tamenn..§b3;eden§106iln3sci
992 4583 1069 4706 ⁰²22
1076 4581 1194 4634 uidentur
1215 4583 1297 4714 laea?
1320 4579 1519 4704 babeamus!
1536 4575 1614 4630 aerbo

178 4674 208 4706 u.
272 4667 305 4706 oo
337 4667 463 4722 essropa
498 4659 665 4707 erimine·
764 4670 777 4704 e
895 4691 901 4704 .
946 4670 1019 4722 pac
1069 4669 1400 4722 reproperata-ormam

180 4801 323 4856 ‘lloeosF
364 4803 398 4856 11
411 4799 511 4856 iaci'a't
522 4803 582 4867 (non
594 4796 677 4855 faciet
689 4820 718 4856 es
729 4798 823 4866 iaciat)
837 4799 873 4854 F*
926 4799 1046 4868 esse)1⁸,
1064 4801 1152 4854 incl·
1204 4801 1239 4855 26
1256 4815 1396 4855 reuersum
1409 4798 1451 4865 Fi
1466 4797 1614 4852 uxorari*

181 4871 219 4927 17
237 4870 372 4927 mi's'serit
389 4871 429 4925 Fi
483 4872 517 4926 18
535 4870 669 4926 edi‘o'tum
687 4871 725 4924 F‘
772 4873 807 4926 22
825 4887 872 4926 na·
926 4873 960 4925 27
980 4875 1111 4942 apparet
1125 4869 1163 4924 F‘
1212 4871 1246 4926 29
1265 4872 1357 4926 ncin⁴
1370 4869 1407 4924 F‘
1451 4870 1486 4923 32
1504 4866 1614 4923 mi's'se·

179 4949 242 4997 tum
252 4944 288 4997 [θ’
334 4945 369 4998 23
382 4943 560 5012 cogaturF’
605 4943 723 5012 abesse]
736 4943 759 4998 si
772 4945 873 5007 esseF,
926 4944 962 4996 rit
980 4943 1019 4996 F’
1070 4943 1106 4998 35
1123 4941 1248 4997 s‘er‘oum
1267 4944 1305 4996 Fi
1353 4943 1388 4996 36
1405 4937 1544 5008 fratribus]
1562 4937 1615 4994 fra·

180 5015 208 5070 ai
225 5018 300 5070 esset
323 5014 439 5080 Duru,
463 5015 487 5070 si
510 5017 601 5070 cesset
623 5017 661 5080 (er
684 5034 765 5088 morp.
782 5013 873 5084 P[isis]
926 5012 1014 5070 tribus
1033 5014 1090 5070 suis
1107 5014 1267 5070 F’DEITO
