3696 5568
134 455 144 498 r
169 435 194 490 tt
216 435 255 490 Da
272 435 331 491 inre
348 433 464 491 dotium.

132 533 144 576 s
169 524 193 576 u
215 523 255 578 De
271 523 361 594 pactis
380 522 527 578 dotalibus.

132 632 141 666 ε
169 611 255 667 uns
273 609 358 667 iundc
375 611 470 667 dotali.

422 719 564 807 Explicit
586 740 626 788 ex
649 720 760 788 ordine
782 719 862 787 liber
885 719 1077 788 uicensimns
1098 720 1220 790 tertius.

106 957 117 999 a
186 934 294 1022 Incipit
316 955 356 1002 ox
379 934 489 1001 ordine
511 933 592 1002 liber
615 933 807 1000 nicensimns
831 938 972 1019 quartus,
995 933 1202 1018 singularium
1226 933 1306 1001 liber
1328 935 1466 1020 quintus.

128 1077 139 1110 t
165 1058 189 1111 lt
212 1057 252 1111 De
270 1054 465 1113 donationibus
483 1055 554 1111 inter
571 1055 660 1112 uirum
679 1060 708 1111 et
726 1070 848 1111 uxorem.

128 1155 138 1198 s
166 1146 190 1199 lt
213 1145 254 1200 De
272 1145 388 1200 dinortis
406 1149 435 1200 et
452 1144 582 1216 repudiis.

126 1254 136 1296 r
166 1235 190 1287 tt
211 1232 305 1289 Soluto
325 1234 496 1290 matrimonio
515 1233 565 1291 dos
584 1231 815 1304 quemadmodum
833 1238 951 1303 petatur.

124 1341 283 1429 Explicitur
306 1347 357 1410 est
377 1342 458 1409 liber
481 1363 520 1410 ex
543 1343 654 1410 ordine
676 1342 869 1410 uicensimns
892 1347 1032 1428 quartus,
1058 1341 1266 1426 singularium
1293 1340 1374 1410 liber
1401 1341 1538 1429 quintus.

93 1579 112 1617 o
197 1555 310 1643 Incipit
332 1576 370 1622 ex
393 1555 504 1622 ordine
526 1554 607 1623 liber
629 1556 819 1623 uicensimns
844 1556 982 1642 quintus,
1006 1554 1214 1638 singularium
1236 1554 1317 1622 libor
1339 1559 1457 1622 sertus.

124 1695 136 1729 s
163 1678 185 1731 lt
211 1678 252 1733 De
270 1677 401 1748 impensis
420 1677 447 1732 in
466 1691 511 1732 res
529 1677 636 1733 dotalm
654 1675 744 1734 iactis.

124 1776 135 1819 s
162 1767 185 1820 lt
211 1767 252 1822 Dc
269 1783 361 1822 rarum
380 1771 534 1821 amotarum
553 1767 671 1822 actione.

124 1873 133 1916 t
163 1855 185 1908 tt
211 1855 252 1910 De
271 1853 454 1925 agnoscendis
473 1857 502 1908 et
520 1855 625 1910 alendis
644 1853 737 1910 liberis
756 1854 800 1909 nel
819 1852 979 1925 parantibus
1001 1854 1045 1909 uel
1064 1854 1187 1925 patronis
1204 1853 1248 1910 uel
1266 1852 1379 1910 libertis.

123 1951 135 1995 t
163 1943 185 1998 li
211 1943 252 1999 Da
271 1943 441 2014 inspiciendo
460 1947 556 1999 uentre
575 1942 810 2014 custodiendoque
828 1947 918 2014 partu.

91 2047 133 2087 us
164 2031 239 2088 ltsi
257 2033 362 2088 uentris
386 2031 496 2088 nomina
520 2032 633 2087 muliare
656 2033 684 2088 in
707 2032 910 2102 possessionem
934 2031 1019 2088 missa
1040 2029 1137 2088 cadem
1160 2031 1299 2102 possessio
1322 2029 1386 2088 dolo
1409 2031 1481 2087 malo
1504 2029 1541 2086 ad

245 2122 329 2176 alium
346 2121 480 2177 uansmts
498 2136 559 2176 esse
578 2121 694 2177 dicatur.

122 2231 135 2272 ς
161 2209 185 2262 lt
209 2207 239 2264 Si
257 2210 353 2266 mulier
370 2209 474 2266 uentris
492 2209 602 2266 nonnius
621 2210 648 2265 iu
666 2209 869 2282 possessionem
888 2209 1042 2266 calumniae
1059 2225 1144 2266 cansa
1160 2206 1246 2266 inisse
1264 2208 1379 2264 dicatur.
1432 2265 1437 2276 ,

122 2313 133 2349 r
160 2297 184 2352 lt
208 2297 249 2353 De
267 2299 437 2356 concubinis.

162 2407 367 2494 llixplicitns
391 2415 439 2476 est
462 2407 541 2474 liber
564 2427 603 2475 cx
627 2407 738 2475 ordine
761 2407 952 2476 uicensimus
976 2408 1115 2495 quintus,
1139 2406 1346 2492 singularium
1369 2411 1487 2474 sextus.
1555 2427 1597 2475 ts

90 2633 109 2673 tt
180 2619 292 2708 Incipit
314 2641 353 2688 ex
376 2621 487 2688 ordina
508 2620 589 2688 liber
613 2621 803 2688 uicensimns
826 2625 946 2706 sextus,
970 2620 1176 2705 singularium
1199 2619 1280 2688 liber
1302 2620 1465 2708 septimus.

123 2760 134 2792 a
161 2743 186 2798 R
210 2743 251 2800 De
268 2744 372 2799 tutelis.

123 2837 133 2881 t
162 2829 251 2887 uua
269 2831 476 2889 testamentaria
493 2832 589 2887 tutela.

122 2937 133 2980 r
163 2919 187 2974 u
212 2920 254 2976 Dc
272 2919 460 2977 confirmando
478 2925 568 2978 tutore
586 2921 631 2977 uel
649 2925 784 2976 curatore.

122 3015 134 3059 t
162 3008 185 3062 tt
210 3009 251 3065 De
269 3011 399 3080 legitimis
416 3009 563 3066 tutoribus.

90 3103 132 3148 ’δε
163 3097 185 3151 tt
210 3099 252 3155 De
269 3099 408 3156 tutoribus
426 3103 456 3154 et
473 3096 645 3154 curatoribus
663 3097 736 3154 datis
754 3097 789 3154 ab
808 3097 859 3168 his,
878 3097 926 3168 qui
944 3099 987 3154 ius
1004 3095 1087 3154 dandi
1106 3096 1216 3168 habent,
1235 3102 1264 3153 et
1282 3095 1330 3167 qut
1347 3102 1375 3153 et
1393 3097 1420 3154 in
1438 3096 1539 3168 quibus

243 3187 337 3244 causis
354 3188 509 3258 specialiter
526 3187 586 3242 dari
603 3191 728 3258 possunt.

123 3295 135 3336 t
163 3275 186 3328 ll
209 3275 260 3342 Qui
279 3283 377 3348 patant
394 3281 499 3333 tutores
517 3277 562 3332 nol
580 3281 720 3332 curatores
739 3280 769 3332 at
785 3274 833 3332 ubi
851 3280 990 3347 petantur.

123 3379 134 3414 2
165 3365 189 3418 lt
211 3365 253 3421 De
272 3366 508 3421 adminisuatinno
526 3369 555 3420 ct
573 3365 694 3436 periculo
711 3369 833 3422 tutorum
852 3371 881 3420 et
898 3371 1062 3436 curatorum,
1081 3363 1127 3435 qui
1146 3369 1291 3434 gesserunt
1313 3365 1357 3420 uel
1376 3380 1439 3434 uon,
1458 3369 1486 3419 st
1503 3363 1538 3418 ds

243 3453 392 3526 agentibus
409 3454 455 3509 nel
472 3455 668 3510 conuenisndis
687 3469 741 3510 uno
759 3453 803 3510 nel
821 3452 954 3525 pluribus.

91 3549 135 3591 tta
163 3543 188 3596 nt
211 3544 253 3600 Da
271 3543 435 3600 anctoritate
453 3547 483 3599 et
500 3557 634 3598 consensu
653 3547 774 3599 tutorum
793 3548 823 3598 et
840 3547 1006 3598 curatorum.

123 3637 135 3682 a
163 3631 187 3686 lt·
210 3633 326 3699 Quando
344 3647 378 3687 ex
397 3628 472 3687 lacto
490 3633 588 3688 tutoris
607 3633 651 3688 uel
669 3633 803 3688 curatoris
822 3632 940 3688 minores
959 3645 1041 3702 agero
1060 3631 1104 3686 uel
1123 3631 1263 3687 conueniri
1280 3637 1405 3702 possunt.

124 3739 128 3767 ι
164 3721 187 3776 n
211 3723 252 3777 De
270 3722 408 3792 suspectis
426 3719 564 3776 tutoribus
581 3725 611 3776 et
628 3719 807 3776 curatoribus.

122 3825 280 3916 inplicitus
304 3837 354 3898 est
376 3851 415 3898 ox
439 3829 551 3896 ordino
572 3829 653 3897 liber
675 3830 867 3898 uicensimus
891 3835 1015 3914 sextus,
1039 3828 1248 3913 singularium
1271 3829 1351 3897 liber
1373 3830 1536 3916 septimus.

122 3949 159 4002 rr
1059 3939 1064 3951 “

122 4089 300 4161 texpticttur
326 4095 363 4147 Γ)
426 4092 565 4148 eortina
589 4093 625 4146 F¹
647 4093 652 4161 Ι
673 4093 792 4162 singula·
846 4091 923 4161 liber]
937 4091 1033 4162 incipit
1045 4107 1079 4146 cx
1092 4091 1161 4147 rium
1171 4091 1240 4147 libro
1250 4093 1286 4146 F¹
1323 4091 1535 4156 25a*bhis⁴F¹t

123 4161 193 4218 rium
210 4165 244 4216 Ρ
259 4169 265 4234 Ι
281 4163 348 4220 lrlrro
367 4165 480 4234 quintus
498 4165 534 4217 F¹
590 4166 624 4221 10
641 4164 710 4220 libro
731 4162 792 4231 ml
846 4171 875 4220 et
887 4164 933 4234 qui
946 4183 994 4218 cm.
1006 4165 1048 4228 F1,
1062 4163 1163 4232 quiPl
1180 4163 1207 4218 in
1220 4182 1268 4216 om.
1281 4163 1315 4217 F²
1364 4165 1398 4219 27
1412 4163 1542 4234 petentP

123 4230 177 4289 ntro
198 4235 232 4290 F¹
300 4238 333 4290 11
357 4235 393 4290 de
415 4235 545 4306 expensis
569 4235 595 4290 in
619 4251 663 4292 res
687 4236 793 4291 dotales
846 4237 881 4290 28
900 4234 956 4306 qni]
969 4236 1097 4304 quaePl
1112 4235 1230 4304 gesserit
1242 4234 1276 4287 F¹
1327 4235 1538 4290 ticonuenien-

124 4301 187 4359 imis
201 4315 258 4376 post
274 4307 337 4370 aad,
355 4315 385 4362 ot
400 4315 436 4361 stt
453 4307 570 4371 tibrt‘lt,
588 4307 631 4372 ΡΙ
647 4307 736 4362 tactus
758 4307 792 4360 F¹
846 4307 899 4376 dis]
919 4305 1079 4376 quaniendis
1098 4307 1145 4359 F·‘
1161 4308 1166 4372 1
1181 4305 1344 4376 plurimisP
1393 4307 1427 4362 et
1446 4305 1491 4376 ex]
1510 4313 1539 4360 et

124 4375 202 4498 Edant
218 4377 387 4516 parentilrppp
400 4381 507 4448 parent.
520 4378 546 4432 P
599 4379 631 4433 15
650 4378 682 4447 si]
701 4377 736 4432 de
750 4377 792 4445 ΡΙ
847 4379 890 4444 ΡΙ
906 4378 1048 4432 curatoris
1059 4377 1186 4432 minores
1197 4378 1232 4430 Ρ
1247 4379 1252 4445 Ι
1267 4377 1393 4448 possunt]
1402 4379 1495 4448 ipsunt
1504 4375 1537 4428 F¹

164 4463 200 4502 em
210 4464 349 4517 possessio

389 4446 541 4504 eadeunda
550 4450 722 4518 possessione
735 4449 758 4504 si
770 4449 796 4502 P
846 4449 1055 4519 susspicione
1070 4451 1113 4503 est
1130 4449 1166 4502 F’
1180 4451 1185 4516 Ι
1201 4448 1388 4518 singularium]
1405 4449 1504 4518 singuli
1519 4448 1544 4500 F

126 4517 150 4568 ll
160 4523 324 4586 macione
335 4521 361 4574 P
411 4521 447 4575 20
463 4519 533 4576 libro
545 4521 577 4572 ti
593 4523 599 4588 Ι
614 4521 792 4590 singularium

1308 4613 1538 4622 —n-..u-——ffl

969 4631 1132 4640 .—-—-..-
1144 4633 1197 4639 —.
1223 4633 1362 4639 .-—...---..

127 4667 170 4711 crte
184 4663 333 4718 LXXIII]
350 4663 447 4732 incipit
470 4661 539 4720 libor
561 4663 626 4717 xriu
653 4664 698 4726 F(
699 4667 726 4736 ſs
739 4663 811 4726 337).
838 4662 935 4734 explic.
954 4663 1000 4718 lib.
1013 4664 1079 4718 xxiii
1102 4663 1158 4733 dig.
1177 4679 1227 4718 seu
1249 4631 1537 4734 pandectafffinc-ip.

165 4731 297 4789 lib.1rriiii
316 4733 374 4804 dig.
392 4748 442 4788 seu
460 4733 656 4803 pandectarum
676 4735 707 4800 P,
725 4734 807 4805 incip.
825 4733 894 4790 liber
912 4735 988 4790 xxiiii
1006 4735 1037 4801 V,
1058 4735 1170 4805 explicit
1186 4734 1255 4790 liber
1272 4735 1338 4791 xxiii
1357 4735 1452 4806 incipit
1468 4735 1538 4791 liber

166 4802 234 4864 tltlrer
250 4825 299 4860 om,
315 4805 351 4870 u>
368 4805 446 4860 xxiiii
464 4805 519 4860 LU

128 4897 171 4943 nne
184 4894 198 4945 t.
209 4893 297 4949 XXV
312 4893 426 4964 explicit
441 4892 489 4950 lib.
502 4893 568 4949 xxiu
584 4895 588 4961 Ι
603 4894 701 4966 incipit
717 4893 764 4951 lib.
776 4911 833 4950 asu
849 4897 854 4962 Ι
869 4892 984 4950 feliciter
1003 4897 1027 4949 F
1041 4899 1079 4966 (s.
1092 4897 1168 4960 357).

129 4985 172 5032 rua
185 4981 315 5038 cml
329 4983 443 5052 explicit
459 4981 506 5038 lrlr.
519 4998 575 5038 xxu
595 4987 599 5050 1
620 4983 716 5053 incipit
734 4982 779 5040 lib.
793 4983 859 5040 xxui
878 4985 884 5050 Ι
904 4981 1019 5040 feliciter
1036 4987 1075 5060 (fi
1087 4984 1163 5054 357),
1187 4983 1282 5055 incipit
1306 4983 1474 5054 digestorum
1493 4967 1537 5040 sit—r

166 5053 359 5124 midettarum
378 5054 447 5112 liber
465 5055 531 5110 xxui
550 5058 588 5128 (fi
601 5056 669 5124 353)
689 5057 713 5108 F
