3848 5536
883 170 953 239 LIII

195 353 245 403 ant
263 347 422 418 discrepant
440 349 506 403 Fet
524 349 579 402 ΕΡ
592 353 640 405 ant
657 347 751 405 delicit
768 349 887 405 Parisini
904 365 1001 406 manus
1019 349 1120 420 prima,
1139 350 1244 406 illorum
1263 350 1343 408 lectio
1362 359 1515 424 poneretur,
1537 361 1631 411 eontm

194 454 242 511 nbi
261 457 437 512 consentiunt
455 456 529 510 FRP
543 456 596 526 nel,
614 472 649 512 ex
667 470 722 527 qno
740 457 765 510 s
783 454 888 528 deficit,
907 455 955 512 nbi
973 457 1148 512 consentiunt
1166 459 1216 524 FP,
1234 459 1398 528 reliquorum
1417 459 1571 518 dissensum
1590 462 1630 517 in·

194 577 279 633 super
296 561 451 619 haberem¹.
479 562 602 619 similiter
619 563 647 618 iu
665 567 798 634 apparare
817 562 853 618 ad
871 561 954 618 libros
972 564 1016 618 30.
1034 564 1068 618 31
1093 568 1222 633 quattuor
1244 565 1408 621 deteriorum
1427 567 1524 633 IQGK
1538 568 1631 625 lectio·

193 685 257 725 uem
277 670 382 726 nariam
401 669 439 726 rbi
457 670 605 741 suppressi,
625 669 671 726 ubi
684 669 803 724 FWDB
813 671 885 725 iuter
896 685 927 725 se
939 670 1122 741 consentiunt,
1141 677 1172 726 ut
1189 672 1272 727 etiam
1290 673 1318 728 in
1336 673 1416 728 titulo
1433 674 1507 744 41,2
1525 689 1630 731 errores

191 778 320 848 proprios
338 776 464 833 codicum
484 776 539 832 OG.
568 782 663 832 metra
681 777 708 832 iu
726 777 830 847 reliqua
850 782 928 847 parte
947 774 1082 832 Infertiati
1107 779 1160 847 (24,
1173 779 1198 848 3,
1213 780 1228 834 1
1244 809 1271 819 -
1288 776 1381 835 29fin.
1399 781 1540 850 32-38),
1564 782 1629 837 item

190 898 242 954 per
266 887 356 940 totum
380 883 519 955 digestum
543 884 651 940 Nonum
676 888 790 956 excepte
815 885 895 940 unico
923 884 1003 940 titrrlo
1029 885 1114 954 41,2
1137 900 1171 940 ex
1195 885 1308 942 secundi
1332 884 1434 941 ordinis
1460 886 1535 942 libris
1562 887 1629 944 satis

191 993 284 1046 uisum
304 996 348 1047 est
372 997 483 1048 enotare
506 991 627 1062 potiora,
651 990 681 1046 id
703 997 747 1046 est
769 989 816 1046 ubi
834 991 993 1046 Florentina
1015 991 1096 1047 lectio
1120 996 1168 1047 aut
1192 991 1292 1062 duplex
1316 998 1390 1048 esset
1413 997 1461 1048 ant
1485 993 1629 1052 manifeste

190 1098 337 1168 mendosa,
355 1105 387 1153 ιιι
405 1097 542 1168 quomodo
557 1098 744 1154 Bononienses
762 1097 825 1153 iude
838 1113 868 1154 se
881 1097 1086 1168 expediuissent
1098 1098 1308 1170 intellegeretur,
1327 1102 1563 1170 praetermissus
1581 1102 1628 1158 da·

187 1209 268 1260 retur
286 1204 314 1260 iu
334 1203 511 1261 adnotatione
529 1203 700 1260 emblematis
717 1203 879 1260 maioribus:
904 1220 955 1260 uec
973 1205 1047 1261 uolui
1066 1204 1214 1276 procedere
1233 1206 1318 1277 ultra,
1340 1221 1394 1263 neu
1413 1205 1532 1263 laborem
1552 1207 1628 1264 deiu-

188 1313 287 1383 gisus,
312 1312 363 1368 sed
381 1313 497 1382 ueritus,
516 1325 550 1366 ns
567 1311 643 1366 inani
661 1310 802 1381 dlligeutia
820 1311 900 1367 lectio
919 1311 1070 1383 antiquitus
1088 1312 1204 1383 tradita,
1228 1329 1284 1382 qua
1301 1329 1355 1369 nna
1374 1320 1422 1370 ant
1439 1315 1566 1371 standum
1586 1319 1629 1372 est

188 1425 240 1474 ant
252 1425 329 1474 certe
343 1419 378 1474 ab
390 1435 424 1474 ea
436 1415 673 1489 proficiscendum,
693 1418 782 1488 magis
799 1419 998 1490 opprimeretur
1015 1435 1098 1489 quam
1116 1419 1300 1476 adiuuaretur.
1329 1420 1400 1476 hauc
1418 1421 1445 1476 in
1464 1423 1628 1493 usurpandis

189 1526 335 1582 codicibus
354 1526 542 1582 diuersitatem
566 1526 606 1580 ita
629 1525 780 1594 deelaraui,
805 1530 836 1580 ut
854 1525 890 1580 ad
909 1525 1031 1596 singulm
1051 1526 1166 1596 paginas
1185 1527 1212 1582 in
1231 1527 1286 1582 ima
1305 1527 1427 1596 margine
1446 1527 1554 1584 codices
1577 1545 1627 1586 suo

188 1633 294 1704 quique
312 1633 373 1688 loco
392 1631 507 1688 adhibiti
526 1633 730 1688 nominarentur
748 1637 777 1687 et
793 1633 873 1702 plene
892 1631 1002 1702 quidem
1021 1631 1135 1687 adhibiti
1156 1638 1235 1688 extra
1256 1633 1446 1704 parentheses‚
1470 1650 1524 1691 non
1547 1636 1627 1706 plone

189 1739 309 1796 adhibiti
333 1740 461 1796 cancellis
484 1739 682 1810 circumscripti
707 1738 747 1794 sic
769 1739 927 1808 FHVLU).
956 1753 1005 1794 cur
1023 1743 1115 1794 autern
1133 1743 1190 1794 tarn
1209 1739 1285 1795 narie
1303 1739 1377 1796 libris
1395 1741 1464 1796 meis
1481 1757 1548 1797 usus
1565 1743 1626 1814 sisu,

187 1847 262 1903 infra
285 1846 440 1918 explicabo.
464 1877 495 1888 -
521 1846 666 1904 Molestum
690 1844 742 1902 fnit
765 1845 793 1900 iu
811 1844 1029 1902 Bononiensibus
1051 1843 1127 1902 libris
1149 1845 1323 1918 adhibendis,
1347 1847 1422 1918 quod
1445 1849 1627 1919 antiquissimi

188 1955 294 2025 quique
313 1961 341 2010 et
359 1971 376 2008 a
395 1952 473 2010 nobis
492 1959 603 2026 propter
625 1957 790 2010 uetustatem
814 1957 843 2007 et
866 1951 1015 2009 bonitatem
1041 1953 1134 2008 selecti
1151 1953 1293 2023 pristinam
1312 1954 1455 2010 lectionem
1474 1970 1626 2026 proponere

187 2062 281 2118 solent
305 2077 359 2118 non
383 2067 415 2118 ιιι
438 2061 514 2118 initio
537 2061 689 2133 perscripta
712 2058 777 2130 fnit,
803 2058 852 2114 sed
870 2060 1029 2130 plerumque
1047 2076 1064 2114 a
1081 2060 1240 2130 posterioris
1264 2061 1362 2116 aetatis
1381 2062 1561 2132 prudentibus
1580 2078 1625 2119 ex·

187 2175 280 2224 actam
300 2169 337 2225 sd
355 2172 493 2239 receptam
512 2167 576 2224 iude
594 2185 611 2222 a
629 2167 738 2222 saeculo
752 2167 819 2222 Xlll
838 2169 867 2222 et
884 2165 1085 2236 quedammodo
1104 2165 1267 2224 ordinariam
1281 2167 1490 2237 Bononiensem,
1509 2173 1540 2224 ut
1558 2171 1625 2225 mul·

186 2278 223 2332 tis
247 2277 317 2332 loeis
335 2277 381 2331 ille
399 2277 426 2330 iu
451 2275 546 2346 paucis
570 2275 613 2330 uel
637 2274 707 2330 adeo
732 2289 786 2330 uno
810 2274 869 2330 solo
893 2287 928 2328 ex
946 2271 1022 2328 libris
1039 2272 1237 2330 uetustioribus
1260 2275 1391 2346 supersit,
1416 2273 1579 2347 quibusdam
1597 2277 1625 2332 in

187 2383 317 2439 omnihus
344 2381 501 2439 oblitterata
523 2381 568 2438 sit.
605 2381 739 2436 eiusmodi
761 2381 893 2453 pristinae
915 2377 1017 2436 codicis
1040 2381 1156 2436 alieuius
1179 2382 1329 2453 scripturae
1353 2380 1491 2439 deiectum
1514 2387 1626 2454 prepter

186 2490 308 2559 lituram,
329 2491 371 2544 uel
390 2491 472 2545 etiam
491 2493 603 2560 propter
618 2488 721 2544 hiatum
735 2489 816 2558 eulpa
827 2485 929 2543 librarii
941 2487 1101 2558 admissum,
1118 2487 1271 2559 significant
1284 2487 1341 2545 iere
1354 2488 1445 2545 uerbis
1457 2491 1571 2564 ἀραῖσι)
1584 2491 1625 2545 Ρ·
1682 2524 1684 2528 -

187 2603 216 2653 et
234 2598 276 2653 sie
294 2597 433 2668 deinceps.
461 2601 581 2652 ceterum
601 2595 683 2650 etiam
703 2609 796 2650 eorum
815 2594 944 2652 libromm
963 2594 1075 2651 secundi
1091 2594 1202 2665 ordinis,
1220 2611 1334 2668 quorum
1353 2597 1496 2653 lectionem
1513 2596 1622 2667 plenam

186 2703 289 2761 referre
308 2704 391 2774 uolui,
410 2703 504 2760 lituras
523 2703 633 2759 enotaui
651 2717 704 2758 nou
723 2717 827 2772 omnes,
846 2701 895 2758 sed
913 2700 952 2758 ihi
968 2706 1075 2758 tantum
1094 2703 1187 2759 monui
1199 2717 1247 2760 ees
1263 2701 1387 2775 deficere,
1407 2703 1453 2760 nbi
1465 2719 1499 2760 ex
1512 2705 1622 2776 reliquis

185 2811 264 2868 lssiris
286 2785 427 2883 primitius
449 2811 583 2881 scriptura
606 2809 754 2880 colligitur:
780 2808 879 2864 nullius
902 2809 973 2864 enirn
998 2823 1092 2865 eornm
1115 2813 1193 2866 tauta
1215 2815 1258 2866 est
1281 2813 1443 2883 auctoritas,
1465 2816 1496 2866 ιιι
1521 2825 1621 2882 operae

186 2920 306 2990 pretium
332 2919 369 2974 sit
392 2917 477 2987 scire,
505 2915 604 2987 quihus
627 2915 701 2972 lueis·
720 2917 784 2972 olim
806 2916 934 2972 resedere
957 2917 1078 2989 potuerit
1100 2933 1116 2972 a
1138 2917 1307 2988 Florentius,
1334 2934 1395 2975 cum
1423 2919 1484 2989 ipsa
1506 2919 1621 2990 pristina

186 3026 324 3095 scriptura
342 3039 431 3095 neque
449 3025 477 3080 in
495 3039 529 3080 ec
547 3029 680 3094 appareat
698 3039 786 3094 neque
805 3039 839 3079 ex
857 3021 985 3079 allinibna
1002 3022 1078 3080 libris
1096 3021 1238 3080 efficiatur.

239 3131 379 3203 Execrpta
397 3146 431 3186 ex
450 3131 565 3201 digestis
582 3145 653 3200 quae
672 3130 773 3186 adsunt
791 3129 864 3201 apud
883 3130 964 3186 medii
983 3131 1045 3186 aeni
1063 3131 1209 3200 scriptores
1234 3131 1316 3186 missa
1334 3128 1385 3186 feei
1403 3133 1507 3186 omnia:
1530 3147 1619 3204 neque
1650 3137 1761 3198 excerpts

185 3240 259 3296 euim
284 3239 338 3294 ulla
362 3247 428 3309 puto
453 3242 547 3293 estare
573 3238 624 3292 uisi
642 3237 729 3307 petita
751 3253 785 3293 ex
809 3236 948 3294 codicibus
966 3235 1184 3293 Bononiensibus
1208 3243 1257 3293 aut
1279 3238 1313 3293 iis
1336 3238 1382 3308 qui
1406 3243 1553 3309 supersunt
1572 3245 1620 3295 aut
1637 3200 1706 3247 ΜΗ
1722 3202 1772 3248 ‘⁰¹¹¹

186 3345 336 3418 deperditis
354 3360 410 3401 nou
428 3343 593 3401 melioribus.
619 3373 651 3383 -
675 3345 707 3399 lu
725 3343 835 3400 scholiis
853 3345 910 3415 uel,
934 3349 966 3400 nt
990 3345 1072 3414 uulgo
1095 3343 1278 3414 appellantur,
1302 3345 1331 3400 in
1354 3345 1453 3416 glossis
1477 3351 1618 3403 anctorum
1640 3351 1794 3426 elosssmmm

185 3454 401 3510 Bononiensium
425 3467 496 3522 quae
514 3456 699 3508 memorantur
716 3452 808 3508 neriae
826 3451 957 3507 lectiones
975 3451 1141 3522 compositae
1160 3451 1304 3522 diligenter
1320 3453 1394 3523 apud
1413 3451 1572 3523 Sangnium
1592 3455 1619 3509 in
1659 3427 1768 3524 leiim,

185 3561 301 3632 historm
318 3559 385 3616 luris
404 3561 440 3630 (3,
453 3559 615 3626 tlt—leo)
635 3574 696 3614 oum
715 3558 750 3614 ad
769 3557 860 3614 studia
872 3559 930 3614 eius
943 3559 1043 3614 aetatis
1055 3557 1215 3614 illustranda
1228 3575 1280 3615 nou
1293 3574 1389 3629 parum
1403 3557 1511 3632 iaciant,
1531 3561 1618 3630 ipsam

187 3669 269 3724 crisin
287 3683 342 3724 nou
360 3665 504 3722 adiuuant:
522 3669 629 3721 tautum
649 3664 728 3721 abest
746 3665 826 3734 euim,
846 3671 877 3719 ut
894 3665 1075 3735 antiquiorum
1094 3663 1221 3722 librorum
1236 3671 1353 3722 aetatem
1366 3666 1508 3736 excedant,
1528 3672 1618 3722 utaut

187 3777 213 3830 in
237 3774 280 3830 bis
297 3774 412 3830 redeant
430 3779 478 3828 aut
496 3773 669 3829 coniecturae
687 3772 786 3828 sintin
804 3772 989 3828 recensionem
1008 3771 1207 3828 Bononiensem
1226 3777 1275 3828 aut
1291 3789 1437 3843 numquam
1457 3779 1505 3828 ant
1521 3779 1618 3844 postea

187 3881 295 3938 demum
319 3881 464 3936 admissae.
492 3895 546 3950 ego
570 3894 641 3949 qnae
663 3879 756 3935 inueni
779 3884 906 3934 monente
930 3877 1062 3950 Sanignio
1085 3879 1129 3934 uel
1152 3895 1218 3934 casn
1241 3879 1310 3935 duce
1333 3880 1510 3950 temptamina
1527 3882 1617 3938 Bono-

187 3989 321 4044 niensium
342 3986 560 4044 memorabiliores
577 3987 605 4042 in
623 3985 798 4042 adnotatione
815 3985 957 4056 proposui:
982 3991 1011 4041 at
1034 4001 1085 4041 nee
1110 3987 1234 4056 quaesiui
1251 3985 1413 4043 abscondita
1430 4003 1519 4057 neque
1537 3988 1565 4044 iu
1583 4003 1617 4044 ea

186 4111 255 4166 quae
277 4100 344 4150 nota
366 4099 459 4149 essent
475 4093 613 4163 inquisiui.
633 4123 665 4133 —
684 4094 715 4148 ln
733 4093 928 4162 antiquissimis
950 4092 1109 4164 corporibus
1127 4093 1193 4148 iuris
1211 4095 1334 4150 canonici
1353 4109 1423 4165 quae
1441 4095 1616 4150 inueniuntur
1634 4159 1640 4171 ,
1657 4097 1768 4171 Excepta

186 4205 316 4273 excerpta
333 4217 368 4256 ex
385 4200 500 4270 digestis
518 4201 670 4270 composita
687 4199 714 4254 in
733 4199 879 4254 uoluminis
897 4200 922 4254 ll
946 4200 1097 4270 appendice
1119 4204 1218 4270 quarta
1237 4215 1327 4271 neque
1343 4207 1467 4272 tempore
1485 4207 1616 4272 superant
1633 4173 1656 4206 ω
1677 4160 1791 4268 {iiiiffm

187 4310 323 4365 saeculum
337 4308 376 4362 Xl
394 4313 546 4363 arthemam
565 4311 593 4362 et
610 4310 762 4377 sequuntur
779 4304 835 4361 fere
854 4307 997 4362 lectionem
1010 4307 1210 4364 Bononiensem
1229 4324 1282 4365 non
1295 4308 1445 4378 uulgarem,
1464 4308 1512 4363 sed
1525 4309 1614 4379 prieti·
1657 4297 1766 4332 monum

187 4431 246 4470 uam
265 4416 331 4480 (nol.
343 4415 367 4469 ll
386 4429 413 4484 p.
427 4414 496 4482 tr).
515 4443 549 4454 -
567 4414 640 4468 Petri
658 4413 833 4484 exceptiones
852 4413 951 4482 (editas
969 4414 1042 4485 apud
1062 4413 1222 4484 Sauignium
1240 4416 1268 4470 iu
1287 4414 1399 4472 historia
1416 4416 1482 4471 iuris
1499 4417 1615 4472 Romani
1638 4417 1767 4478 diremptu

187 4523 238 4578 uel.
251 4522 278 4577 ll
295 4539 322 4592 p.
332 4523 383 4576 321
397 4525 467 4592 seq.)
490 4536 551 4576 enm
569 4522 625 4576 sint
642 4521 796 4576 etiamnunc
814 4521 861 4590 qui
879 4521 1048 4592 conscriptas
1065 4527 1163 4591 putent
1180 4522 1305 4577 sacelli
1323 4523 1426 4593 medio,
1449 4537 1502 4592 ego
1520 4538 1614 4592 quam·
1632 4479 1692 4540 ’Μ
1701 4481 1790 4528 Petrum

238 4775 246 4808 ¹
266 4773 359 4824 L'erum
383 4783 423 4824 eat
444 4773 480 4824 ila
503 4773 615 4824 codicum
638 4771 715 4825 Vti]
730 4773 755 4824 in
775 4773 831 4840 ipsa
848 4771 958 4826 editione
982 4773 1116 4839 Imaginem
1139 4791 1295 4840 nequaqnam
1318 4775 1407 4826 iustam
1430 4775 1615 4841 repraesentari

189 4864 326 4928 suppressis
351 4863 458 4930 propriis
482 4879 567 4914 eornm
586 4862 718 4914 erroribus.
747 4873 773 4913 at
791 4863 812 4914 si
831 4863 874 4929 qui
891 4863 958 4914 illam
982 4880 1085 4915 noscere
1109 4864 1225 4930 cupiunt,
1248 4864 1341 4915 adeant
1364 4864 1548 4925 additamenta,
1571 4865 1614 4916 ubi

191 4951 313 5017 specimen
332 4951 399 5018 quod
418 4952 492 5002 datur
509 4951 574 5004 insto
593 4951 718 5005 desiderio
737 4953 885 5006 satisfaciet:
903 4953 1022 5006 iniustum
1040 4961 1122 5006 nutem
1140 4971 1190 5005 nou
1208 4969 1330 5006 summus.
