3848 5536
905 237 979 307 XIII

277 410 392 476 Quam
410 411 462 468 uiri
481 411 555 494 docti
572 411 662 468 adbuc
679 411 777 469 librum
795 413 981 470 Floreudnum
999 414 1150 486 tractariut,
1168 421 1197 472 et
1214 415 1349 474 Infinitum
1368 423 1412 474 est
1429 433 1556 475 suanam
1568 435 1657 491 neque
1676 430 1771 488 Digesta
1801 432 1836 476 ln-

221 515 304 573 huius
325 517 392 589 loci,
417 534 480 575 cunr
499 520 627 576 uniuersa
644 517 701 576 iere
718 519 786 576 iuris
803 519 919 576 Romani
936 509 1050 576 historic
1067 521 1198 579 litteraria
1216 541 1234 580 a
1251 525 1361 581 saeculo
1380 525 1443 582 iude
1460 527 1606 583 undecimo
1624 542 1658 584 ea
1677 496 1836 601 „¹¹,⁰,t¹¹}'1⁰¹¹,{.

221 625 384 694 quaestione
408 628 588 684 commeatur.
620 643 684 682 nam
708 628 733 683 ai
754 642 849 684 uerum
867 633 923 698 eet,
947 629 1022 700 quod
1040 645 1135 686 uerum
1154 645 1216 686 esee
1235 647 1299 688 mox
1317 631 1524 704 demonstrabo,
1548 617 1836 728 codices¹¹13}sssseg‘giduig⁰

221 730 402 802 Digestorum
419 741 484 806 post
500 735 641 792 saeculnm
659 733 795 792 deciorum
813 735 930 806 scriptos
948 735 984 791 ad
1003 751 1086 792 unum
1104 752 1200 794 omnes
1218 753 1253 794 ex
1270 739 1427 796 Florentino
1445 742 1592 812 praecipue
1610 741 1657 798 de·

220 839 325 897 rimatos
342 857 414 912 esee,
432 857 468 898 ne
484 841 537 898 buc
553 841 665 914 quidem
683 843 778 914 negari
794 843 897 914 poterit
913 841 1089 914 Digestorum
1109 845 1232 901 notitiem
1250 853 1315 916 poet
1332 847 1475 904 luetIniani
1493 852 1611 904 uemtom
1629 849 1658 904 in

219 947 345 1018 partibus
359 948 515 1006 Occidentis
532 948 717 1006 oblitteratam
735 954 764 1006 et
781 950 985 1021 quodammodo
997 951 1204 1008 intermortuam
1216 941 1409 1010 resuscitatum
1421 970 1482 1010 esse
1495 956 1605 1012 saeculo
1617 955 1658 1011 XI

220 1063 339 1112 exeunte
363 1057 475 1114 iouente
492 1057 545 1114 hoc
561 1059 622 1128 ipso
640 1056 709 1114 libro
727 1057 791 1114 olim
809 1057 923 1130 Pisano,
947 1058 1001 1114 ium
1021 1058 1185 1116 Florentino.
1220 1062 1349 1118 conuenit
1367 1077 1429 1118 curn
1448 1076 1494 1133 eo,
1518 1063 1592 1134 quod
1610 1077 1656 1118 ex·

194 1187 198 1196 ·
219 1169 302 1234 cepto
319 1179 375 1220 uno
393 1164 489 1220 codiee
507 1164 677 1222 Berolinensi
694 1165 797 1220 saeculi
814 1165 887 1235 noni,
905 1165 952 1236 qui
969 1170 1035 1236 post
1051 1166 1240 1224 Institutioues
1258 1175 1364 1240 purtem
1383 1167 1467 1224 habet
1479 1169 1655 1239 Digestorum

218 1270 282 1328 libri
304 1271 400 1343 primi,
424 1271 514 1328 nudus
536 1272 655 1328 innotuit
672 1271 848 1342 Digestorum
869 1271 952 1343 liber,
976 1287 1057 1342 quem
1074 1273 1253 1344 probabiliter
1271 1276 1391 1332 conicias
1409 1277 1541 1346 scripturn
1560 1291 1621 1331 esse
1640 1293 1658 1331 a

218 1379 331 1434 asculo
347 1385 449 1436 octauo
466 1378 614 1450 insipiente
631 1378 668 1434 ad
686 1379 860 1435 undecImum
879 1381 1008 1436 medium.
1035 1381 1108 1436 idem
1128 1379 1245 1438 eflicitur
1262 1397 1297 1438 ex
1315 1383 1380 1438 iuris
1394 1383 1509 1440 Romani
1521 1383 1658 1452 excerptis

218 1501 292 1556 qnae
309 1487 486 1542 inueniuntur
503 1490 560 1542 tum
578 1485 692 1542 iniuria
710 1487 834 1543 mueniei
852 1487 1011 1558 torporibus
1026 1503 1108 1558 quom
1121 1487 1195 1559 apud
1207 1487 1408 1560 Langobardioi
1420 1491 1486 1546 iuris
1497 1491 1656 1560 prudentes.

218 1609 285 1650 nam
309 1609 372 1650 cnm
395 1593 576 1650 ecclesiastici
598 1593 665 1650 iurIe
690 1609 804 1665 corpora
827 1594 982 1665 antiquiora
1005 1611 1040 1652 ex
1063 1595 1122 1652 iure
1138 1595 1290 1653 Iustiniano
1307 1601 1336 1652 et
1354 1595 1483 1653 Oodicern
1501 1600 1530 1652 et
1546 1597 1657 1652 iustitu-

217 1701 309 1757 tionee
332 1708 361 1757 et
378 1701 508 1758 Nouellus
530 1716 586 1756 noo
609 1716 670 1756 raro
694 1699 858 1771 adhibeant,
880 1717 897 1758 e
915 1701 1038 1773 Digestis
1063 1707 1193 1772 excerpta
1216 1703 1254 1760 ibi
1272 1709 1432 1775 conparent
1448 1705 1565 1774 prtmnm
1584 1703 1657 1774 epod

216 1809 346 1879 Inonem,
370 1809 418 1880 qui
441 1809 588 1880 episcopus
610 1807 775 1866 carnotinus
798 1807 889 1864 taetro
912 1811 1022 1866 eloti)
1045 1809 1117 1866 diem
1141 1809 1209 1866 obiit
1232 1827 1258 1866 a.
1272 1812 1368 1867 11151.
1400 1813 1465 1867 item
1485 1810 1559 1882 apud
1575 1812 1657 1868 Lorn-

216 1913 320 1972 bardos
344 1916 495 1986 prudentes
517 1917 635 1987 DIgesta
657 1916 776 1972 dantur
798 1917 917 1986 primurn
939 1916 967 1973 in
991 1917 1169 1988 Expositione
1191 1915 1253 1972 libri
1276 1918 1419 1988 Papieneis
1441 1919 1543 1989 scriptu
1564 1918 1655 1988 paullo

215 2029 282 2094 poet
300 2039 326 2079 a
339 2024 410 2080 1070
416 2024 436 2080 ².
463 2025 519 2080 iam
531 2025 578 2096 qui
593 2024 764 2080 coniunxerit
775 2038 847 2095 quae
859 2024 1009 2096 posuimus,
1028 2025 1145 2094 primum
1158 2023 1267 2080 codices
1282 2025 1401 2095 reliquos
1416 2025 1535 2096 pendere
1547 2040 1582 2081 ex
1593 2025 1655 2082 Flo·

215 2271 306 2322 parum
332 2264 408 2307 notae
435 2257 499 2319 sint,
525 2257 567 2308 hic
592 2257 674 2310 Iocum
700 2257 759 2310 dedi
786 2259 910 2325 excerptis
937 2275 970 2310 ex
991 2259 1175 2310 commentariis
1198 2259 1364 2311 bibliothecae
1387 2259 1572 2310 Laurentianus
1598 2275 1654 2321 nra,

215 2362 282 2412 quae
311 2345 485 2398 intercedente
515 2346 625 2399 liudolfo
652 2347 778 2400 Schoellio
806 2365 904 2400 mecum
939 2347 1130 2400 communicauit
1159 2347 1277 2400 Nicolaue
1304 2348 1412 2400 Anniani
1442 2348 1653 2421 bibliothecarius.

216 2432 337 2500 'Qcmdo
355 2437 395 2490 nel
412 2435 484 2490 1760
491 2437 594 2506 sarone
608 2443 713 2508 portale
730 2439 795 2492 nello
812 2437 956 2492 Biblioteeo
970 2437 1152 2493 Laurentiano
1170 2440 1192 2492 le
1211 2437 1334 2492 Pundelte
1352 2439 1517 2492 collationato
1535 2438 1569 2492 do
1583 2437 1653 2508 Any.

219 2523 366 2589 Poltztuno,
389 2530 488 2578 trecate
509 2525 587 2596 poetri
605 2533 668 2578 unni
686 2532 802 2590 innonat,
825 2545 902 2580 nenne
922 2533 948 2578 r'n
964 2533 1082 2598 penetero
1107 2529 1134 2580 cl
1151 2525 1280 2591 Bondint,
1303 2529 1385 2580 ollora
1403 2526 1601 2590 Biblr'clecorio,
1626 2527 1654 2578 di

204 2616 274 2686 sore
292 2621 393 2668 trtnnro
411 2616 439 2667 ol
456 2611 589 2686 Gomiplio
607 2614 635 2666 dt
652 2611 736 2678 Stolo,
753 2615 845 2685 perclel
862 2623 888 2668 ui
897 2617 1003 2684 scetem
1022 2616 1064 2669 del
1078 2623 1140 2684 pori
1157 2622 1312 2686 trueportute
1331 2618 1352 2669 le
1366 2613 1488 2669 Pondelte
1502 2615 1651 2679 Florentiae,

215 2703 261 2758 cle
279 2710 304 2757 ei
320 2720 507 2757 commemo
525 2704 608 2757 alma
625 2705 667 2757 nel
684 2702 859 2758 Gucrdurobo
878 2705 906 2758 di
923 2703 1036 2758 Polceec
1053 2703 1170 2768 Verrito,
1190 2723 1266 2760 econ
1285 2723 1341 2760 eeso
1360 2707 1421 2758 altri
1437 2703 1514 2774 poclri
1531 2723 1576 2757 mo
1593 2723 1651 2774 pre·

214 2799 282 2846 :toci
299 2788 398 2857 MSS„
416 2791 462 2846 cle
480 2799 516 2846 tut
533 2801 558 2846 at
575 2792 740 2846 ceutodtuunc
756 2799 906 2863 parimente.
933 2791 976 2846 Lo
990 2800 1117 2864 propoelu
1130 2797 1169 2865 su
1186 2801 1288 2848 troootu
1305 2797 1358 2850 coel
1376 2793 1549 2866 ruploneoole,
1572 2791 1617 2846 cle
1635 2794 1655 2846 tl

216 2880 350 2953 compleo
362 2883 475 2948 incartet
493 2899 543 2936 uno
561 2880 601 2936 de'
612 2887 670 2934 saci
688 2880 793 2936 membri
809 2883 856 2951 piei
868 2883 968 2945 iuueni,
987 2883 1007 2935 il
1022 2881 1117 2936 celebre
1126 2883 1314 2953 piureconcnlto
1328 2880 1440 2952 Pompeo
1452 2880 1530 2946 Il'err',
1548 2882 1576 2936 dt
1591 2899 1652 2952 pre·

211 2989 330 3042 perorna
348 2973 367 3024 il
383 2971 491 3026 decreto.
518 2967 568 3024 Ma
585 2971 611 3024 lo
628 2987 689 3026 coeo
705 2977 799 3024 renato
817 2989 834 3024 a
852 2976 999 3042 ccpnr'ztone
1016 2971 1058 3026 del
1074 2969 1210 3026 Morclese
1227 2971 1392 3026 Bemurdino
1411 2971 1547 3035 Riccorrli,
1566 2977 1652 3042 primo

214 3061 319 3114 miodo
336 3059 378 3114 rlel
396 3059 584 3121 Guorelcrobo,
603 3061 689 3130 peloso
708 3059 747 3113 del
758 3067 817 3112 suoi
835 3059 931 3123 diritti,
956 3066 1129 3131 connotatio
1148 3061 1303 3130 diepiucente
1326 3062 1391 3114 dello
1407 3060 1510 3132 perdita
1528 3059 1570 3112 det
1584 3077 1652 3130 pua-

215 3149 297 3222 doyni
314 3149 361 3203 clre
382 3168 413 3203 ne
430 3155 552 3202 centenno
570 3154 599 3200 ot
615 3155 673 3201 ecci
691 3147 838 3216 dipendenti
855 3151 895 3202 nel
902 3151 956 3218 sor
973 3150 1062 3203 vedere
1080 3149 1158 3219 queue
1176 3151 1317 3218 pretioritd
1334 3157 1363 3204 oi
1371 3151 1523 3218 soreetierr',
1541 3153 1611 3200 tonte
1628 3153 1653 3200 ei

215 3238 330 3309 adoperd
346 3255 436 3309 prenso
457 3235 575 3292 Goetono
593 3237 731 3301 Antinort,
749 3256 799 3291 uno
818 3238 857 3291 de'
874 3239 920 3309 piri
938 3239 1053 3309 tryluentr'
1071 3237 1224 3310 Oonetplr'ert
1242 3257 1256 3292 e
1272 3256 1319 3292 suo
1337 3244 1501 3300 amicissimo,
1520 3237 1584 3289 onde
1602 3253 1652 3289 nen

214 3345 303 3382 oueaee
320 3331 406 3403 effetlo
424 3330 451 3382 lo
465 3345 544 3398 preto
562 3327 761 3390 deliberatione,
785 3328 918 3398 ullepundo
927 3329 981 3400 fra
998 3329 1021 3382 le
1038 3329 1102 3381 altre
1119 3335 1224 3398 raptent
1247 3329 1274 3381 lc
1295 3335 1380 3380 minor
1396 3335 1527 3382 sicurezec
1545 3325 1573 3378 dt
1591 3343 1651 3379 con·

213 3435 318 3471 serum
330 3415 414 3470 MSS.
433 3424 460 3469 in
478 3435 512 3470 un
528 3418 604 3487 luopc
622 3416 722 3469 diverto
741 3416 775 3470 cla
787 3415 900 3470 Poluzzo
917 3416 1034 3481 Vecclrio,
1052 3415 1097 3470 ets
1114 3417 1276 3471 l’eceeuzione
1294 3416 1351 3470 dell'
1363 3418 1448 3490 affare
1456 3419 1494 3487 su
1510 3433 1558 3486 per
1570 3415 1653 3468 allero
1707 3415 1716 3434 '

212 3525 326 3578 coepero.
359 3505 456 3560 Venulo
474 3507 501 3560 ol
516 3511 604 3576 potere
618 3504 707 3559 Pietro
719 3505 857 3576 leopoldo,
876 3506 966 3560 urrllnd
981 3507 1009 3560 al
1028 3504 1106 3560 Gonte
1126 3503 1278 3578 Pondolfini,
1296 3524 1410 3560 rucceero
1429 3506 1456 3558 cl
1473 3503 1604 3567 Riccurdl,
1623 3502 1652 3556 di

213 3614 370 3668 cumcontra
387 3597 439 3650 ollo
457 3595 491 3647 B.
505 3593 686 3648 Loormetnnn
704 3595 727 3648 le
744 3594 880 3658 Pondette,
906 3615 918 3648 e
936 3613 983 3649 con
1001 3613 1054 3649 cese
1069 3597 1108 3666 pls
1130 3596 1191 3648 altri
1212 3594 1290 3666 poelt
1312 3595 1396 3648 codici
1420 3593 1448 3646 dt
1468 3591 1650 3647 Gaurdcrobo.

213 3685 278 3758 Eyls'
293 3703 359 3756 pure
374 3687 461 3757 peloro
480 3684 519 3738 de'
531 3690 589 3737 ruet
601 3683 693 3746 dlrtttt,
711 3685 835 3754 conrepnb
851 3686 889 3755 pli
906 3685 968 3737 altri
984 3683 1068 3738 coellet
1086 3686 1105 3736 r'l
1122 3683 1156 3736 19
1170 3679 1280 3754 Mcpyr'o
1292 3681 1413 3736 del1783
1430 3687 1551 3736 eritenne
1561 3698 1651 3750 prcueo

213 3775 243 3828 rlt
260 3792 288 3828 se
304 3777 328 3828 le
344 3774 468 3829 Pondette
491 3792 504 3827 e
527 3775 637 3827 lecurte
661 3771 702 3826 del
721 3771 836 3826 Concilio
854 3773 1012 3837 Florentino,
1035 3775 1075 3826 col
1094 3779 1205 3844 preteeto
1229 3771 1257 3826 dr
1271 3774 1346 3846 forle
1367 3777 1499 3825 risorcr're.
1518 3797 1550 3808 -
1569 3769 1650 3838 Depo

212 3871 255 3918 tre
272 3871 334 3917 armi
354 3863 451 3918 indulto
474 3863 511 3916 cd
532 3868 645 3932 ereputre
665 3863 704 3932 pli
727 3861 814 3915 odini
835 3868 952 3925 romani,
976 3862 1152 3932 coneepnonclc
1171 3869 1181 3914 i
1199 3861 1247 3915 dae
1265 3862 1367 3914 articuli
1391 3857 1531 3922 nel1786,
1554 3864 1651 3912 rttenne

209 3971 304 4025 prmo
320 3953 349 4006 ὠ·
366 3971 393 4008 ee
410 3955 435 4006 lo
453 3960 525 4008 ricco
543 3957 652 4006 curello
670 3950 744 4004 d'orc
756 3969 774 4004 c
785 3953 895 4022 trusere,
904 3952 980 4024 sotto
988 3951 1055 4020 fore
1072 3949 1142 4004 dallo
1154 3949 1280 4021 Stpnortu
1292 3949 1440 4004 Florentino
1452 3953 1651 4018 opporitcmente

209 4062 262 4115 per
278 4041 417 4097 maledicat
436 4039 527 4095 tlllts.
538 4041 600 4094 delle
613 4039 745 4104 Pondelle,
763 4041 862 4112 epopltrl
882 4041 952 4094 telae
969 4041 1062 4094 uoluunt
1080 4038 1108 4092 di
1125 4045 1209 4110 queste
1228 4038 1269 4092 det
1286 4039 1368 4094 ricclri
1386 4043 1527 4092 ornamenti
1545 4036 1618 4090 d'oro
1638 4054 1651 4090 e

213 4133 363 4203 torpente,
389 4131 422 4184 ed
444 4137 542 4184 ottenne
566 4131 656 4182 lnoltre
676 4147 724 4198 per
746 4135 791 4182 cin
814 4129 842 4184 ct·
865 4129 965 4184 decreto
989 4129 1034 4183 cte
1058 4130 1080 4183 le
1103 4128 1187 4184 clrr'nct
1211 4128 1276 4182 dello
1298 4147 1381 4182 nuovo
1398 4133 1508 4182 emerito
1530 4134 1556 4179 in
1578 4127 1650 4197 lepnc

212 4229 385 4276 rimuremero
405 4222 433 4274 ol
448 4218 636 4290 Luopotenente
660 4217 727 4288 elepli
745 4216 844 4288 Operae·
861 4218 927 4272 dello
946 4216 1040 4272 Otiose
1058 4218 1086 4272 di
1104 4217 1133 4271 S.
1145 4215 1277 4280 Loreneo,
1297 4224 1385 4272 carica
1403 4217 1438 4270 du
1456 4219 1492 4270 lul
1508 4221 1588 4269 eteseo
1607 4233 1649 4269 co·

210 4317 289 4382 porto
307 4318 334 4364 in
351 4311 409 4380 quel
424 4315 516 4379 tempo.
543 4305 697 4360 finalmente
714 4313 781 4360 rollo
799 4307 962 4361 Ferdinonrlo
980 4305 1029 4360 III
1043 4307 1091 4360 olle
1108 4323 1188 4360 nuoue
1206 4311 1303 4360 orme
1320 4305 1360 4360 del
1378 4304 1508 4370 Bcndtnt,
1527 4304 1572 4358 cle
1589 4305 1649 4358 rile-

213 4417 280 4452 σασα
299 4405 309 4450 ι’
323 4406 401 4470 proni
419 4403 600 4452 inconvenienti
617 4395 662 4450 cle
680 4395 834 4450 deriocnonc
853 4397 888 4452 dc
906 4405 960 4451 coci
974 4396 1113 4466 improuide
1132 4395 1308 4466 diepoeiziont,
1326 4401 1424 4449 ottenne
1439 4411 1486 4448 con
1498 4393 1598 4446 decreto
1610 4393 1652 4446 del

213 4488 250 4542 29
263 4487 358 4559 Aprile
375 4487 445 4542 1793
463 4487 509 4542 cle
524 4487 562 4557 pli
570 4487 678 4556 fortem
696 4492 846 4556 rcmepncte
860 4485 939 4541 oncle
956 4482 1092 4540 leclrtcrt'.
1106 4515 1135 4524 -
1150 4485 1280 4536 Hactenus
1293 4483 1463 4536 commentarii
1475 4481 1649 4534 bibliothecae.

213 4577 349 4629 &marium
367 4593 399 4628 ex
415 4576 483 4628 ferro
501 4583 601 4638 curato,
619 4575 646 4626 iu
664 4593 712 4642 quo
731 4575 790 4626 olim
808 4585 834 4627 et
851 4575 892 4626 hic
909 4575 989 4626 codex
1007 4584 1034 4626 et
1051 4573 1114 4626 ulter
1132 4573 1321 4641 euangeliorum
1338 4573 1549 4636 adseruabantur,
1568 4571 1650 4622 adhuc

214 4675 286 4720 extat
301 4667 445 4718 Florentiae
462 4666 489 4716 in
507 4664 605 4717 Palatio
623 4673 710 4716 uetere
729 4663 864 4736 (Coppelle
882 4663 990 4732 Medici)
1015 4682 1071 4717 curu
1093 4663 1256 4731 inrcriptione
1275 4663 1335 4716 hac:
1361 4662 1531 4733 Euunpelium
1555 4666 1651 4716 inuenit

214 4757 266 4810 eibi
283 4755 384 4810 domum
403 4756 510 4826 etlapsa
527 4757 616 4820 locum,
635 4755 679 4810 obi
696 4762 834 4828 quiescunt.

269 4848 279 4881 ¹
299 4845 364 4897 Uide
382 4844 514 4896 uoluminis
532 4845 677 4910 poeterIurie
695 4845 861 4911 appendicem
879 4853 993 4909 quartum
1011 4860 1037 4910 p.
1050 4843 1098 4894 41·
1112 4860 1165 4909 seq.
1263 4841 1274 4876 ⁹
1292 4839 1356 4892 ultr.
1369 4839 1484 4891 Boretius
1502 4840 1528 4889 in
1540 4855 1648 4889 monum.

216 4935 302 4986 Genua
320 4933 371 5000 leg.
388 4933 468 4986 noli
490 4952 516 5002 p,
528 4933 670 4986 LXXXIX.
698 4934 746 4986 hoc
768 4950 867 5000 quoque
889 4949 940 4984 nou
958 4931 1208 5000 praetermittendum
1226 4939 1266 4982 est
1283 4929 1395 4996 plurimis
1412 4928 1473 4981 locis
1492 4928 1527 4979 ibi
1545 4926 1650 4993 allegari

216 5024 324 5090 reliquae
341 5033 426 5091 partes
444 5023 529 5090 legum
546 5023 748 5088 Iustinianerum,
766 5023 874 5090 Digesto
885 5031 969 5074 eutem
980 5022 1137 5090 puueissImis
1149 5037 1196 5072 nee
1208 5020 1257 5072 uisi
1269 5019 1347 5072 semel
1359 5019 1384 5085 (5
1397 5020 1413 5070 b
1426 5018 1459 5070 ad
1471 5017 1488 5068 l.
1501 5017 1577 5070 Roth.
1586 5016 1649 5084 200)
