3766 5554
177 301 218 348 ar
236 301 375 349 boenas
397 300 646 349 sumnusmons
846 277 933 358 625
1358 280 1434 350 XXI
1455 285 1475 348 2
1497 288 1611 344 38-41
1640 337 1644 344 .

177 438 318 509 actionem,
338 454 398 494 eam
417 443 552 509 praestet:
570 437 654 494 habet
672 443 764 495 autem
783 439 947 496 contrariam
965 439 1172 510 pignoratitiam
1191 439 1335 496 actionem.
1369 443 1398 494 et
1416 439 1503 510 magis
1522 443 1565 494 est
1583 443 1613 493 ut

176 533 309 597 praestet:
332 529 377 582 eui
400 527 474 582 enim
497 543 552 582 non
575 543 693 598 aequum
718 527 856 584 uidebitur
878 529 923 584 uel
941 527 993 584 boe
1009 529 1107 584 saltem
1125 529 1258 598 consequi
1275 533 1439 600 emptorem,
1462 527 1536 598 quod
1554 528 1613 583 sine

177 615 318 687 dispendio
336 616 479 672 creditoris
497 613 618 671 loturum
637 617 701 672 est?

129 707 161 766 39
225 705 368 760 Imauus
391 703 460 760 libro
483 705 710 776 quinquagesimo
729 707 846 776 septimo
864 705 1042 775 digestorum.
1079 705 1168 762 Minor
1186 704 1283 776 uiginti
1301 705 1421 776 quinque
1440 700 1613 788 &Hs-s}
1645 711 1667 765 S

175 793 252 848 annis
274 792 388 848 fundum
408 793 533 848 uendidit
550 795 636 864 Titio,
661 810 724 850 enm
742 796 831 850 Titius
850 793 927 851 Seio:
951 795 1039 850 minor
1056 809 1086 850 se
1104 795 1133 850 in
1151 810 1186 851 ea
1202 795 1360 850 uenditione
1378 794 1612 864 circumscriptum
1632 805 1646 844 s

176 881 241 936 dieit
258 886 287 936 ct
304 882 424 952 inpetrat
442 883 625 952 cognitionem
643 899 698 938 nou
711 887 816 939 tantum
831 884 963 940 aduersus
976 884 1087 954 litium,
1106 884 1250 939 sedetiam
1263 883 1396 938 aduersus
1409 881 1514 938 Seium:
1533 881 1614 938 Seius

175 970 330 1039 postulabat
348 971 422 1041 apud
439 977 594 1041 praetorem
613 973 708 1027 utilem
726 971 779 1028 sibi
797 972 832 1027 de
850 973 986 1028 euictione
1004 973 1208 1043 stipulationem
1226 973 1254 1029 in
1266 973 1369 1028 Titium
1387 972 1460 1026 dari:
1479 987 1532 1041 ego
1547 971 1612 1028 dan·

175 1057 236 1113 dam
256 1059 396 1130 putabam.
423 1060 565 1128 respondi:
584 1061 685 1116 iustam
703 1077 761 1116 rem
779 1061 859 1117 Seius
877 1062 1012 1132 postulat:
1030 1078 1094 1116 nam
1113 1063 1136 1118 si
1155 1063 1180 1117 ei
1196 1061 1296 1117 iundm
1308 1062 1445 1131 praetoria
1457 1061 1612 1130 cognitione

147 1161 157 1205 1
175 1146 282 1203 ablatus
300 1147 396 1218 luerit,
422 1163 540 1219 aequum
558 1149 611 1204 erit
627 1165 677 1220 per
694 1150 811 1205 eundem
830 1155 984 1220 praetorem
1003 1155 1032 1206 et
1049 1151 1213 1206 euietionem
1231 1150 1346 1205 restitui.
1384 1149 1414 1204 Si
1433 1164 1529 1204 seruus
1547 1155 1612 1204 tuna
1631 1159 1645 1200 e

175 1237 269 1292 emerit
291 1236 430 1292 hominem
454 1243 482 1293 el
504 1237 636 1308 euclidem
661 1239 815 1296 condiderit
832 1241 907 1295 Titio
930 1240 1043 1309 simque
1066 1241 1175 1294 nomine
1199 1239 1311 1309 duplam
1328 1239 1484 1309 promiserit
1501 1243 1530 1293 et
1547 1243 1577 1292 tu
1596 1253 1613 1292 a
1632 1259 1653 1306 q.
1665 1247 1696 1293 aa
1717 1245 1733 1292 l.
1745 1247 1790 1294 sot

174 1325 315 1380 uenditore
334 1327 407 1381 serui
426 1327 573 1397 stipulatus
590 1326 688 1382 fueris:
707 1329 732 1382 si
749 1329 839 1384 Titius
856 1343 967 1384 seruum
986 1329 1096 1399 petierit
1114 1333 1142 1382 et
1160 1327 1221 1382 ideo
1240 1327 1330 1382 uictus
1348 1328 1398 1396 sit,
1423 1327 1497 1396 quod
1515 1341 1612 1382 seruus

174 1420 237 1468 tuus
256 1415 283 1470 in
302 1415 436 1470 tradendo
454 1415 513 1470 eine
531 1417 673 1472 uoluntate
692 1423 740 1472 tua
753 1419 948 1488 proprietatem
961 1417 1077 1472 hominis
1090 1415 1237 1472 transferre
1249 1431 1304 1472 non
1316 1417 1459 1486 potuisset,
1478 1416 1613 1484 supererit

173 1503 333 1559 Publiciana
349 1505 422 1558 actio
441 1507 470 1558 et
486 1511 597 1574 propter
614 1505 666 1561 boc
684 1506 784 1577 duplae
803 1506 943 1577 stipulatio
961 1507 987 1561 ei
1004 1521 1060 1562 uon
1077 1505 1275 1562 committetur:
1298 1521 1384 1574 qnare
1402 1504 1528 1559 uenditor
1545 1519 1612 1574 quo·

173 1607 226 1661 que
244 1597 310 1647 tuus
328 1599 456 1663 agentem
474 1599 502 1649 te
521 1610 556 1649 ex
574 1595 708 1665 stipulatu
725 1595 827 1666 poterit
844 1595 900 1650 doli
918 1595 983 1650 mali
1001 1595 1160 1665 exceptione
1179 1609 1360 1650 summouere.
1392 1593 1459 1648 alias
1478 1599 1569 1646 antem
1588 1591 1612 1647 si

173 1697 270 1737 seruus
287 1681 425 1738 hominem
444 1684 541 1738 emerit
558 1689 587 1738 et
604 1683 716 1754 duplam
734 1685 888 1754 stipuletur,
907 1683 1006 1738 deinde
1025 1699 1087 1739 eum
1106 1683 1260 1738 uendiderit
1277 1688 1306 1739 et
1322 1682 1358 1738 ab
1370 1686 1493 1752 emptore
1506 1682 1612 1736 euictus
1632 1693 1660 1734 rs

173 1769 269 1825 luerit:
294 1771 404 1826 domino
421 1771 538 1841 ¹quidem
560 1771 694 1828 aduersus
718 1773 888 1829 uenditorem
906 1773 934 1828 in
952 1773 1068 1828 solidum
1087 1773 1218 1843 competit
1236 1773 1321 1842 actio,
1345 1771 1461 1841 emptori
1480 1785 1545 1826 uero
1564 1769 1612 1825 ad·

173 1875 271 1915 uersus
294 1860 433 1916 dominum
456 1861 601 1916 dumtaxat
623 1862 658 1916 do
680 1863 795 1932 peculio.
828 1862 989 1918 denuntiare
1013 1876 1080 1918 uero
1102 1861 1138 1916 de
1161 1861 1297 1917 euletione
1314 1865 1422 1930 emptor
1439 1873 1533 1929 seruo,
1557 1872 1611 1914 non

172 1947 283 2004 domino
302 1949 398 2004 debet:
423 1949 462 2004 ita
479 1951 551 2006 enim
571 1951 662 2006 euicto
680 1951 790 2007 homine
808 1953 911 2006 utiliter
927 1951 963 2006 de
980 1952 1088 2020 peculio
1105 1966 1188 2020 agere
1206 1951 1321 2020 poterit:
1343 1949 1385 2004 sin
1404 1953 1496 2004 autem
1515 1963 1612 2002 seruus

142 2047 155 2091 a
172 2037 331 2107 decesserit,
349 2044 416 2093 tune
434 2039 544 2094 domino
563 2039 780 2096 denuntiandum
799 2045 848 2096 est.
878 2039 907 2095 Si
926 2057 943 2094 a
961 2055 1005 2094 me
1023 2039 1131 2096 bessem
1147 2037 1225 2094 fundi
1237 2039 1344 2108 emeris,
1363 2038 1464 2092 aTitio
1476 2037 1612 2105 trientem,

171 2125 272 2182 deinde
290 2133 398 2197 partem
417 2127 556 2183 dimidiam
576 2126 654 2184 leudi
673 2145 690 2183 a
707 2134 735 2184 te
753 2131 814 2200 quis
833 2129 955 2200 petierit:
974 2127 998 2182 si
1016 2127 1125 2198 quidem
1145 2141 1180 2182 ex
1194 2126 1274 2184 besse
1287 2142 1368 2197 quem
1381 2144 1398 2182 a
1410 2143 1454 2182 me
1466 2141 1612 2196 acceperas
1632 2137 1661 2178 ao

171 2217 256 2270 semis
274 2217 379 2286 petitus
398 2214 488 2285 luerit,
507 2217 597 2272 Titius
616 2232 671 2282 non
688 2217 832 2290 tenebitur,
851 2219 875 2274 si
893 2233 960 2274 uero
977 2217 1062 2272 biens
1081 2231 1162 2288 quem
1175 2217 1264 2272 Titius
1280 2216 1332 2272 tibi
1348 2216 1499 2272 tradiderat
1511 2221 1540 2270 et
1551 2231 1612 2270 sex·

170 2311 234 2361 taus
258 2321 295 2360 ex
317 2305 398 2360 besse
421 2319 502 2374 quem
527 2321 545 2360 a
568 2322 612 2361 me
635 2322 782 2378 acceperas
806 2309 908 2378 petitus
932 2305 1027 2376 fuerit,
1050 2305 1140 2361 Titius
1158 2305 1270 2375 quidem
1287 2321 1337 2374 pro
1356 2306 1467 2374 triente,
1491 2320 1544 2374 ego
1562 2319 1613 2375 pro

139 2403 153 2448 t
170 2400 299 2449 sermnte
318 2393 482 2448 euictionem
501 2393 552 2449 tibi
570 2396 779 2466 praestabimus.
806 2397 889 2452 Pater
906 2397 996 2451 sciens
1013 2393 1098 2451 filium
1118 2411 1197 2450 suum
1210 2410 1291 2464 quem
1304 2395 1331 2449 ln
1344 2401 1482 2465 potestate
1494 2392 1613 2449 babebat

170 2483 309 2553 ignoranti
327 2483 443 2552 emptori
462 2483 600 2540 uendidit:
625 2486 778 2554 quaesitum
797 2489 854 2554 est,
879 2503 915 2540 au
933 2484 1076 2540 euictiouis
1093 2483 1202 2540 nomine
1220 2487 1355 2538 teneatur.
1387 2482 1543 2553 respondit:
1565 2483 1613 2552 qni

168 2571 287 2628 liberum
307 2571 443 2626 bominem
462 2572 552 2626 sciens
572 2573 615 2628 uel
633 2575 762 2644 ignorans
780 2580 920 2644 tamquam
940 2589 1049 2629 seruum
1069 2571 1179 2643 uendat,
1199 2571 1343 2626 euictionis
1361 2573 1471 2628 nomine
1488 2577 1611 2628 tenetur:
1632 2581 1661 2624 at

169 2675 257 2730 quare
276 2661 358 2714 etiam
377 2665 464 2730 pater,
483 2661 507 2715 si
524 2659 610 2718 filium
628 2679 709 2718 suurn
727 2668 867 2732 tamquam
886 2677 996 2718 seruum
1009 2661 1171 2732 pendiderit,
1189 2661 1332 2716 enietionis
1344 2661 1454 2716 nomine
1466 2660 1610 2729 obligatur.

135 2758 151 2804 4
169 2749 223 2815 Qui
242 2749 433 2804 statuliberum
453 2749 545 2820 tradit,
565 2752 616 2806 nisi
634 2752 734 2808 dixerit
752 2767 815 2807 eum
833 2751 1021 2808 statuliberum
1040 2765 1110 2818 esse,
1128 2750 1272 2806 euictiouis
1291 2749 1400 2804 nomine
1418 2756 1551 2819 perpetuo
1564 2748 1611 2805 ob-

136 2847 150 2893 t
168 2838 282 2908 ligatur.
312 2838 364 2905 Qui
383 2855 493 2895 seruum
512 2839 655 2895 uenditum
672 2841 757 2896 tradit
773 2845 803 2896 et
821 2841 887 2896 dicit
905 2855 985 2895 usum
1004 2838 1122 2894 fructum
1140 2839 1168 2894 in
1186 2853 1219 2894 eo
1237 2837 1293 2893 Seii
1311 2853 1380 2908 esse,
1400 2854 1461 2894 eum
1480 2838 1516 2892 ad
1534 2837 1610 2894 Sem·

167 2927 297 2996 pronium
319 2928 470 2999 pertineat,
493 2927 653 2999 Sempronio
677 2945 757 2986 usum
781 2928 900 2984 fructum
921 2933 1032 2998 petente
1053 2927 1167 2998 perinde
1191 2931 1312 2997 tenetur,
1337 2943 1370 2982 ac
1388 2927 1412 2982 si
1430 2928 1458 2982 in
1475 2925 1611 2982 tradendo

167 3015 288 3070 dixisset
310 3031 378 3070 usus
400 3014 506 3072 duetus
530 3017 639 3074 nomine
662 3019 796 3074 aduersus
814 3017 907 3073 Seium
925 3032 981 3072 non
997 3017 1093 3072 teneri.
1126 3020 1156 3072 et
1173 3017 1196 3072 sl
1214 3032 1244 3072 re
1262 3031 1329 3072 uera
1346 3015 1403 3072 Seii
1420 3032 1487 3072 usus
1505 3015 1610 3072 fructus
1630 3026 1659 3068 su

167 3102 263 3174 inerit,
282 3105 391 3174 legatus
410 3111 503 3161 autem
522 3107 568 3177 ita,
588 3112 627 3176 ut,
646 3123 708 3162 eum
728 3107 764 3162 ad
782 3105 875 3162 Seium
890 3107 1026 3176 pertinere
1038 3105 1164 3177 desisset,
1183 3104 1337 3176 Sempronii
1348 3109 1430 3174 esset,
1449 3103 1610 3174 Sempronio

166 3208 251 3248 usum
271 3192 389 3249 fructum
409 3199 521 3266 petente
539 3195 685 3267 tenebitur,
704 3195 768 3252 Seio
786 3198 886 3266 agema
904 3200 979 3250 reete
996 3192 1128 3264 defugiet

109 3277 149 3338 40
223 3283 304 3337 Inna
326 3281 395 3338 libro
419 3285 647 3354 quinquagesimo
671 3291 771 3341 octauo
793 3285 972 3354 digestorum.
1009 3281 1037 3338 Sl
1060 3283 1083 3338 is
1106 3283 1153 3352 qui
1176 3283 1244 3340 satis
1268 3299 1285 3338 a
1309 3299 1353 3339 me
1376 3281 1411 3338 de
1436 3277 1610 3366 [ffl—[o
1644 3290 1665 3344 S

165 3371 308 3427 euictiom
326 3371 434 3440 accepit
450 3369 565 3428 fundum
585 3390 602 3428 a
620 3389 663 3430 me
681 3372 782 3429 herede
799 3373 947 3443 legauerit,
969 3369 1112 3428 confestim
1130 3369 1307 3428 fideiussores
1323 3371 1519 3441 liberabuntur,
1538 3373 1610 3442 quia,

165 3459 280 3515 etiamsi
298 3459 405 3514 euictus
424 3458 506 3515 fuerit
523 3461 559 3518 ab
577 3477 611 3519 eo
629 3463 674 3518 eui
691 3463 800 3532 legatus
818 3460 916 3531 luerat,
934 3461 1008 3516 anila
1026 3460 1159 3517 aduersus
1176 3459 1352 3517 fideiussores
1370 3461 1442 3516 actio
1461 3465 1511 3515 est
1629 3472 1659 3515 ss

105 3543 143 3601 41
223 3549 344 3604 Patruus
362 3547 431 3604 libro
449 3549 571 3605 secundo
589 3550 625 3605 ad
642 3551 762 3606 edietum
781 3550 908 3606 aedilium
927 3549 1070 3604 curulium.
1107 3549 1137 3606 si
1154 3551 1181 3606 el
1198 3551 1242 3606 cui
1260 3549 1372 3606 uendidl
1389 3554 1419 3604 et
1436 3542 1611 3634 [2]ῇῇ
1629 3555 1671 3612 Ἐ

164 3636 282 3706 duplam
300 3637 437 3707 promissi,
456 3653 518 3693 cum
536 3639 595 3709 ipse
608 3638 704 3694 Mem
717 3639 892 3710 stipulatione
904 3638 971 3694 mihi
983 3637 1111 3709 canisset,
1129 3639 1208 3694 henes
1220 3638 1379 3708 exstiterim,
1398 3639 1489 3694 euicto
1501 3639 1610 3694 homine

163 3725 246 3780 nulla
263 3731 342 3795 parte
360 3727 501 3796 stipulatio
519 3727 710 3784 committitur:
734 3743 824 3798 nequa
842 3729 914 3784 enim
932 3727 1000 3783 mibi
1018 3727 1107 3782 euinei
1125 3727 1247 3796 uidetur,
1270 3741 1332 3782 eum
1351 3727 1521 3782 uendiderim
1539 3741 1611 3797 eum,

162 3829 260 3884 nequo
284 3815 309 3868 ei
332 3815 378 3868 cui
400 3831 444 3870 me
467 3817 659 3886 promissorem
678 3821 861 3887 praestarem,
885 3815 1013 3886 quoniam
1032 3831 1129 3886 pamm
1148 3815 1290 3872 commode
1308 3815 1385 3872 dicar
1401 3817 1460 3886 ipse
1479 3816 1545 3872 mibi
1562 3816 1611 3872 dn·

126 3912 140 3957 1
160 3903 244 3972 piam
266 3899 415 3972 praestare*
431 3901 540 3960 debere.
577 3906 646 3961 Item
671 3907 696 3960 ai
716 3905 827 3962 domino
845 3907 918 3961 semri
936 3905 1015 3962 berea
1034 3905 1170 3962 exstiterit
1188 3909 1306 3974 emptor,
1331 3907 1460 3975 quoniam
1479 3905 1568 3960 euinei
1586 3905 1612 3959 ei
1628 3917 1658 3957 ao

160 4007 224 4046 non
248 3998 342 4061 potest
366 4007 417 4047 nee
441 3993 501 4062 ipae
524 3992 576 4048 sibi
599 3994 708 4050 nidetur
732 3995 873 4064 euincere,
898 4010 954 4051 non
971 3995 1151 4050 committitur
1169 3994 1268 4063 duplae
1286 3994 1434 4062 stipulatio.
1468 3993 1510 4048 bis
1527 3995 1612 4062 igitur

125 4079 281 4136 suasibus
300 4097 335 4136 ex
353 4087 445 4152 empto
464 4080 602 4150 agendum
621 4083 681 4138 erit.
715 4083 745 4139 Si
763 4083 800 4153 is,
819 4084 866 4153 qni
884 4081 998 4139 fundum
1018 4083 1115 4138 emerit
1132 4087 1161 4138 et
1179 4083 1246 4138 satis
1264 4082 1299 4136 de
1318 4083 1454 4138 euictione
1473 4083 1611 4152 acceperit

160 4173 192 4223 et
214 4170 334 4226 eundem
352 4169 467 4226 fundum
487 4171 654 4242 condiderit,
679 4173 795 4244 emptori
813 4187 864 4228 suo
882 4172 961 4228 heres
980 4173 1128 4242 exstiterit,
1151 4173 1195 4227 nel
1213 4188 1248 4226 ex
1266 4171 1401 4226 contrario
1420 4176 1527 4242 emptor
1544 4185 1610 4226 uen·

159 4257 251 4314 diton'
268 4257 349 4314 heres
368 4259 517 4315 exstiterit:
537 4275 571 4316 an
590 4261 680 4317 euicto
698 4260 784 4317 tundo
802 4277 865 4317 oum
879 4260 1086 4318 fideiussoribus
1098 4275 1181 4332 agere
1193 4261 1289 4332 possit,
1308 4260 1456 4332 quaeritur.
1484 4259 1611 4316 existimo
1629 4273 1659 4313 aa

161 4381 257 4452 ΠΡ(
260 4383 291 4447 V,
309 4385 548 4457 perceperam
566 4393 592 4439 a
610 4387 678 4442 we
693 4387 773 4458 actio,
796 4386 843 4456 up]
943 4408 949 4421 -

158 4559 253 4614 ose
266 4561 294 4614 in
306 4560 344 4614 Ρ·
385 4561 618 4618 9oblatusP⁶V·
660 4565 692 4618 ll
706 4561 862 4632 fueritP·l
916 4565 1003 4620 tinsat
1032 4563 1188 4634 sempronio
1225 4583 1274 4617 om.
1299 4563 1339 4616 P·
1367 4562 1372 4629 l
1401 4565 1537 4632 petentem
1571 4562 1611 4616 P·

157 4630 241 4700 ideo]
266 4631 302 4686 de
327 4646 361 4686 eo
385 4633 494 4687 We
556 4635 590 4689 14
613 4635 686 4704 tuns]
715 4635 796 4690 licius
823 4635 863 4688 P·
916 4639 951 4691 31
969 4634 1062 4706 suerit]
1080 4635 1189 4690 nomine
1207 4632 1290 4689 fuerit
1307 4635 1345 4687 Ρ·
1361 4635 1365 4698 l
1381 4633 1490 4702 legatur
1509 4633 1553 4696 Ρ),
1573 4632 1610 4687 le·

158 4700 424 4770 19deeesseratPl
440 4703 735 4760 denunciandusP·U⁶
756 4705 862 4761 tobes
916 4712 966 4777 gat
983 4707 1024 4760 P·
1039 4709 1044 4776 1
1060 4707 1225 4776 sempronio]
1244 4705 1427 4774 sempronium
1447 4705 1488 4758 P·
1504 4711 1611 4774 utroque

156 4787 228 4826 sem
248 4773 294 4838 P·,
319 4783 367 4828 lac.
382 4774 415 4828 U*¹
469 4777 502 4829 21
522 4777 614 4844 mmis]
634 4777 702 4831 emis
722 4778 762 4831 Ρ·
784 4779 788 4843 Ι
807 4783 862 4832 tra·
916 4781 971 4833 loro
1029 4781 1065 4834 32
1088 4777 1208 4847 petente]
1234 4781 1344 4846 petente
1366 4775 1479 4846 perinde
1502 4777 1612 4829 tenetur

155 4843 270 4898 diderit
292 4845 332 4898 Ρ·
394 4845 430 4898 22
451 4844 561 4901 bessem
580 4848 621 4900 P·
645 4851 648 4914 Ι
673 4848 798 4902 trientem
822 4849 863 4902 P·
917 4864 951 4904 ac
975 4849 998 4903 si
1022 4850 1050 4903 in
1073 4847 1207 4903 tradendo
1232 4847 1347 4903 dixisset
1370 4846 1517 4916 sempronii
1536 4849 1611 4899 esset

155 4916 199 4968 26
222 4915 256 4982 ss]
276 4935 324 4968 nm.
338 4916 386 4980 P·,
404 4916 450 4984 qui
472 4917 538 4971 PtU
589 4919 624 4972 27
642 4919 689 4988 qui
759 4919 863 4988 obliga·
917 4921 1102 4990 sempronium
1112 4935 1191 4975 usum
1202 4917 1319 4974 iuuenum
1330 4924 1440 4990 petente
1451 4919 1490 4971 Ρ·
1519 4918 1610 4971 3'lex·

154 4989 211 5038 tur
231 4987 376 5058 supptF²t
395 4985 524 5048 ’γπὸκειτιι
543 4988 574 5059 τῇ
592 4987 770 5044 ituraeam...
786 4989 864 5052 ὁῨπὸ
917 4993 1060 5047 lilerieP·
1106 4993 1142 5046 43
1161 4992 1302 5046 uelox...
1317 4987 1611 5045 44exstiterit0m.P⁶

155 5055 236 5123 ὅρογ
248 5053 472 5130 ὲλεγθεροῩκεκοκ
485 5061 585 5114 umida
594 5061 621 5115 B
631 5059 711 5134 (Tip.)
756 5063 791 5117 29
803 5077 863 5132 per·
