3766 5554
851 227 934 308 631
1357 235 1434 304 xxi
1453 238 1474 304 ι
1495 243 1612 300 es-ra

178 409 281 451 omnem
300 409 412 448 causam
431 397 553 448 statutae
570 392 712 460 libertatis,
732 391 781 446 scd
799 405 860 445 eam
878 391 1023 448 dumtaxat
1041 407 1122 462 quam
1140 393 1359 462 pronuntiauerit
1376 395 1520 464 excepisse
1536 395 1612 450 uide-

177 483 260 538 bitur:
284 483 371 537 ueluti
390 482 414 536 ei
434 483 495 550 quis
513 481 649 536 bominem
669 481 769 534 dixerit
785 480 880 535 decom
899 479 965 534 dare
983 481 1088 536 iussum
1107 481 1184 550 isque
1202 487 1267 552 post
1284 497 1385 538 annum
1404 482 1439 538 ad
1457 483 1611 538 libertatem

176 572 343 642 peruenerit,
368 570 434 639 quia
450 570 503 624 boc
521 569 603 624 modo
621 569 733 624 libertas
751 568 818 624 data
834 567 930 624 fuerit:
950 568 1068 624 'Stichus
1084 574 1149 640 post
1166 586 1267 626 annum
1285 571 1354 625 liber
1372 571 1449 640 esto',
1468 571 1612 626 euictionis

149 659 340 730 aobligatione
362 657 508 713 tenebitur.
545 657 616 723 Quid
635 671 714 726 ergo,
738 657 785 726 qui
803 657 907 712 iussum
927 657 1021 712 decem
1040 659 1106 714 dare
1124 661 1284 730 pronuntiat
1301 661 1400 729 uiginti
1417 660 1483 715 dare
1501 659 1610 730 debere,

176 765 262 804 nonne
280 749 308 803 in
327 747 513 803 condicionem
533 746 683 801 mentitur?
714 761 809 801 uerum
829 751 871 800 est
889 745 961 801 hunc
979 761 1088 817 quoque
1105 749 1134 803 in
1152 749 1356 804 condicionem¹
1376 749 1483 804 mentiri
1502 753 1531 803 et
1548 749 1611 804 ideo
1631 763 1644 802 e

176 837 284 908 quidam
308 836 534 892 existimauerunt
555 835 608 890 boc
631 849 740 904 quoque
763 851 829 890 casu
851 835 994 890 euictionis
1013 838 1215 906 stipulationem
1235 837 1371 893 contrahi:
1394 837 1443 892 aed
1462 837 1612 892 auctoritas

176 925 260 982 Seruii
278 925 432 996 praeualuit
450 924 631 980 existimantis
650 922 701 978 hoc
720 939 786 978 casu
805 939 839 979 ex
855 928 947 994 empto
960 925 1095 980 actionem
1108 941 1178 996 esse,
1198 927 1325 982 uidelicet
1337 927 1401 996 quia
1412 925 1529 995 putabat
1538 941 1611 994 eum,

175 1016 219 1084 qui
236 1015 442 1084 pronuntiasset
459 1029 570 1067 seruum
588 1013 687 1082 uiginti
704 1012 770 1067 darc
787 1013 902 1082 iussum,
921 1013 1108 1070 condicionem
1126 1016 1277 1084 excepisse,
1295 1029 1366 1083 quae
1384 1021 1458 1070 esset
1470 1015 1498 1069 in
1511 1014 1611 1070 dando.

146 1103 275 1159 lSeruus
299 1101 450 1158 rationibus
473 1101 588 1156 redditis
608 1101 677 1156 liber
695 1116 757 1156 esse
775 1102 866 1157 iussus
884 1107 942 1156 est:
966 1101 1038 1157 bunc
1056 1103 1136 1158 heres
1153 1105 1267 1158 tradidit
1284 1109 1313 1159 et
1331 1103 1400 1158 dixit
1418 1108 1527 1158 centum
1545 1103 1612 1160 dare

174 1194 286 1248 iussum.
324 1193 347 1246 si
369 1191 445 1246 nulla
468 1191 573 1259 reliqua
596 1195 661 1245 sunt
684 1205 756 1260 quae
779 1206 876 1245 seruus
898 1189 963 1244 dare
982 1191 1082 1247 debeat
1099 1198 1127 1246 et
1144 1207 1194 1262 per
1211 1191 1263 1248 hoe
1281 1192 1357 1247 adita
1374 1191 1527 1247 hereditate
1544 1192 1612 1247 liber
1632 1205 1660 1246 ro

177 257 217 304 ET
238 255 376 304 nortae
400 253 649 304 suffusamortu

173 1280 262 1336 iactus
280 1285 331 1350 est,
350 1279 483 1349 obligatio
502 1279 646 1334 euictionis
664 1279 841 1348 contrabitur,
860 1293 893 1334 co
911 1279 985 1349 quod
1003 1280 1071 1335 liber
1086 1281 1166 1337 bomo
1179 1285 1318 1350 umquam
1332 1280 1475 1336 statuliber
1486 1281 1611 1336 traditur.

70 1391 72 1396 ·
173 1371 196 1424 si
213 1375 324 1424 centum
342 1371 371 1424 iu
389 1370 499 1438 reliquis
518 1367 614 1437 babet,
639 1372 733 1437 potest
750 1367 836 1422 uideri
854 1367 933 1424 heres
951 1385 1006 1425 non
1024 1385 1085 1425 esse
1103 1371 1247 1437 mentitus,
1266 1370 1394 1439 quoniam
1413 1371 1533 1425 rationes
1552 1369 1611 1425 red-

173 1459 236 1514 dere
254 1458 346 1514 iussus
365 1457 531 1528 intellegitur
549 1473 682 1512 summam
702 1458 835 1526 pecuniae
852 1470 925 1526 quae
943 1473 977 1512 ex
995 1460 1106 1529 reliquis
1125 1459 1262 1526 colligitur
1279 1457 1370 1513 iussus
1388 1457 1468 1512 dare:
1487 1458 1532 1513 cui
1548 1473 1611 1514 con·

172 1563 290 1617 sequeus
309 1553 365 1618 eat,
383 1553 429 1618 ut,
448 1549 472 1602 si
491 1547 580 1601 minus
599 1561 680 1616 quam
700 1551 810 1600 centum
828 1546 856 1599 in
874 1546 985 1616 reliquis
1003 1547 1142 1617 babuerit,
1160 1547 1246 1602 ueluti
1264 1547 1324 1601 sola
1340 1546 1553 1618 quinquaginta,
1571 1552 1611 1618 ut,

172 1651 233 1691 cum
257 1651 319 1691 eam
342 1637 487 1706 pecuniam
513 1635 632 1702 dederit,
658 1634 693 1688 ad
715 1633 868 1688 libertatem
892 1637 1060 1706 peruenerit,
1084 1637 1118 1690 de
1141 1636 1251 1704 reliquis
1270 1635 1469 1705 quinquaginta
1486 1636 1558 1691 actio
1577 1651 1612 1692 ex
1631 1648 1660 1707 :a

143 1730 265 1796 tempto
284 1729 431 1796 competat.
460 1723 515 1780 Sed
534 1728 563 1778 et
580 1723 604 1778 si
622 1723 683 1792 quis
701 1723 728 1777 in
747 1722 905 1778 conditione
923 1725 1111 1780 statuliberum
1129 1724 1281 1794 persuasorie
1296 1724 1403 1794 dixerit,
1422 1725 1610 1780 condicionem

172 1821 264 1870 autem
282 1813 416 1868 libertatis
435 1813 579 1882 celauerit,
602 1813 687 1881 empti
705 1811 806 1867 iudicio
824 1812 974 1882 tenebitur,
992 1813 1015 1868 si
1032 1812 1061 1866 id
1079 1813 1207 1867 nescierit
1224 1818 1345 1882 emptor:
1369 1813 1413 1868 bic
1431 1814 1503 1868 euim
1522 1813 1611 1884 expri-

172 1905 254 1959 mitur
272 1918 349 1972 eum,
374 1903 420 1972 qui
439 1901 540 1957 dixerit
558 1899 748 1956 statulibernm
767 1907 796 1955 et
813 1901 913 1956 unllam
932 1901 1119 1956 condicionem
1137 1903 1366 1972 pronuntiauerit,
1391 1902 1534 1958 euictionis
1552 1901 1611 1971 qul-

172 1993 234 2048 dem
253 1993 364 2047 nomine
383 2007 438 2046 non
456 1991 557 2060 teneri,
582 1992 605 2044 si
624 1990 784 2045 condicione
801 1990 914 2058 impleta
931 2005 1028 2044 seruus
1045 1989 1082 2044 ad
1100 1989 1253 2046 libertatem
1271 1992 1440 2062 peruenerit,
1458 1991 1508 2046 sed
1527 1991 1612 2060 empti

171 2081 273 2136 iudicio
297 2081 398 2148 teneri,
422 2080 446 2134 si
469 2079 550 2134 modo
574 2079 775 2148 condicionem,
799 2093 881 2148 quam
903 2078 1009 2133 sciebat
1025 2079 1209 2148 praepositam
1229 2095 1304 2148 esse,
1328 2080 1441 2134 celauit:
1466 2079 1547 2134 sicuti
1564 2079 1611 2148 qui
1631 2090 1660 2132 ao

170 2167 286 2224 fundum
309 2171 393 2225 tradit
416 2175 458 2238 et,
483 2185 545 2224 cum
569 2169 639 2222 sciat
663 2173 766 2222 certam
790 2168 951 2222 seruitutem
977 2166 1084 2237 deberi,
1106 2167 1259 2238 periusorie
1277 2168 1391 2224 dixerit:
1411 2167 1515 2224 'itinera
1533 2173 1611 2224 acuns

171 2257 278 2328 'quibus
303 2263 367 2314 suut
389 2259 484 2330 utique
507 2263 585 2326 sunt,
607 2261 682 2312 recte
706 2255 852 2326 recipitur',
876 2257 1019 2312 euictionls
1040 2256 1149 2326 quidem
1168 2259 1277 2313 nomine
1296 2272 1326 2312 se
1344 2257 1454 2327 liberat,
1480 2257 1529 2311 sed
1547 2257 1612 2326 quia

140 2347 282 2416 edecepit
304 2351 469 2416 emptorem,
493 2347 579 2416 empti
601 2347 702 2402 iudicio
726 2349 843 2400 tenetur.
880 2345 911 2400 Iu
935 2343 1021 2400 fundo
1044 2345 1157 2400 uendite
1178 2361 1241 2401 cnm
1259 2346 1357 2402 modus
1375 2361 1436 2416 pro-
1456 2341 1611 2429 [fija]

169 2437 313 2491 nuntiatus
337 2435 429 2503 deest,
455 2435 571 2490 sumitur
588 2435 677 2506 portio
696 2449 730 2490 ex
748 2434 851 2505 pretio,
877 2433 951 2504 quod
969 2437 1057 2488 totum
1076 2435 1259 2504 colligendum
1277 2439 1372 2490 estex
1391 2435 1517 2491 omnibus
1535 2435 1611 2504 iuge

169 2523 246 2579 rr‘bus
264 2523 354 2578 dictis.
1632 2535 1661 2577 ae

118 2611 153 2669 70
222 2613 344 2668 Pronus
361 2612 429 2668 libro
448 2613 543 2683 quinto
562 2611 761 2682 quaestionum.
788 2610 888 2666 Euicta
904 2625 934 2665 re
953 2615 1100 2682 exempto
1117 2612 1257 2668 actiouon
1290 2623 1611 2684 13.1s,11,69.1lp.16,64
1629 2618 1657 2671 P

169 2701 204 2756 ad
228 2702 342 2770 pretium
366 2701 510 2756 dumtaxat
531 2700 731 2770 recipiendum,
755 2699 805 2754 sed
822 2699 859 2754 ad
877 2699 905 2754 id
923 2700 998 2769 quod
1016 2700 1130 2756 interest
1149 2701 1306 2772 competiit:
1330 2717 1398 2772 ergo
1416 2708 1457 2772 et,
1482 2703 1506 2758 si
1524 2704 1612 2758 minor
1629 2708 1700 2756 tull

169 2805 232 2846 ease
251 2791 350 2860 eoepit,
369 2789 498 2845 damnum
518 2790 648 2859 emptoris
666 2789 726 2844 erit.

118 2877 150 2936 71
223 2881 302 2934 loen
320 2877 387 2934 libro
406 2884 486 2934 sexto
504 2879 610 2933 decimo
628 2877 828 2947 quaestionum.
856 2873 1021 2932 Paterfiliae
1034 2875 1291 2933 nomineiundum
1283 2895 1310 2933 ιιι
1323 2877 1415 2934 dotem
1435 2873 1656 2962 ΜΡ

169 2967 261 3023 dedit:
280 2969 371 3024 euicto
389 2982 422 3022 eo
441 2983 476 3022 an
495 2981 529 3022 ex
548 2971 641 3036 empto
659 2966 703 3020 nel
722 2965 823 3036 duplae
842 2965 982 3035 stipulatio
1001 2967 1200 3037 committatur,
1219 2967 1298 3036 quael
1316 2971 1396 3035 pater
1413 2967 1543 3023 damnum
1562 2984 1609 3037 pa·
1630 2977 1658 3020 ao

169 3058 262 3126 tiatur,
282 3073 336 3112 non
354 3057 490 3112 immerito
508 3054 663 3110 dubitatur:
682 3069 736 3109 non
754 3056 826 3110 euim
845 3055 917 3110 sicut
935 3055 1055 3110 mulieris
1073 3055 1124 3110 doe
1142 3059 1193 3125 est,
1212 3056 1252 3110 ita
1267 3057 1355 3125 patris
1373 3069 1435 3110 esse
1451 3057 1506 3112 dici
1518 3059 1611 3126 potest

168 3162 221 3202 uec
244 3144 368 3200 conterre
391 3145 521 3200 frutribus
540 3145 648 3214 cogitur
666 3143 758 3198 dotem
777 3159 794 3198 a
812 3159 842 3200 se
860 3143 1010 3214 proiectam
1029 3147 1157 3198 manente
1175 3145 1356 3199 matrimonio.
1390 3144 1439 3200 sed
1458 3144 1610 3214 uideamus,

168 3251 201 3290 ne
218 3233 389 3304 probabilius
407 3233 515 3289 dicatur
533 3233 666 3288 committi
684 3231 736 3287 hoe
754 3247 863 3301 quoquae
881 3248 948 3288 casu
967 3233 1184 3303 stipulationem:
1203 3233 1317 3288 interest
1334 3233 1407 3288 eninr
1424 3215 1511 3303 patrii
1526 3232 1608 3288 filiam

168 3322 294 3378 dotatam
319 3321 419 3378 habere
438 3326 467 3378 et
485 3337 562 3392 spem
581 3321 746 3392 quandoque
763 3320 936 3390 recipiendae
955 3321 1039 3392 dotis,
1063 3323 1159 3391 utique
1177 3323 1200 3378 si
1218 3323 1246 3378 in
1264 3325 1401 3392 potestate
1419 3323 1463 3376 sit.
1494 3321 1568 3390 quod
1587 3323 1610 3376 si

168 3411 344 3480 emancipata
362 3417 417 3480 ost,
442 3411 488 3466 uix
507 3411 607 3480 poterit
625 3407 735 3464 delendi
754 3409 847 3463 statim
866 3410 998 3464 committi
1017 3411 1235 3480 stipulationem,
1255 3427 1317 3465 oum
1335 3426 1391 3466 runo
1409 3425 1475 3466 casu
1493 3410 1528 3464 ad
1547 3425 1609 3465 eum
1631 3422 1659 3462 aa

167 3499 220 3556 doe
240 3499 347 3569 regredi
366 3499 462 3570 possit.
489 3499 621 3568 numquid
641 3513 707 3568 ergo
724 3503 790 3553 tunc
803 3497 912 3553 demum
926 3513 1008 3567 agere
1020 3500 1117 3570 possit,
1135 3515 1197 3554 cum
1210 3505 1318 3554 monna
1329 3499 1358 3553 in
1370 3498 1542 3552 matrimonio
1554 3495 1611 3552 filia

167 3589 260 3659 potuit
279 3587 370 3643 dotem
389 3593 522 3658 repetere,
541 3587 564 3642 si
582 3588 689 3642 euictus
707 3584 809 3642 fundus
826 3602 882 3641 non
900 3587 994 3642 esset?
1021 3602 1057 3642 an
1075 3592 1104 3643 et
1121 3587 1172 3643 hoc
1186 3603 1253 3642 casu
1265 3588 1379 3642 interest
1390 3588 1475 3657 patris
1488 3587 1610 3643 dotatam

167 3676 252 3733 filiam
271 3677 381 3746 habere,
399 3683 431 3732 ut
449 3677 542 3732 statim
560 3677 706 3733 conuenire
725 3675 917 3745 promissorem
929 3677 1037 3746 possit?
1062 3677 1136 3746 quod
1149 3677 1237 3747 magis
1248 3682 1364 3746 paterna
1376 3675 1485 3730 affectio
1497 3674 1610 3729 inducit.

115 3769 149 3827 72
224 3767 450 3822 Canursraauus
468 3765 537 3821 libro
556 3764 678 3820 secundo
697 3764 896 3834 quaestionum.
925 3764 993 3820 Cum
1007 3765 1098 3834 plures
1111 3763 1189 3820 tundi
1202 3765 1357 3836 specialiter
1368 3779 1416 3820 no
1435 3759 1538 3848 [Β.
1485 3777 1608 3846 19‚·11
1571 3759 1609 3822 ti
1628 3771 1656 3825 P

166 3855 293 3912 minutim
316 3870 372 3909 uuo
392 3856 574 3910 instrumento
592 3854 738 3923 emptionis
756 3853 916 3922 interposito
934 3854 1083 3924 uenierint,
1106 3870 1160 3909 non
1178 3855 1274 3924 utique
1293 3855 1362 3909 alter
1379 3855 1492 3910 alterius
1509 3853 1611 3908 fundus
1630 3865 1659 3906 so

134 3935 136 3940 ’
166 3959 233 4014 pars
258 3943 368 3998 uidetur
391 3959 466 4014 esse,
491 3943 542 3998 sed
562 3943 640 3998 multi
658 3941 736 3996 tundi
753 3957 810 3997 uua
827 3943 965 4012 emptione
983 3944 1165 3999 continentur.
1195 3949 1223 3997 et
1241 3943 1485 4012 quemadmodum,
1508 3944 1532 3998 si
1550 3941 1611 4012 quis

168 4033 311 4102 complura
335 4033 472 4104 mancipia
493 4047 548 4088 uuo
572 4033 753 4086 instrumento
777 4031 922 4102 emptionis
945 4031 1107 4102 interposito
1130 4031 1299 4102 condiderit,
1322 4033 1465 4088 euictionis
1487 4032 1558 4086 actio
1582 4031 1610 4086 iu

166 4141 193 4194 F
199 4139 334 4210 [P(VU)]

169 4303 177 4334 ¹
199 4313 308 4370 quoque
327 4299 356 4354 in
373 4298 562 4354 condicionem
580 4299 627 4352 det

169 4442 184 4495 1
204 4440 344 4495 nidcuitur
356 4439 393 4494 Ρ·
438 4440 615 4494 4'1nssusF1
632 4441 637 4508 l
652 4439 811 4509 pronuntiat
823 4439 863 4494 ui-

168 4512 239 4582 ginti
252 4512 318 4566 dare
331 4531 380 4565 em
389 4510 429 4565 P·
434 4511 469 4564 V'
505 4511 757 4581 5hunc]tuncPU,
770 4529 818 4563 om.
828 4511 864 4562 V·

168 4586 186 4637 6
206 4583 325 4667 quodam
338 4581 380 4635 P·
430 4581 864 4637 aceruosP=1aucentn1n

167 4655 215 4718 1³²,
234 4653 462 4723 sicemptumP⁶
509 4655 542 4708 16
559 4651 728 4726 ηιιιιεοιίο
741 4653 785 4716 F’,
803 4669 864 4723 per-

167 4723 272 4780 furiose
288 4726 323 4780 U
338 4729 342 4792 t
359 4725 544 4780 condicionem
564 4731 655 4779 autom
670 4723 807 4852 libertat2ig
822 4740 864 4852 (113-

167 4797 269 4851 laucrit
286 4816 334 4850 om.
349 4797 388 4848 P
394 4796 428 4848 V
473 4797 506 4850 ll
526 4797 669 4850 celcruout
687 4795 724 4847 1·

169 4867 232 4922 dico
250 4869 275 4922 F
291 4870 297 4936 Ι
316 4867 484 4938 propositam
504 4868 601 4932 PVtU,
621 4867 761 4937 praeposit
762 4883 808 4920 um
831 4867 866 4920 V·

917 4437 999 4506 PU⁵1
1034 4439 1223 4495 romulciatum
1243 4441 1286 4494 est
1303 4439 1344 4493 Ρ·
1396 4438 1431 4494 24
1448 4437 1545 4506 totum]
1566 4452 1610 4492 ac·

917 4517 1028 4566 tum·
1026 4511 1156 4576 ,tnc'P
1199 4509 1504 4580 atpretium1P⁵V⁶lt
1521 4509 1610 4580 pretio

917 4583 1031 4637 FP·V⁶:
1055 4582 1093 4636 cic
1113 4581 1242 4644 astacum
1260 4583 1309 4636 rac
1326 4582 1402 4636 arado
1419 4581 1446 4634 B
1467 4582 1471 4647 Ι
1492 4595 1559 4650 ergo
1582 4583 1611 4634 et

918 4655 942 4709 si
959 4653 1119 4708 minorasse
1133 4653 1232 4722 coepit]
1251 4662 1326 4739 quast
1342 4659 1406 4707 esset
1421 4652 1531 4706 minoris
1548 4665 1610 4706 esso

918 4732 995 4779 uertit
1015 4725 1145 4779 Graecus:
1170 4725 1232 4778 ὂθειι
1254 4723 1300 4778 aaa
1323 4724 1436 4778 ultroneo
1457 4723 1561 4787 screatu
1584 4723 1610 4776 B

918 4797 1063 4850 30anom.
1079 4795 1117 4848 Ρ·
1160 4795 1427 4865 33ueluceFPU·
1470 4794 1610 4848 34dotam

918 4867 1019 4921 habere
1042 4867 1119 4920 PMU
1178 4867 1212 4922 37
1236 4883 1298 4922 osse
1321 4867 1361 4921 Ρ·
1386 4865 1509 4934 ldotum
1532 4865 1572 4919 Ρ·
1577 4863 1611 4917 U⁰

169 4939 205 4993 21
224 4939 367 4993 itinera..
378 4940 438 4992 2.2
457 4942 532 4992 recte
549 4909 731 5009 recipitur]a1
751 4939 863 5001 usauria·
918 4939 953 4992 38
970 4937 1012 5007 ut]
1032 4942 1063 4991 ut
1079 4953 1096 4992 a
1113 4938 1153 4991 Ρ·
1168 4939 1367 5007 {conuenirent
1383 4938 1424 4992 Ρ·
1428 4937 1463 4992 U·
1467 4937 1481 4991 i
1496 4937 1501 5003 Ι
1517 4939 1611 5006 posset

170 5009 221 5064 oiai
240 5013 292 5078 (cel
303 4979 440 5078 duoiai)'
417 5029 480 5066 creua
500 5009 616 5066 tcrmcaa
637 5011 663 5064 R
710 5011 745 5066 23
763 5009 867 5080 decipit
918 5009 976 5075 PU,
994 5014 1108 5082 possent
1123 5009 1150 5064 V
