3738 5550
139 287 176 336 un
193 285 424 336 monronis
447 285 526 335 sor.
793 261 882 344 415

518 971 667 1046 trouu
693 969 918 1082 eunurus
944 971 1166 1047 oremus.

439 1325 478 1405 it
515 1323 581 1402 DE
608 1189 927 1403 exercitorum
954 1323 1162 1403 ΑΟΤΙΟΝΕ
1202 1326 1241 1405 R
1577 1349 1598 1404 e

105 1485 113 1540 l
177 1449 342 1548 Umnnus
363 1489 434 1547 horo
455 1491 607 1548 uioeunimo
629 1496 729 1548 ooteuo
752 1491 788 1548 sd
812 1489 940 1546 edietum.
977 1489 1129 1548 Utilitstem
1153 1490 1233 1547 huius
1257 1489 1340 1547 edioti
1363 1492 1459 1559 putere
1477 1490 1597 1546 nemos

130 1585 167 1634 est
181 1581 226 1649 qui
243 1581 361 1650 ignoret
388 1595 452 1636 num
466 1595 529 1636 oum
541 1579 678 1636 interdum
691 1580 787 1650 ignoti,
805 1580 884 1636 ouius
902 1579 958 1635 sint
974 1579 1142 1636 ooudieionis
1159 1579 1204 1635 uel
1222 1578 1326 1648 quotes,
1344 1593 1406 1634 oum
1420 1577 1558 1648 magistris
1575 1589 1589 1632 s

128 1673 229 1738 propter
246 1669 398 1740 usuigsndi
415 1671 607 1726 nmeseitotom
626 1669 832 1739 contrahamus,
851 1683 969 1739 soqnnm
985 1667 1039 1724 init
1056 1683 1132 1738 eum,
1156 1667 1204 1739 qul
1221 1667 1381 1736 nsgisnun
1401 1662 1558 1750 Q
1646 1727 1650 1738 ,

129 1757 184 1812 osui
200 1759 345 1828 imposuit,
364 1759 462 1829 teneri,
481 1762 513 1814 ut
529 1763 653 1828 tenant,
672 1759 719 1830 qui
736 1759 888 1814 institorem
906 1757 1038 1814 uberuse
1056 1757 1100 1813 nel
1119 1757 1232 1826 negotio
1249 1756 1423 1828 proeposuit,
1441 1771 1503 1812 oum
1522 1756 1559 1810 sit

128 1846 205 1900 unior
221 1847 375 1903 neoemitss
392 1847 570 1904 oonrshnnoi
591 1864 653 1905 unm
672 1847 803 1924 mugistro
821 1861 903 1917 quum
922 1847 1055 1902 institore.
1085 1845 1187 1916 quippo
1203 1859 1248 1900 ros
1265 1845 1381 1916 potitur,
1405 1849 1436 1900 ut
1453 1843 1488 1900 de
1506 1841 1557 1928 Q)

128 1934 280 1991 oondioione
297 1935 360 2005 quis
377 1936 509 1992 iustitoris
526 1936 656 2008 clispioint
672 1943 701 1994 et
718 1937 756 1992 siu
774 1935 932 1992 nontrshst:
950 1936 979 1992 iu
996 1933 1076 1990 nouis
1094 1933 1227 2004 mugistro
1244 1947 1300 1988 uon
1317 1933 1370 2004 itu,
1393 1949 1458 1988 num
1475 1933 1557 1988 inter·

102 2028 111 2072 1
127 2021 185 2078 inm
201 2023 280 2080 loeus
296 2029 407 2094 tempus
424 2039 479 2080 uon
499 2027 603 2096 potitur
618 2026 727 2096 plenius
744 2023 913 2082 deliberandi
934 2022 1085 2080 eonsilium.
1121 2022 1283 2092 iisgistrum
1301 2023 1381 2078 uuuis
1414 2025 1439 2094 ξ.
1447 2026 1558 2098 §Q
1577 2024 1605 2065 ¹⁰

101 2112 241 2182 tseoipere
259 2111 402 2182 debemus,
421 2114 466 2168 oni
483 2115 572 2170 totius
586 2114 665 2170 nouis
683 2129 749 2170 onis
766 2113 897 2170 mandute
914 2117 966 2168 est
994 2109 1050 2167 Sed
1063 2111 1089 2166 si
1104 2125 1167 2168 oum
1179 2110 1303 2181 quolibet
1314 2127 1381 2166 usu·
1399 2105 1556 2195 [ie-{effi

126 2203 206 2254 omn
224 2201 263 2256 sit
281 2205 460 2272 oontrsetum,
478 2217 534 2258 nou
551 2201 633 2260 osmi
650 2203 722 2258 notio
733 2203 762 2258 iu
773 2203 961 2270 oueroitorem,
979 2215 1144 2271 qusmqnnm
1157 2215 1192 2256 er
1206 2198 1307 2256 deiieto
1319 2199 1441 2256 ouiusuis
1453 2215 1556 2270 eorum,

126 2288 262 2356 primnis
281 2289 455 2359 usuigsudse
473 2305 559 2346 osuss
574 2291 603 2346 in
621 2305 693 2347 nuue
710 2291 778 2360 sint,
802 2289 884 2346 detur
906 2290 979 2346 sotio
1001 2289 1029 2344 in
1052 2289 1246 2345 exereitorem:
1270 2287 1325 2344 sliu
1341 2289 1415 2344 enim
1432 2293 1476 2344 est
1493 2303 1557 2346 oon·

126 2377 243 2434 rmenoi
266 2394 365 2447 esuss,
388 2379 442 2434 siin
464 2379 652 2450 delinquendi,
677 2381 701 2436 si
724 2379 834 2450 quidem
856 2379 903 2450 qui
926 2378 1086 2448 mugistrum
1109 2377 1268 2448 praeponit,
1291 2377 1415 2434 nonnoni
1437 2393 1499 2432 oum
1523 2391 1556 2434 eo

125 2466 258 2537 permittit,
278 2467 327 2537 qui
344 2471 442 2523 nunus
460 2466 582 2537 adhibet,
600 2483 655 2524 nou
674 2469 797 2526 oonmuhi
814 2484 877 2524 oum
895 2467 936 2524 eis
953 2467 1095 2538 permittit,
1112 2465 1164 2523 sed
1181 2467 1262 2536 oulpu
1279 2471 1309 2522 et
1320 2466 1384 2524 dolo
1397 2479 1490 2522 enuere
1508 2479 1557 2520 eos
1576 2479 1604 2520 rs

99 2557 212 2612 iturum
229 2555 326 2612 debet
360 2556 486 2626 uiginti
508 2561 602 2612 sutem
624 2557 801 2627 imponuntur
820 2557 944 2614 ineundis
961 2554 1079 2611 mnibus
1097 2555 1195 2611 uelud
1213 2569 1319 2611 meroes
1337 2555 1381 2612 uei
1400 2548 1557 2638 [πεζῇ

124 2642 276 2700 noeonbns
294 2644 497 2700 ronduoendis¹
515 2645 727 2700 urmumentisuo
750 2646 887 2704 mendis:
911 2644 962 2700 sod
986 2644 1094 2700 etismsi
1117 2642 1253 2700 meroibus
1276 2641 1400 2700 emendis
1422 2644 1467 2701 uel
1490 2658 1556 2700 uon·

99 2729 212 2788 tuendis
229 2732 317 2790 fuerit
327 2733 510 2804 praepositus,
529 2734 612 2790 etism
630 2733 684 2790 hoo
701 2735 811 2790 nomine
829 2733 934 2804 obligat
951 2733 1139 2790 euertitorem.
1175 2732 1264 2790 Ouios
1282 2738 1375 2788 nutem
1393 2731 1485 2788 oondi·
1504 2728 1555 2816 [ᾧ]

124 2819 202 2876 nouis
217 2823 256 2878 sit
274 2822 408 2892 msgisrnr
418 2822 479 2892 inte,
497 2821 564 2878 nihil
575 2823 697 2893 interest,
716 2827 806 2878 utrum
824 2821 893 2880 liber
904 2839 940 2878 nn
952 2835 1057 2893 seruus,
1076 2827 1105 2878 et
1115 2825 1207 2878 utrum
1219 2821 1377 2878 merutoris
1389 2835 1425 2876 un
1436 2820 1555 2878 utinum:

98 2907 167 2964 sno
182 2925 235 2966 neo
251 2910 335 2966 ouius
352 2910 452 2966 setstis
468 2909 514 2982 sit,
532 2911 663 2982 intorem,
681 2910 735 2967 sibi
751 2911 918 2982 imputsturo
936 2911 983 2981 qui
1000 2910 1168 2983 prsoposuit
1195 2910 1357 2980 monstrum
1374 2911 1467 2964 eutem
1485 2909 1555 2966 soei·
1575 2923 1604 2966 so
1624 2917 1631 2934 ⁴

123 2998 205 3066 pimus
222 3014 282 3056 non
299 2999 400 3070 solum,
424 3013 507 3070 quem
524 3001 659 3056 mormius
674 2999 849 3070 proeposuit,
871 2998 922 3056 sed
944 3003 973 3055 et
996 3015 1072 3070 eum,
1096 3013 1179 3069 qoem
1197 2997 1342 3068 megistum
1367 3003 1397 3054 ot
1418 2995 1470 3054 hoo
1492 3012 1556 3054 oon·

123 3087 204 3144 sultns
220 3089 348 3144 Iulianus
370 3087 399 3143 in
420 3088 564 3158 inunum
586 3089 738 3146 exeruitore
759 3086 913 3158 rospondit:
936 3095 1058 3144 ueterum
1080 3088 1105 3143 si
1128 3087 1182 3144 suit
1203 3092 1233 3144 et
1254 3101 1354 3156 possus
1377 3091 1421 3144 ost
1444 3101 1508 3144 eum
1526 3087 1556 3144 lu

122 3191 186 3231 mue
202 3177 367 3248 msgisterio
383 3174 471 3248 imno,
488 3176 549 3248 ipse
565 3193 628 3234 eum
640 3177 804 3248 imposuisse
816 3175 934 3232 uidetur.
961 3191 1032 3247 quse
1044 3176 1182 3232 sententis
1193 3175 1258 3232 mihi
1271 3175 1381 3232 uidetur
1391 3175 1555 3247 probsbiiis:

123 3265 207 3320 omnis
222 3266 301 3322 enim
319 3263 394 3320 fretu
410 3265 535 3336 megisti-i
552 3265 641 3323 dobeo
658 3270 799 3338 prsesture
817 3265 864 3334 qni
881 3279 945 3320 eum
961 3273 1118 3336 praeposui,
1136 3265 1256 3335 alioquin
1272 3263 1465 3321 oontrshentes
1483 3263 1556 3320 deui-

121 3351 235 3421 pientur:
260 3359 293 3410 et
308 3351 416 3412 tunitius
438 3353 491 3412 hoo
513 3355 542 3410 in
559 3355 692 3426 mugistro
714 3369 798 3425 quum
815 3353 940 3410 iustitore
957 3352 1157 3410 &mummium
1178 3359 1292 3424 propter
1308 3353 1465 3410 utilitatem.
1490 3351 1556 3423 quid
1576 3369 1605 3411 su

121 3443 207 3498 tumen
224 3443 251 3498 si
269 3442 313 3498 sio
330 3443 493 3512 mugistruru
511 3443 679 3514 proepomt,
697 3457 732 3498 uo
750 3443 832 3498 siium
851 3441 878 3498 ei
894 3443 990 3498 liueret
1005 3443 1195 3514 praeponere?
1221 3459 1257 3500 su
1274 3443 1366 3500 sdhuo
1380 3441 1478 3498 Iulisui
1495 3455 1556 3498 seu·

121 3531 228 3586 entium
250 3529 438 3602 admittimus,
461 3531 610 3588 uidendum
628 3535 685 3588 est:
708 3530 783 3602 tinge
805 3531 878 3588 enim
901 3535 930 3587 et
952 3531 1113 3588 nomiuutim
1136 3544 1199 3588 eum
1221 3530 1406 3602 prohibuisse,
1430 3545 1465 3586 ne
1483 3529 1556 3586 Titio

122 3619 247 3689 ungoru
277 3619 376 3676 uteris.
412 3619 558 3678 dieeudum
584 3625 677 3678 tumen
704 3621 756 3677 orit
777 3635 811 3676 oo
838 3635 926 3691 usquo
951 3619 1155 3691 produoendsm
1183 3620 1328 3676 utilitatem
1355 3619 1555 3689 nauigantium.

95 3705 219 3766 sennen
238 3709 368 3780 uooipero
386 3707 519 3764 debemus
537 3709 596 3765 sine
614 3708 747 3764 murinum
765 3707 825 3765 siue
843 3707 1002 3766 fluuiutssom
1021 3709 1080 3766 siue
1097 3709 1126 3764 in
1144 3709 1236 3778 utiquo
1254 3714 1354 3780 stugno
1367 3707 1481 3778 usuigot
1497 3708 1557 3764 siue

97 3795 227 3853 isthodin
244 3799 294 3854 sit
331 3797 393 3854 Non
410 3801 502 3853 nutem
521 3811 556 3854 ex
579 3797 654 3854 omni
676 3813 761 3854 erues
782 3801 894 3868 praetor
917 3797 966 3854 dut
988 3798 1016 3854 ln
1040 3798 1218 3855 exeruiturem
1236 3791 1607 3882 sotionem,[1}T—e'‘s,j]jtso

121 3883 165 3940 sed
187 3887 249 3942 eius
273 3887 318 3942 rei
339 3887 461 3958 nomine,
488 3885 585 3942 euius³
607 3885 645 3942 ibi
668 3885 842 3958 praepositus
864 3883 959 3956 inerit,
985 3884 1014 3942 id
1041 3891 1086 3942 est
1111 3885 1136 3942 si
1157 3885 1186 3943 in
1209 3901 1270 3942 eum
1298 3901 1357 3943 rem
1383 3887 1557 3958 praepositus

121 3972 160 4042 sit,
176 3979 208 4030 ut
223 3980 300 4046 putu
316 3975 341 4032 si
358 3973 395 4032 sd
411 3990 482 4032 onus
499 3974 654 4033 ueheudnm
672 3977 792 4032 loentum
810 3975 848 4032 sit
864 3981 913 4032 sut
929 3975 1036 4047 sliquos
1053 3989 1098 4032 res
1121 3976 1219 4032 emerit
1239 3976 1321 4033 utiles
1345 3975 1487 4046 muignnti
1504 3970 1557 4061 [(Ῑ)

120 4077 309 4154 mmm]

123 4239 130 4274 ¹
146 4239 336 4298 eondueondis
354 4248 399 4298 unt
416 4241 464 4298 det
482 4249 528 4298 unt
542 4249 603 4314 pont
619 4240 776 4300 neutoribue
795 4249 842 4298 ins.
860 4241 905 4300 uel
923 4241 1015 4298 muts
1086 4239 1181 4298 ’suit

122 4398 195 4470 eit]
223 4403 292 4471 ros'p
321 4401 356 4465 P,
381 4403 411 4456 fe
441 4399 466 4456 U
540 4402 558 4456 6
585 4400 748 4458 oontruhsnt
774 4401 814 4456 P·
866 4401 902 4457 24
920 4399 1017 4470 debeo]
1036 4399 1120 4456 debet
1138 4399 1238 4467 Tuum!
1259 4399 1414 4470 praeposui!
1434 4399 1558 4468 PVHU,

121 4471 304 4542 iproposuit
326 4472 454 4526 Piso-U·
478 4471 483 4540 Ι
509 4471 555 4542 sit]
583 4473 607 4528 si
628 4472 657 4528 id
680 4479 725 4528 est
745 4472 817 4528 ΡΨ
865 4473 1025 4543 praeposuit
1040 4473 1099 4527 FL-
1143 4471 1178 4526 25
1192 4486 1274 4541 quum
1287 4471 1316 4528 iu
1332 4471 1457 4528 institere
1468 4471 1559 4528 PVI!

121 4539 319 4600 tinstitutore
342 4543 447 4598 P·L·U
518 4543 534 4598 9
558 4543 724 4600 oondntione
746 4541 811 4615 Ρ·Ι
866 4543 1050 4600 292ηυίιίοω
1063 4541 1170 4598 PVLU
1212 4541 1248 4598 30
1262 4541 1383 4614 sehodiu]
1395 4542 1502 4600 sinodis
1514 4543 1558 4608 if,

122 4611 165 4684 siu]
182 4616 206 4670 si
223 4617 361 4700 Γραμμί
370 4615 406 4688 s)
418 4614 546 4682 Ρ·ΙιΠ·Ι
569 4614 641 4685 num]
664 4631 719 4670 nou
737 4613 814 4670 ΡΨ
866 4615 963 4670 uedriu
981 4615 1048 4686 P·?,
1071 4613 1177 4670 inedris
1199 4613 1241 4678 γ’,
1266 4613 1386 4670 sinedriu
1409 4611 1559 4679 P⁸V⁶11⁸U,

123 4685 152 4737 10
174 4685 315 4742 liberandi
338 4685 444 4740 ΡΠ]
520 4686 553 4740 11
577 4687 652 4756 euro]
675 4687 713 4741 F’
737 4693 762 4742 ei
784 4705 814 4742 es
865 4687 911 4742 ubi
929 4695 956 4741 in
1016 4693 1087 4742 mei.-
1104 4687 1144 4755 ἴε
1161 4687 1206 4750 (--
1221 4683 1359 4754 Grumum)
1377 4685 1406 4742 id
1424 4689 1468 4742 esi
1479 4685 1559 4740 ortuis

122 4753 242 4826 Noun)
258 4755 306 4822 17⁸,
323 4770 388 4812 oors
402 4757 448 4822 F,
465 4757 693 4813 nouornPVLU·
708 4759 713 4825 Ι
728 4757 814 4828 qnod·
867 4757 927 4813 sino
988 4757 1067 4828 'oio,
1086 4755 1199 4814 schediu

122 4823 182 4884 ibet
199 4828 241 4884 P·
303 4828 337 4883 15
354 4826 477 4898 adhibet]
494 4829 521 4882 F
533 4836 557 4884 si
575 4848 605 4883 ss
622 4829 749 4898 Pi(smru)
772 4828 813 4894 θ’,
866 4828 910 4884 ius
928 4827 981 4885 sibi
997 4828 1045 4894 P',
1064 4827 1100 4884 ob
1118 4829 1196 4884 ouius
1214 4771 1253 4884 fiii
1274 4826 1304 4894 U,
1322 4829 1421 4883 inula·
1441 4829 1445 4894 Ι
1466 4825 1491 4884 si
1508 4845 1557 4882 oss.

122 4895 317 4964 hsbetPW,
333 4897 476 4956 huberti
529 4900 566 4956 20
602 4899 814 4970 roponnitPVL
866 4899 916 4954 PL
931 4901 936 4970 Ι
951 4901 1124 4972 prsepositus
1198 4900 1234 4956 32
1251 4898 1288 4954 sd
1306 4913 1375 4954 onus
1393 4897 1557 4968 uehendum]

123 4967 152 5024 21
192 4969 324 5044 reposuit
340 4970 446 5026 PVL-
465 4971 470 5039 Ι
489 4976 518 5028 et
536 4916 602 5040 11οοῖ
619 4971 684 5036 iv,
709 4987 744 5028 ex
761 4969 814 5028 hon
866 4971 925 5028 w
942 4980 967 5028 st
984 4991 1015 5030 er
1031 4973 1159 5042 Ps'(suno)
1182 4969 1224 5036 θ’,
1242 4969 1308 5026 dum
1326 4969 1453 5026 Pristi

123 4987 212 5110 Pi&
241 5047 273 5100 et
303 5057 339 5098 ex
363 5041 416 5100 hoo
442 5041 509 5098 mi
576 5043 611 5100 22
638 5057 702 5100 euni
725 5047 769 5100 est
789 5042 818 5098 P

1234 4757 1252 4812 i.
1305 4758 1340 4812 31
1359 4758 1438 4814 utrius
1455 4755 1502 4826 ibi]
1520 4755 1558 4812 ob
