3734 5578
297 278 400 345 XXVI
423 281 464 346 10
482 286 579 341 8-12
968 273 1055 354 780
1146 335 1149 340 .
1220 298 1266 344 on
1290 294 1467 344 susnncms
1490 296 1568 343 sur.
1585 295 1630 341 su
1652 293 1724 342 cun.

258 435 278 494 8
349 435 506 492 luuuiibro
519 437 691 506 sexagesimo
704 437 791 508 primo
809 436 845 492 ud
861 436 989 492 edietum.
1017 435 1180 507 Suspectum
1198 441 1316 492 tutorem
1334 449 1396 490 eum
1429 444 1572 502 1.1,sc‚1o.
1587 443 1726 516 netgo]
1752 437 1774 492 ii

295 530 433 595 putamus,
452 527 499 596 qui
517 525 638 581 moribus
657 528 719 581 tulis
738 525 788 596 est,
807 529 838 580 ut
855 529 999 596 suspectus
1018 526 1066 581 sit:
1084 527 1223 582 enimuero
1234 529 1309 581 tutor
1320 523 1446 594 quemuis
1458 537 1563 593 pauper
1574 528 1625 591 est,
1643 521 1726 576 fidelis

296 620 388 670 tomen
409 619 436 670 et
454 616 578 685 diligens,
598 614 779 670 remouendns
798 630 853 669 non
871 618 914 668 est
932 614 1010 684 qussi
1029 619 1181 685 suspectus.

259 705 277 762 9
350 704 542 760 Moousuucus
560 703 630 760 libro
648 705 778 773 singulari
797 704 831 758 de
848 703 1047 759 heurematicis.
1085 703 1114 758 Si
1131 707 1206 759 tutor
1223 704 1314 773 aliquo
1334 701 1444 758 uinculo
1461 715 1555 758 neces-
1574 692 1727 782 Q
1754 703 1776 757 Ε

296 792 422 847 situdinis
440 793 485 847 uel
504 792 653 848 adfinitatis
672 793 773 862 pupillo
792 793 951 847 coniunctus
970 792 1067 847 situel
1086 793 1108 847 si
1126 797 1258 862 patronus
1276 791 1369 863 pupilli
1387 790 1476 846 liberti
1487 788 1603 844 tutelam
1615 789 1754 858 geritote

296 879 357 950 quis
376 897 470 936 eorum
483 898 500 936 ιι
512 883 599 937 tutelo
611 880 791 937 remouendus
810 880 942 950 uideatur,
962 881 1093 951 optimum
1112 880 1215 936 iactum
1234 885 1278 937 est
1295 885 1448 936 curatorem
1466 879 1492 935 ei
1509 878 1602 948 potius
1619 877 1727 948 adiungi

296 985 377 1040 quam
397 971 513 1025 eundem
532 987 594 1026 oum
613 975 709 1026 notata
725 969 780 1024 fide
799 973 828 1024 et
845 970 1045 1025 existimatione
1063 971 1207 1025 remoueri.

241 1061 278 1119 10
348 1060 529 1115 Pnrmrnuus
551 1059 620 1115 libro
645 1059 806 1114 duodecimo
831 1059 1030 1128 quaestionum.
1066 1059 1184 1115 Decreto
1206 1060 1339 1130 praetoris
1360 1061 1392 1114 ut
1410 1061 1556 1128 suspectus
1574 1051 1728 1142 Q
1753 1059 1776 1112 P

295 1152 417 1203 remotus
434 1149 584 1218 perieulum
603 1147 687 1203 futuri
704 1149 836 1217 temporis
859 1163 914 1204 non
932 1149 1023 1202 timet:
1047 1148 1169 1217 iniquum
1193 1149 1265 1204 enim
1289 1148 1398 1203 uidetur
1421 1145 1557 1202 remoueri
1579 1147 1729 1217 quidemn

296 1239 382 1291 tutela
399 1238 443 1292 uel
462 1253 535 1306 cura,
554 1238 582 1292 in
601 1235 721 1292 futurum
741 1241 832 1292 cutem
852 1253 906 1292 nou
925 1252 985 1292 esse
1004 1251 1138 1293 securum.
1745 1245 1768 1284 ¹⁰

240 1329 276 1386 11
349 1327 426 1380 Inuu
447 1325 517 1381 libro
544 1326 639 1397 quinto
666 1341 867 1395 responsorum.
909 1327 976 1381 Post
998 1324 1102 1381 finitam
1132 1326 1246 1382 tutelam
1270 1325 1390 1395 cognitio
1417 1323 1538 1394 suspecti
1570 1333 1729 1391 B.ct,1o,1o
1754 1327 1775 1380 P

296 1415 393 1469 tutoris
411 1415 536 1484 quamuis
554 1415 658 1484 pridem
677 1419 788 1484 recepte
809 1415 931 1470 soluitur.
1571 1398 1729 1407 ῃ

240 1506 278 1563 12
349 1503 449 1558 qurus
468 1503 585 1566 Aourns
602 1503 671 1559 libro
690 1519 891 1573 responsorum.
928 1501 1000 1558 Nihil
1017 1502 1140 1573 pmponi‚
1159 1518 1208 1557 cur
1224 1501 1410 1574 praescribere
1430 1507 1540 1560 curator
1557 1496 1730 1586 Q
1746 1507 1778 1560 'E

295 1591 384 1662 possit
399 1593 428 1646 in
447 1591 601 1662 cognitione
619 1593 749 1662 suspecti,
767 1607 821 1663 quo
840 1593 929 1647 minus
946 1591 1041 1662 religio
1053 1592 1187 1662 praetoris
1200 1607 1217 1646 c
1228 1592 1354 1663 pupillari
1366 1607 1447 1648 seruo
1459 1591 1608 1663 detegente
1619 1587 1729 1646 fraudes

296 1680 453 1736 instruatur.
1746 1691 1768 1733 rs

295 1786 487 1856 munnio)

295 1945 505 2000 teurematicis
523 1947 550 1999 F
597 1944 754 2001 tractum
772 1946 810 1998 F'
858 1947 987 2001 'inotstc
1040 1951 1106 2002 notc
1123 1946 1180 2000 ΕἸ
1198 1948 1235 2012 (sn
1252 1955 1383 2020 marpesso:
1408 1945 1550 2016 [P]i[scnc]
1573 1960 1637 2000 cum
1656 1949 1731 2000 notat

296 2013 362 2086 fide]
379 2022 458 2072 notet
469 2015 564 2082 fideF,
583 2021 659 2072 noto·
673 2015 728 2073 fids
740 2017 778 2082 D,
796 2023 862 2072 notu
874 2015 929 2072 fide
944 2018 985 2084 W,
1038 2015 1113 2088 fide),
1126 2023 1192 2074 notc
1203 2016 1314 2074 inismie
1328 2018 1358 2084 0,
1372 2017 1467 2074 troii·
1502 2019 1538 2073 13
1549 2015 1729 2074 iuii'cu'usF‘
