3698 5560
292 266 335 332 lll
362 271 477 332 11-2
974 260 1030 342 80
1672 284 1716 330 oe

291 424 479 492 magistratum
497 438 585 490 posse,
605 423 743 491 adspirare
763 428 853 476 autem
872 423 906 482 ad
927 436 1026 476 nonum
1043 421 1151 489 penitus
1163 421 1312 489 prohiberi:
1331 423 1413 490 idque
1426 422 1516 476 multis
1529 421 1718 489 comprobetur

258 524 272 569 6
291 513 429 581 exemplis.
466 513 599 566 Remeuet
617 518 708 565 autem
727 527 744 564 a
762 511 923 579 postulando
941 526 991 579 pro
1010 510 1070 563 aliis
1088 514 1117 564 et
1134 526 1209 578 enm,
1233 511 1280 578 qui
1299 524 1410 578 corpore
1430 526 1479 564 suo
1498 509 1639 564 muliebria
1656 526 1716 578 pas-

291 616 337 654 sus
361 605 411 654 est.
449 601 472 654 si
490 601 550 669 quis
568 605 660 654 tamen
677 600 705 653 ui
723 599 890 668 praedonum
908 601 952 654 uel
970 599 1089 652 hostium
1108 602 1246 666 stupratus
1265 603 1320 666 est,
1345 615 1399 653 nen
1417 598 1499 653 debet
1517 599 1617 668 notari,
1642 603 1719 652 utet

290 690 455 758 Pomponius
478 689 525 743 sit.
558 689 649 757 etqui
668 689 777 756 capitali
795 688 905 742 crimine
924 688 1068 742 damnatus
1087 693 1141 756 est,
1165 703 1219 741 non
1237 686 1320 740 debet
1337 703 1386 756 pre
1405 688 1456 742 alio
1475 689 1621 756 postulare.
1653 688 1718 741 item

291 783 402 832 senatus
425 778 548 832 consulto
571 777 653 831 etiam
677 777 749 845 apud
772 776 875 831 iudices
899 777 1037 844 pedaneos
1060 776 1198 845 postulare
1215 775 1374 843 prohibetur
1392 777 1543 831 calumniae
1560 775 1661 844 publici
1678 773 1746 828 ius

291 867 353 920 dicii
373 866 525 920 damnatus.
559 867 650 934 etqui
669 881 766 933 operes
784 881 861 934 suas,
884 871 916 920 ut
934 881 995 920 cum
1014 865 1109 919 bestiis
1127 865 1310 934 depugnarct,
1334 866 1473 920 locauerit.
1505 865 1608 919 bestias
1627 867 1718 918 autern

291 956 413 1023 accipere
437 954 567 1009 debemus
591 971 626 1008 ex
648 953 756 1008 feritate
774 954 875 1022 magis,
899 968 981 1023 quarn
999 971 1033 1008 ex
1052 953 1174 1008 animalis
1192 968 1305 1022 genere:
1330 970 1392 1008 nanr
1411 954 1477 1021 quid
1495 955 1518 1007 si
1536 955 1579 1009 leo
1597 953 1646 1022 sit,
1670 951 1720 1005 sed

291 1049 461 1113 mensuetus,
484 1045 527 1098 uel
547 1044 600 1098 alia
617 1043 730 1098 dentata
748 1044 909 1097 mansueta?
938 1059 1003 1111 ergo
1022 1043 1069 1111 qui
1086 1043 1187 1097 locauit
1205 1043 1279 1097 solus
1298 1049 1421 1112 notatur,
1445 1043 1503 1096 siue
1522 1041 1721 1110 depugnauerit

291 1134 350 1188 siue
369 1147 435 1187 non:
458 1133 531 1201 quod
550 1133 573 1186 si
592 1133 803 1201 depugnauerit,
829 1148 889 1186 cum
908 1146 961 1186 nen
979 1133 1097 1186 locasset
1114 1147 1211 1200 operas
1230 1147 1308 1200 suus,
1331 1148 1385 1186 non
1403 1131 1552 1186 tenebitur:
1576 1129 1720 1184 nonenim

291 1223 338 1290 qui
362 1237 423 1276 cunr
442 1221 537 1276 bestiis
556 1220 738 1289 depugnauit,
762 1220 911 1289 tenebitur,
935 1221 983 1274 sed
1002 1222 1049 1290 qui
1066 1236 1164 1289 operas
1183 1237 1247 1275 suas
1266 1222 1293 1274 in
1312 1220 1363 1276 hoc
1382 1221 1490 1274 locauit.
1528 1219 1644 1288 denique
1663 1233 1720 1286 eos,
1741 1231 1767 1269 ro

290 1311 337 1380 qui
354 1310 463 1364 uirtutis
481 1310 666 1364 ostendendae
684 1325 768 1364 causa
784 1308 836 1364 hoc
854 1308 957 1364 faciunt
976 1311 1034 1365 sine
1052 1309 1192 1379 mercede,
1211 1325 1265 1364 non
1282 1311 1368 1364 teneri
1388 1309 1465 1364 aiunt
1482 1313 1602 1376 ueteres,
1621 1308 1673 1362 nisi
1693 1308 1720 1360 in

290 1400 391 1455 harena
408 1399 482 1467 passi
500 1403 563 1453 sunt
581 1413 611 1452 se
629 1398 775 1474 honorari:=
783 1413 833 1480 ees
851 1399 922 1452 eninr
941 1405 1008 1468 puto
1026 1403 1118 1453 notam
1137 1415 1192 1453 uon
1210 1399 1335 1453 euadere.
1364 1397 1412 1452 sed
1431 1399 1454 1451 si
1472 1397 1533 1466 quis
1545 1411 1643 1464 operas
1655 1410 1721 1449 suas

290 1489 434 1556 locauerit,
456 1491 487 1542 ut
504 1485 576 1541 feras
593 1491 722 1556 uenetur,
741 1489 785 1542 uel
803 1491 834 1541 ut
852 1487 1023 1556 depugnaret
1040 1486 1126 1542 feram
1150 1503 1221 1556 quae
1246 1487 1349 1556 regioni
1368 1492 1462 1554 nocet,
1482 1489 1559 1540 erun
1576 1485 1720 1538 harenam:

290 1591 344 1632 non
362 1581 405 1630 est
422 1579 541 1631 notatus.
567 1575 610 1630 his
627 1576 710 1646 igitur
727 1577 858 1644 personis,
877 1591 948 1644 quae
966 1591 1020 1630 nou
1038 1577 1147 1631 uirtutis
1166 1591 1250 1630 eausa
1268 1595 1323 1630 cam
1341 1575 1436 1629 bestiis
1450 1577 1651 1643 pugnauerunt,
1669 1586 1721 1640 pro

289 1681 320 1721 se
337 1670 445 1734 praetor
462 1665 595 1734 permittit
612 1665 738 1734 allegare,
756 1679 806 1733 pro
824 1666 878 1720 alio
894 1663 1027 1733 prohibet.
1056 1664 1105 1718 sed
1120 1669 1163 1718 est
1175 1664 1378 1733 aequissimum,
1397 1665 1421 1718 si
1438 1664 1552 1718 tutelam
1569 1661 1615 1716 uel
1626 1675 1721 1714 curam
1742 1674 1768 1713 rs

289 1754 443 1810 huiusmodi
460 1769 593 1822 personae
611 1753 807 1823 administrent,
826 1755 964 1822 postulare
983 1754 1023 1807 eis
1035 1768 1084 1822 pro
1097 1753 1146 1822 his,
1165 1769 1279 1822 quorum
1293 1768 1386 1808 curam
1398 1756 1505 1822 gerunt,
1524 1749 1645 1806 concedi.
1672 1749 1721 1816 qui

289 1843 422 1898 aduersus
445 1857 479 1897 ea
498 1841 596 1897 fecisse
615 1848 792 1912 monstretur,
817 1849 845 1897 et
861 1859 911 1912 pro
930 1843 989 1896 aliis
1007 1842 1151 1896 interdicta
1168 1843 1351 1911 postulatione
1370 1841 1507 1910 repellitur
1525 1843 1554 1894 et
1571 1853 1620 1907 pro
1638 1837 1722 1892 sesti·

257 1943 271 1986 t
289 1933 407 1988 matione
425 1931 522 1987 iudicis
541 1935 618 1985 extra
636 1931 758 1986 ordinem
776 1927 932 2000 pecuniaria
949 1946 1038 2001 poena
1056 1931 1221 1987 multabitur.
1249 1931 1287 1986 Ut
1304 1933 1381 1986 initio
1399 1931 1479 1984 huius
1497 1928 1569 1984 tituli
1582 1927 1649 1983 dixi·
1668 1922 1724 2010 Q

288 2037 363 2090 mus,
386 2025 443 2074 tres
467 2019 575 2075 ordines
596 2022 705 2087 praetor
722 2018 787 2074 fecit
806 2036 860 2075 non
877 2022 1088 2089 postulantium:
1112 2036 1225 2090 quorum
1245 2020 1288 2074 hic
1305 2021 1402 2074 tertius
1422 2023 1477 2086 est,
1501 2016 1601 2087 quibus
1618 2017 1722 2072 nonin

287 2114 376 2165 totum
398 2109 516 2177 denegat
537 2108 693 2176 postulandi
716 2107 888 2179 facultatem,
912 2111 960 2164 sed
979 2126 1013 2165 ne
1031 2125 1080 2178 pro
1099 2110 1225 2166 omuibus
1243 2109 1424 2178 postularent:
1449 2107 1528 2176 qnasi
1546 2106 1636 2160 minus
1654 2105 1722 2159 deli·
1741 2117 1770 2156 ao

257 2209 271 2254 8
288 2199 396 2267 querint
413 2213 495 2266 quem
511 2198 539 2250 dr·
545 2201 554 2232 ¹
567 2199 613 2266 qul
632 2198 815 2266 superioribus
834 2199 970 2267 capitibus
989 2203 1124 2253 notantur.
1152 2198 1201 2253 Ait
1212 2203 1332 2267 praetor:
1353 2197 1411 2262 'Qui
1423 2196 1493 2265 lege,
1511 2193 1598 2265 plebis
1618 2189 1723 2276 ᾗ

289 2287 373 2356 scito,
392 2291 504 2341 senatus
522 2286 660 2354 consulte,
681 2286 779 2354 edicto,
798 2287 908 2341 decreto
926 2288 1077 2356 principum
1096 2289 1148 2342 nisi
1165 2301 1215 2356 pro
1234 2288 1315 2341 certis
1332 2286 1456 2356 personis
1474 2285 1613 2355 postulare
1630 2281 1723 2352 prohi-

289 2376 407 2430 bentor:
425 2375 454 2430 hi
470 2390 521 2445 pro
539 2375 600 2444 alic,
618 2389 700 2442 quarn
718 2389 769 2443 pro
787 2390 841 2444 quo
858 2376 958 2445 licebit,
978 2378 1005 2431 in
1023 2377 1081 2432 iure
1100 2376 1174 2446 apud
1192 2391 1235 2430 me
1253 2391 1288 2430 ne
1305 2374 1460 2444 postulent!
1484 2374 1536 2428 hoc
1554 2372 1644 2427 edicto
1657 2387 1722 2426 con-

288 2465 408 2522 tinentur
426 2465 507 2518 etlam
526 2463 571 2518 olii
590 2477 693 2532 omncs,
715 2465 761 2532 qui
780 2465 870 2519 edicto
887 2467 1020 2533 praetoris
1039 2471 1070 2520 nt
1088 2464 1201 2520 infames
1219 2469 1356 2532 notantur,
1374 2464 1421 2532 qui
1439 2479 1533 2518 omnes
1551 2463 1604 2517 nisi
1621 2477 1671 2540 pru
1692 2475 1723 2514 se

257 2559 271 2605 9
288 2557 317 2609 et
334 2553 415 2608 certis
432 2553 555 2620 persenis
573 2568 607 2607 ne
621 2553 767 2622 postulent.
797 2553 901 2607 Deinde
914 2554 997 2607 adicit
1009 2559 1131 2622 praetor:
1147 2553 1204 2619 ‘out
1217 2552 1452 2620 sitriensibus,
1471 2553 1518 2620 qui
1531 2549 1722 2620 suprascripti
1742 2561 1771 2600 rc

289 2629 413 2711 'sunt,.in
432 2642 567 2710 integrum
585 2642 728 2696 restitutus
746 2657 800 2696 non
819 2644 877 2710 erit,
897 2641 977 2696 eum?
1001 2643 1059 2707 ‘Qui
1078 2659 1112 2698 ex
1130 2643 1180 2712 his,
1199 2643 1246 2711 qui
1265 2641 1458 2711 suprascripti
1477 2639 1547 2695 sunt'
1561 2640 1600 2693 sie
1612 2639 1721 2706 accipe:

281 2725 311 2786 ¹si
329 2729 412 2786 fuerit
429 2731 499 2785 inter
517 2745 571 2799 cos,
591 2731 637 2798 qui
655 2732 736 2784 tertio
754 2731 844 2786 edicto
862 2733 1035 2787 continentur
1052 2737 1081 2787 et
1099 2733 1151 2786 nisi
1168 2747 1219 2801 pro
1239 2732 1248 2802 ll
1268 2731 1349 2786 certis
1368 2730 1490 2800 personis
1508 2728 1647 2797 postulare
1659 2741 1723 2795 pro·
1741 2729 1805 2781 tut·

242 2827 271 2872 ιο
288 2819 426 2874 hibentur:
445 2823 566 2873 ceterum
585 2820 608 2873 si
626 2819 870 2890 exsuperioribus,
890 2819 999 2875 difficile
1018 2821 1044 2875 in
1062 2821 1198 2890 integrum
1217 2820 1352 2875 restitutio
1370 2817 1568 2888 impetrabitur.
1605 2816 1724 2883 Deque

262 2925 264 2929 ’
288 2912 379 2964 autern
397 2907 572 2982 restitutione
587 2911 696 2984 praetor
714 2907 851 2976 loquitor?
877 2915 968 2964 utrum
988 2909 1022 2964 de
1035 2923 1069 2964 ea
1081 2925 1151 2979 quac
1164 2926 1181 2963 a
1192 2910 1313 2979 principe
1326 2911 1369 2964 uel
1383 2926 1400 2963 a
1412 2905 1529 2963 senatu?
1554 2905 1723 2973 Pomponius

287 2997 407 3066 quaerit:
426 3001 455 3052 et
471 3000 552 3066 putat
569 2995 604 3050 de
622 3011 656 3050 ca
672 2998 843 3054 restitutione
862 3014 980 3068 sensum,
999 3013 1081 3068 quum
1098 3000 1224 3068 princeps
1242 2999 1286 3053 nel
1306 3002 1417 3053 senatus
1432 2995 1552 3052 indulsit.
1580 3010 1616 3048 an
1628 2997 1722 3048 autem
1743 3003 1773 3044 so

287 3091 316 3140 et
332 3089 442 3155 praetor
459 3086 602 3140 restituere
620 3086 715 3156 possit,
733 3087 884 3156 quaeritur:
903 3093 931 3142 et
949 3087 1014 3142 mihi
1031 3088 1142 3143 uidetur
1152 3089 1218 3142 talia
1229 3093 1384 3156 praetorum
1404 3086 1515 3141 decreta
1525 3099 1579 3138 non
1591 3097 1653 3137 esse
1665 3097 1723 3136 ser·

286 3175 386 3245 nunde,
404 3175 458 3230 nisi
475 3174 563 3229 sicubi
581 3189 615 3229 ex
634 3173 723 3231 officio
741 3177 934 3232 iurisdictionis
953 3192 1018 3232 suae
1032 3177 1231 3232 subuenerunt:
1250 3181 1281 3231 ut
1292 3177 1320 3231 in
1333 3180 1423 3231 aetate
1434 3175 1604 3240 obser-natur,
1624 3171 1724 3240 siquis

287 3263 419 3333 deceptus
437 3264 481 3334 sit,
501 3265 653 3332 ceterisque
671 3265 814 3334 speciebus
833 3281 901 3334 quas
920 3265 1069 3320 subtituto
1088 3265 1122 3320 de
1141 3267 1168 3320 in
1186 3267 1322 3334 integrum
1341 3264 1512 3320 restitutione
1530 3275 1722 3329 exsequemur.

224 3365 236 3386 ·
286 3367 336 3423 pro
354 3367 409 3421 qua
427 3355 563 3408 sententia
580 3359 630 3422 est,
648 3353 723 3426 quod
741 3355 764 3410 si
782 3355 843 3422 quis
861 3353 966 3409 famoso
983 3355 1084 3408 iudicio
1102 3353 1299 3409 condemnatus
1316 3369 1365 3423 per
1382 3355 1410 3408 in
1422 3354 1557 3422 integrum
1570 3349 1723 3404 restitutio

240 3448 269 3492 11
286 3455 349 3495 nem
371 3440 454 3496 fuerit
476 3442 630 3512 absolutus,
654 3443 819 3512 Pomponius
842 3446 923 3511 putot
946 3443 1017 3498 hunc
1038 3442 1149 3498 infamia
1166 3443 1256 3497 eximi.
1293 3442 1399 3498 Deinde
1418 3441 1502 3496 adicit
1519 3442 1642 3510 praetor:
1661 3437 1724 3494 'Pro
1744 3448 1773 3488 sc

288 3529 348 3584 ‘alio
365 3545 400 3584 ne
418 3531 557 3599 postulent
572 3535 762 3601 praeterquam
781 3547 831 3600 pro
848 3535 975 3601 parente,
994 3536 1109 3600 petrono
1126 3537 1255 3601 patrona,
1274 3530 1365 3586 liberis
1382 3528 1595 3601 parentibusque
1613 3527 1723 3596 patroni

288 3615 448 3686 ‘patronce’z
467 3617 619 3687 dequibus
636 3622 760 3688 personis
778 3619 830 3674 sub
847 3620 927 3674 titulo
946 3620 980 3674 de
999 3620 1026 3674 in
1044 3621 1087 3674 ius
1105 3620 1229 3676 necundo
1247 3619 1354 3690 plenius
1371 3619 1498 3673 diximus.
1534 3618 1603 3673 Item
1622 3615 1723 3670 adicit:

289 3703 422 3759 liberisue
441 3707 511 3775 suis,
534 3705 617 3762 fratre
635 3723 740 3778 sorore,
764 3723 861 3778 uxore,
884 3723 979 3763 socero
997 3723 1089 3777 socru,
1108 3723 1310 3778 generosum,
1329 3709 1426 3763 uitrico
1444 3721 1575 3775 nouerca,
1593 3704 1724 3774 priuigno

289 3790 429 3862 ‘priuigna
447 3794 549 3863 pupillo
566 3796 676 3865 pupilla,
687 3799 793 3872 floruero
811 3795 929 3866 fririosu,'
1745 3803 1774 3844 ³⁹

251 3877 270 3934 2
343 3880 436 3936 Gerus
453 3881 522 3938 libro
540 3885 627 3953 primo
646 3885 681 3939 cd
698 3884 817 3940 edictum
835 3885 1009 3953 prouincialc.
1037 3883 1120 3940 ‘lauro
1134 3883 1231 3940 fatua':
1250 3901 1312 3940 curu
1324 3884 1385 3940 istis
1396 3899 1505 3954 quoque
1522 3898 1582 3953 per·
1602 3876 1725 3969 Q
1744 3891 1772 3945 Ε

289 3970 362 4024 sonis
380 3976 489 4051 curator
506 3971 594 4028 detur.

287 4067 413 4136 FPWU)

764 4161 839 4169 —-—

289 4201 298 4234 ¹
317 4198 346 4252 hi
362 4214 443 4267 quam
462 4204 600 4269 adquam
619 4202 656 4256 iil

288 4317 446 4375 2'c'autcm
464 4323 491 4374 F
500 4323 505 4388 Ι
520 4323 643 4378 mulieris
660 4324 699 4398 1³⁰
744 4325 840 4394 ὀρθά.
854 4325 909 4380 iud.
924 4325 980 4380 PV
1029 4345 1077 4388 ros
1105 4329 1229 4381 Bacrttmc
1258 4327 1312 4380 ἤτοι
1346 4327 1489 4379 trurdtcerc
1521 4326 1570 4378 BS
1601 4325 1722 4396 (Sept.)

288 4389 413 4446 danem
432 4411 480 4446 om.
494 4393 566 4446 P⁶V
611 4391 788 4450 ifu'eritste
807 4398 832 4448 F
875 4396 975 4452 8dcn-
1029 4399 1064 4452 23
1077 4399 1168 4468 quarn]
1178 4399 1228 4452 nisi
1241 4412 1322 4467 quam
1333 4397 1392 4450 P·‘?
1445 4394 1730 4451 seutinintamese·

286 4459 431 4527 tr‘n'taFl
446 4463 588 4547 locauit?
626 4465 844 4536 equanimes,
856 4467 975 4534 quiere,
1029 4471 1064 4523 ce
1089 4470 1160 4538 eum]
1185 4485 1220 4523 ex
1239 4471 1279 4522 1³⁴¹
1300 4469 1304 4534 l
1325 4467 1474 4536 accipimus
1493 4467 1547 4521 Pu
1598 4468 1633 4521 cs
1655 4471 1721 4520 rese

287 4531 360 4600 quad
378 4532 409 4584 F:
430 4536 435 4600 l
455 4549 508 4589 non
532 4549 603 4589 eorm
685 4539 719 4591 10
741 4536 878 4592 tenebitur
899 4540 939 4592 bic
956 4540 982 4591 F
1029 4541 1103 4610 imp]
1112 4541 1310 4604 restitutionem
1324 4540 1481 4608 impetrauit
1492 4536 1583 4604 l-bit
1597 4539 1632 4602 V)
1643 4537 1726 4591 PVU

288 4606 345 4666 lem·
358 4603 428 4664 1113)
470 4607 502 4659 ll
516 4604 758 4676 ostendsedacF⁰‘
807 4610 840 4662 12
853 4609 976 4664 honerati
1029 4612 1065 4664 30
1082 4611 1174 4681 quam]
1192 4610 1303 4679 qnaP}
1319 4609 1372 4678 uel]
1387 4610 1479 4664 delF¹
1533 4609 1568 4662 31
1581 4613 1610 4662 et
1623 4608 1721 4678 prust]

287 4674 334 4726 μ’
351 4673 356 4740 l
372 4673 560 4742 eos]hosPV
596 4679 630 4731 13
641 4682 673 4731 ut
684 4685 819 4746 pugnaret
829 4679 875 4744 P·‚
887 4685 919 4734 ut
929 4695 975 4736 cx·
1029 4687 1115 4750 praet.
1128 4684 1172 4746 le,
1191 4688 1222 4736 ut
1233 4688 1319 4752 praet.
1336 4681 1369 4734 U‘
1423 4682 1458 4734 32
1476 4679 1571 4748 sicubi]
1588 4679 1633 4734 cui
1645 4679 1722 4744 ΡΨ,

286 4744 473 4830 ΡῑῑὲῑξῦἷθῒΡ*
518 4747 634 4815 141111111]
650 4749 735 4813 PVU,
754 4769 802 4803 om.
816 4752 856 4815 Fi
871 4765 975 4819 pugna·
1030 4753 1052 4806 si
1071 4751 1115 4806 eui
1133 4752 1202 4806 th
1251 4755 1287 4808 33
1304 4749 1385 4806 sub‘r'
1404 4753 1450 4818 Fi
1470 4751 1630 4818 exsequitur
1647 4749 1720 4814 Prii,

287 4817 689 4886 nemrotfipugnauerintd
733 4821 766 4875 15
777 4819 832 4876 hui.
842 4836 913 4890 pers.
924 4827 974 4876 tut
1029 4823 1203 4892 exsequimur
1227 4823 1268 4877 1³⁶
1331 4823 1367 4877 34
1390 4820 1496 4876 famosa
1517 4823 1553 4874 F¹
1617 4821 1652 4875 38
1679 4820 1721 4889 pl-

286 4886 452 4970 u3cur3PV
493 4889 527 4942 18
545 4887 650 4952 titu‘dli
667 4889 693 4942 F
732 4891 767 4946 20
784 4891 974 4964 denegetP⁰l
1029 4895 1132 4964 *cigno
1149 4895 1186 4947 F’
1209 4897 1266 4958 (ens
1285 4893 1411 4962 priuigno
1434 4893 1506 4958 md)
1560 4893 1595 4946 39
1617 4889 1722 4946 furioso

287 4956 975 5104 dilexisti-littletttbbwbtt
1029 4967 1116 5090 ild
1125 4961 1722 5091 sitit'titrtffltlfbiutic‘tt‘

643 5071 649 5084 ⁶
860 5075 866 5086 ¹
964 5065 975 5074 “
1165 5077 1172 5098 r
1430 5073 1439 5100 1
