3720 5544
116 603 183 650 Liber
198 604 248 651 Flo·

100 667 202 713 reniinus
214 680 259 726 quo

127 732 228 789 tempore

130 793 228 852 scriptus

155 2855 261 2902 subsidia

161 2919 254 2978 antique

168 2981 254 3040 reliqua

164 3283 225 3330 Libri

129 3345 223 3406 Neapol.
239 3348 262 3392 et

131 3407 257 3455 Pommera·

170 3470 225 3517 ield.

935 207 1055 276 XXXX

276 385 304 440 hi
327 383 374 440 ubi
397 383 483 439 uerba
506 383 622 454 iaciunt,
647 385 796 454 loquuntur
813 383 933 440 Graece1
952 389 1118 454 utunturque
1137 386 1209 440 notis
1227 385 1411 442 numeralibus
1430 385 1559 442 Graecis¹
1576 388 1604 444 in
1623 391 1708 443 trans

276 492 420 562 positione,
438 491 503 546 item
522 492 596 562 prior
614 492 696 546 etiam
716 493 743 547 in
762 489 876 546 rubricis
895 491 1069 546 numerandis
1088 484 1125 558 (ri.
1139 509 1166 562 p.
1180 493 1253 560 XX).

330 597 389 664 Quo
414 603 537 669 tempore
559 597 628 653 liber
645 598 818 654 Florentinus
837 597 954 667 scriptus
973 598 1022 668 sit,
1040 599 1106 653 item
1124 598 1179 654 duo
1197 599 1243 654 alii
1259 598 1319 654 libri
1338 600 1365 654 in
1384 615 1491 656 summa
1508 614 1538 655 re
1556 604 1630 656 certe
1647 601 1709 656 Flo·

277 706 383 761 rentino
405 721 485 776 pares
507 705 702 776 Neapolitanus
726 711 754 760 et
777 703 1061 774 Pommersleldensis,
1086 705 1191 761 idoneis
1214 706 1382 776 argumentis
1404 705 1510 762 deliniri
1531 723 1586 764 uon
1607 711 1708 776 potest,

277 828 339 868 cum
358 812 570 883 palaeographin
581 813 680 867 Latina
698 811 733 866 ad
752 812 914 882 scripturam
933 815 1037 881 septem
1056 813 1176 882 priorum
1195 814 1363 869 saeculorum
1381 814 1512 884 gradibus
1531 819 1559 870 et
1572 814 1709 871 aetatibus

276 917 457 975 definiendam
478 918 567 974 adbuc
587 924 661 974 certe
680 935 734 974 uon
752 919 915 989 peruenerit
945 935 1009 974 nam
1027 920 1074 989 qui
1092 921 1151 975 eins
1170 921 1277 990 generis
1295 920 1405 976 codices
1422 920 1503 977 bodie
1522 921 1603 978 modo
1620 923 1709 993 primo

277 1027 358 1084 modo
376 1027 457 1082 tertio
475 1025 556 1082 modo
575 1032 654 1081 sexto
673 1026 782 1081 saeculo
799 1024 916 1081 fidenter
934 1025 1100 1096 adiudicant,
1118 1028 1137 1082 ii
1156 1032 1215 1083 tuto
1234 1027 1342 1097 quidem
1361 1033 1460 1097 errant,
1480 1043 1541 1084 cum
1556 1028 1643 1085 roselli
1655 1046 1708 1086 non

276 1135 397 1204 possint,
420 1133 469 1188 sed
493 1147 559 1188 nere
581 1131 633 1188 hoc
655 1147 738 1187 unum
762 1131 880 1203 probant
903 1147 953 1187 nec
977 1132 1084 1188 subacti
1102 1134 1194 1190 iudicii
1211 1134 1336 1190 homines
1353 1150 1384 1189 se
1402 1149 1463 1190 esse
1482 1151 1533 1190 nec
1551 1137 1632 1192 ualde
1649 1137 1708 1192 reli·

276 1241 378 1312 giorum
408 1240 427 1294 ii
451 1238 604 1310 dequibus
628 1240 735 1309 agimus
759 1239 868 1295 codices
891 1255 953 1295 cum
974 1245 1128 1310 proponant
1155 1241 1252 1297 librum
1276 1241 1462 1313 compilatum·
1477 1258 1502 1297 a.
1520 1260 1547 1314 p.
1566 1243 1628 1300 (lbr.
1646 1245 1708 1316 533,

277 1352 351 1404 certe
375 1346 426 1404 boc
448 1347 616 1416 edbgerunt,
640 1350 672 1401 ιιι
692 1350 804 1417 propter
827 1347 946 1402 rationes
969 1347 1211 1418 palaeographicae
1236 1349 1331 1405 nescio
1357 1365 1426 1418 quas
1456 1350 1622 1420 antiquiores
1650 1367 1709 1407 sae·

277 1447 339 1511 culo
360 1460 439 1509 sexto
462 1453 660 1509 iudicarentur:
684 1454 712 1508 in
735 1467 769 1508 eo
792 1457 885 1510 autem
909 1459 999 1509 utrum
1022 1453 1225 1511 consistendum
1251 1457 1340 1511 sitan
1358 1456 1468 1514 saeculo
1485 1458 1602 1527 septimo
1620 1459 1709 1528 magis

277 1559 439 1630 adsignandi
457 1561 525 1629 sint,
549 1559 638 1615 adhuc
656 1561 822 1630 ignoramus.
849 1559 1043 1632 orthographia
1061 1562 1170 1632 quidem
1188 1563 1315 1632 puritatis
1333 1563 1391 1618 eius
1415 1570 1470 1632 est,
1489 1579 1560 1634 quae
1577 1564 1709 1620 Prisciani

278 1666 438 1738 aequalibus
465 1667 623 1722 conueniat:
652 1667 706 1737 ita,
737 1670 769 1722 ut
794 1682 879 1722 unum
907 1667 966 1722 eius
993 1669 1101 1738 generis
1127 1675 1317 1738 argumentum
1340 1671 1422 1740 idque
1447 1672 1567 1727 omnium
1590 1673 1709 1728 maxime

279 1772 453 1830 memorabile
475 1789 588 1843 ponam,
613 1774 641 1828 in
665 1777 757 1828 tantm
780 1773 859 1828 molis
883 1773 1022 1830 uolumine
1040 1791 1175 1845 nusquam
1193 1777 1312 1846 reperies
1331 1778 1435 1833 litteras
1452 1799 1466 1834 c
1483 1783 1513 1833 et
1530 1786 1540 1833 ι
1557 1783 1621 1834 ante
1639 1788 1650 1834 t
1667 1795 1708 1834 se

277 1885 378 1952 qusnte
396 1880 482 1935 altera
499 1881 587 1936 uocali
606 1881 676 1936 inter
693 1895 723 1936 se
740 1881 935 1951 permutatas⁸.
966 1881 1087 1938 sednon
1108 1889 1254 1953 propterea
1271 1883 1455 1940 contenderim
1473 1885 1571 1941 librum
1589 1887 1708 1942 maxime

278 1986 426 2043 adraeois
444 1985 599 2043 hominibus
617 1990 758 2043 exaratum
778 1987 932 2042 necessario
950 1987 1081 2058 scriptum
1100 2004 1161 2045 osse
1179 1995 1243 2052 ante
1262 1992 1400 2046 saeculum
1419 1993 1573 2062 septimum.
1605 2008 1620 2048 e
1644 2009 1707 2050 eon·

278 2095 360 2150 trario
383 2092 457 2163 quod
480 2093 653 2149 Florentinus
673 2093 742 2150 liber
765 2094 919 2164 descriptus
942 2099 986 2150 est
1007 2110 1041 2150 ex
1064 2097 1159 2152 codice
1181 2095 1340 2167 imperfecto
1358 2113 1447 2168 neque
1466 2115 1520 2156 uno
1537 2101 1598 2156 loco
1616 2099 1707 2157 hiante

277 2205 371 2272 potest
387 2199 497 2270 quidem
516 2216 549 2258 eo
570 2200 684 2272 ducere,
708 2205 739 2256 ut
763 2200 931 2272 aliquantum
954 2203 1085 2273 temporis
1107 2204 1292 2260 intercesserit
1312 2205 1383 2260 inter
1403 2205 1463 2261 eius
1483 2208 1707 2278 perscriptioncm

278 2313 308 2364 et
330 2313 450 2365 aetatem
467 2307 659 2364 lastinianum:
683 2307 732 2363 sed
756 2323 817 2364 cum
841 2307 981 2379 probabile
1006 2310 1099 2365 sitne
1122 2325 1156 2366 ea
1178 2311 1287 2380 quidem
1312 2316 1403 2368 aetate
1426 2313 1594 2384 digestorum
1617 2330 1707 2371 exem·

278 2415 365 2487 plaria
382 2430 482 2486 magno
500 2431 613 2471 numero
631 2415 799 2486 prostitisse,
822 2429 858 2470 ne
875 2415 927 2471 hoc
945 2415 1054 2487 quidem
1074 2419 1190 2473 multum
1207 2417 1319 2488 probat,
1339 2421 1455 2476 maxime
1473 2422 1497 2476 si
1515 2437 1616 2492 ponas,
1634 2423 1708 2493 quod

278 2523 423 2594 quominus
440 2537 575 2593 ponamus
592 2521 658 2577 nibil
675 2522 802 2593 impedit,
825 2521 923 2578 librum
944 2523 1075 2594 scriptum
1098 2539 1159 2580 esse
1182 2540 1238 2582 non
1262 2525 1509 2598 Οοιιιιιιιιίιιοροιί,
1534 2527 1583 2584 sed
1601 2529 1629 2584 in
1647 2545 1707 2600 pro-

278 2631 376 2700 uincia,
395 2605 473 2687 uerbi
490 2645 574 2685 causa
591 2629 734 2686 Messanae
752 2631 796 2686 uel
814 2628 1033 2685 Thessalonicae.

1449 2726 1457 2756 l

331 2844 443 2900 Praeter
460 2841 582 2901 codicem
600 2843 785 2898 Florentinum
808 2857 879 2912 quae
903 2841 1011 2914 digesta
1028 2846 1234 2915 recognoscenti
1258 2851 1367 2916 praesto
1391 2853 1454 2903 sunt
1476 2847 1613 2920 subsidia,
1637 2863 1708 2919 quae

278 2950 388 3022 quidem
407 2955 512 3006 certum
531 2951 639 3006 sitnon
656 2965 691 3006 ex
708 2950 754 3005 illo
772 2949 832 3019 ipso
849 2949 919 3005 libro
931 2949 1191 3022 ductaesscitaque
1203 2968 1297 3024 parem
1310 2955 1500 3011 auctoritatem
1513 2955 1708 3028 haberentque

278 3057 471 3128 Florentinum,
490 3058 590 3128 exigua
608 3061 672 3114 sunt
690 3071 776 3127 eoque
799 3057 917 3112 maxime
938 3057 1046 3114 nomine
1063 3058 1155 3128 utilia,
1179 3059 1252 3128 quod
1275 3058 1379 3117 iaciunt
1401 3061 1436 3116 ad
1459 3061 1581 3118 codicem
1599 3064 1709 3120 Floren-

278 3167 364 3222 tinum
389 3170 462 3221 recte
485 3163 694 3220 aestimandum.
727 3168 756 3218 et
777 3164 893 3219 duorum
917 3164 1028 3234 quidem
1051 3165 1175 3221 codicum
1199 3167 1273 3236 paris
1296 3143 1456 3238 supparisue
1483 3171 1581 3226 aetatis
1608 3187 1709 3241 paruas

278 3273 421 3342 reliquiae,
439 3271 505 3328 folia
522 3272 699 3342 palimpsesta
719 3276 848 3342 quattuor
865 3271 1045 3342 Neapolitana
1062 3273 1133 3344 (N),
1152 3289 1223 3345 quae
1240 3280 1345 3346 partem
1365 3276 1504 3332 continent
1520 3276 1583 3336 libri
1600 3277 1708 3348 decimi,

279 3385 308 3434 et
325 3380 353 3434 in
371 3393 477 3450 papyro
494 3379 609 3449 scriptas
627 3378 740 3433 lacinias
757 3377 1044 3451 Pommcrsieldenses,
1061 3395 1132 3450 quae
1150 3382 1287 3450 pertinent
1304 3382 1340 3437 ad
1354 3381 1453 3439 librum
1468 3382 1708 3454 quadragesimum

279 3486 417 3555 quintum,
442 3501 492 3540 nos
516 3485 700 3555 expressimus
723 3486 751 3540 in
769 3485 915 3541 uoluminis
932 3487 1030 3556 prioris
1048 3487 1242 3544 additamentis
1264 3490 1351 3559 primo
1376 3489 1550 3561 secundoque
1570 3490 1662 3562 ibique
1679 3491 1708 3546 iu

604 3639 700 3646 -ι--..

334 3737 342 3772 ¹
369 3731 456 3796 ΟῨλὲκ
475 3733 553 3787 λείπει
576 3735 609 3785 ad
632 3733 656 3795 1,
675 3735 725 3798 48,
744 3735 786 3787 32.
810 3766 840 3773 -
865 3735 952 3796 ΤοῨτο
975 3735 1007 3790 τὸ
1031 3734 1171 3802 &adsumus
1193 3739 1342 3804 τελεγτιῖόιι
1366 3738 1435 3795 eorm
1458 3741 1508 3804 τοῩ
1529 3742 1709 3812 npoaaebaroc

280 3825 375 3886 τίτιογ,
396 3821 462 3886 ὃιιογ
480 3821 511 3877 τὸ
531 3823 636 3877 cnaeiou
655 3825 689 3875 ad
707 3824 727 3887 l,
740 3825 801 3886 902,
814 3824 857 3876 42.
872 3855 902 3864 -
917 3825 1003 3886 ΟῨτοι
1017 3825 1032 3881 ὁ
1044 3827 1131 3881 sirloc
1149 3828 1213 3882 ueri
1231 3829 1278 3883 ιὸιι
1291 3830 1351 3884 'elsio
1365 3828 1433 3884 ioris
1448 3832 1481 3882 ed
1499 3833 1532 3894 Il,
1545 3832 1607 3894 298,
1622 3832 1662 3884 17.
1677 3863 1707 3870 -

281 3912 355 3966 Zrirer
381 3913 419 3978 (ut
442 3912 552 3980 uidetur)
577 3912 609 3963 ad
631 3913 715 3964 hiatus
738 3914 891 3982 adscriptum
909 3916 942 3968 ad
960 3917 993 3978 11,
1011 3916 1072 3980 850,
1090 3917 1132 3967 25.
1158 3919 1218 3980 861,
1239 3919 1278 3971 13.
1305 3951 1334 3958 -
1360 3920 1446 3982 ΤοῨτο
1464 3920 1496 3975 τὸ
1514 3921 1653 3975 neurdbrotr
1673 3905 1710 3975 ob

280 4000 348 4056 'scria
369 4002 406 4055 sai
427 4002 532 4072 caupdrc
550 4000 669 4072 ῥὲριπτιι
695 4003 730 4067 (u.
749 4003 822 4054 buius
840 4005 919 4071 praef.
939 4023 964 4072 p.
976 4005 1052 4056 XXX
1069 4023 1094 4056 ιι.
1109 4006 1143 4072 l).
1250 4007 1261 4042 ²
1284 4008 1326 4059 Sic
1343 4009 1369 4060 in
1387 4009 1527 4076 primordiis
1547 4012 1581 4077 (u.
1599 4029 1624 4076 p.
1637 4011 1709 4077 ΠΡ),

280 4092 340 4143 item
363 4091 396 4143 ad
418 4091 439 4152 Ι,
454 4092 512 4153 131,
526 4090 567 4142 29.
591 4091 625 4152 11,
637 4091 698 4152 432,
711 4091 754 4142 28.
774 4092 890 4154 892,10.
996 4094 1008 4130 ⁸
1033 4095 1107 4156 Quod
1134 4096 1239 4147 diximus
1260 4097 1292 4148 de
1312 4097 1432 4161 librariis,
1456 4100 1516 4151 item
1537 4101 1655 4166 peruenit
1677 4100 1710 4152 sd

280 4181 455 4232 emendatores
473 4189 540 4231 certe
558 4180 709 4233 ordinarios:
734 4199 793 4233 nam
810 4183 843 4244 11,
860 4182 922 4246 ⁷55,
940 4183 957 4233 2
975 4193 1099 4236 corrector
1123 4203 1173 4238 uon
1197 4186 1348 4250 ordinarius,
1372 4189 1489 4255 antiquus
1511 4197 1596 4240 tamen
1615 4189 1658 4256 (es.
1676 4189 1709 4252 11,

281 4269 342 4332 774,
357 4269 399 4336 12)
424 4286 455 4319 ex
478 4277 559 4338 spsies
581 4269 641 4321 fecit
662 4277 754 4340 aprliee
777 4271 819 4338 (ci.
839 4272 871 4324 de
893 4273 942 4325 boc
963 4275 1117 4327 barbarismo
1135 4265 1261 4342 Hauptius
1282 4276 1308 4326 in
1326 4275 1436 4329 Hermae
1453 4277 1541 4330 uollI
1558 4296 1584 4346 p.
1599 4278 1651 4346 12).
1677 4309 1708 4317 -

280 4360 320 4410 De
337 4359 393 4425 ipsa
411 4375 438 4408 re
454 4357 514 4409 uide
532 4375 596 4424 quae
615 4359 716 4426 collegit
734 4361 869 4413 Gerasenos
883 4361 1049 4434 Auarprurda
1067 4364 1110 4418 des
1125 4364 1183 4418 Lot.
1199 4364 1221 4426 l,
1234 4364 1269 4415 52
1282 4381 1334 4430 seq.
1352 4365 1378 4427 2,
1393 4366 1460 4418 1003
1479 4367 1519 4418 ed.
1538 4367 1649 4430 citatim,
1667 4369 1710 4434 qui

280 4465 335 4498 oum
353 4447 463 4514 priorum
481 4464 577 4499 errores
595 4448 686 4500 multos
704 4449 839 4514 sustulerit,
858 4450 920 4503 alios
932 4452 1040 4519 reliquit.
1067 4453 1102 4504 ita
1113 4471 1270 4519 nequequam
1282 4473 1369 4506 uerum
1382 4465 1419 4507 est
1432 4475 1448 4506 a
1461 4456 1638 4509 Commodiano
1650 4475 1708 4509 sae·

280 4535 329 4588 culi
347 4536 413 4587 tertii
431 4543 531 4588 auctore
549 4537 575 4586 iu
593 4539 810 4604 concupiscentiae
827 4541 949 4592 uocabulo
966 4550 1055 4607 quarto
1073 4561 1088 4592 a
1106 4543 1156 4592 fine
1174 4542 1228 4593 loco
1247 4563 1260 4597 c
1277 4543 1386 4594 litteram
1405 4547 1520 4610 agnosci:
1544 4546 1618 4598 immo
1641 4547 1709 4612 apud

280 4642 337 4676 eum
360 4624 417 4690 (1.2
435 4640 456 4675 c.
469 4625 513 4690 22)
536 4643 581 4691 pro
605 4645 661 4679 eum
679 4626 837 4678 scribendum
855 4637 895 4680 est
912 4637 952 4695 tu,
976 4640 1004 4682 ut
1021 4631 1146 4698 Hauptius
1168 4631 1238 4684 uidit.
1271 4649 1317 4684 nec
1335 4634 1415 4700 magis
1433 4633 1561 4686 lideudum
1579 4643 1618 4687 est
1636 4635 1708 4686 titulo

280 4714 399 4765 Africano
412 4714 504 4780 scripto
517 4715 655 4781 imperante
668 4716 821 4780 Alexandro,
839 4735 870 4769 ex
886 4736 934 4784 quo
946 4719 1007 4772 talia
1019 4721 1186 4786 proferuntur.
1213 4722 1329 4788 equidem
1341 4739 1387 4788 pro
1399 4732 1467 4774 certo
1479 4725 1561 4776 haheo
1579 4725 1633 4775 eius
1651 4741 1706 4775 eor-

280 4801 393 4869 ruptelae
410 4804 597 4869 usurpationem
616 4805 729 4870 coepisse
747 4815 817 4858 sexto
834 4807 934 4859 demum
952 4810 1053 4861 saeculo
1071 4827 1150 4876 eoque
1169 4820 1276 4862 exeunte
1293 4800 1373 4878 magis
1386 4829 1460 4877 quam
1472 4813 1615 4880 incipiente.
1641 4823 1709 4864 certe

279 4891 396 4958 Byaantii
414 4891 550 4958 prudentes
568 4894 658 4945 aeteus
677 4893 829 4947 iustinianae
848 4896 945 4949 Graece
964 4899 1075 4950 scribunt
1098 4899 1278 4964 sortiariaroc,
1303 4901 1499 4967 ursueparirooc,
1524 4901 1637 4967 cubasse,
1661 4919 1708 4953 nec

280 4981 328 5037 uisi
345 4981 370 5038 iu
389 4980 488 5033 scholiis
501 4983 687 5046 recentioribus,
707 4983 731 5035 id
744 4993 845 5037 estnon
857 4987 1022 5040 anterioribus
1035 4987 1134 5040 saeculo
1147 5006 1222 5052 nouo,
1240 4991 1351 5058 reperies
1364 4991 1548 5046 rousteinus
1562 4993 1707 5060 similiaque.
