3734 5578
277 239 394 307 XXIIII
417 242 437 305 3
458 247 573 300 27-34
949 235 1037 310 724
1245 255 1378 303 sonoro
1398 253 1621 302 ιιιιιιιιιοιιο
1643 251 1701 298 ιιι

222 398 259 454 27
331 399 424 451 Gerus
447 395 515 451 libre
539 395 683 450 undecimo
706 394 743 449 ad
765 395 885 448 edictum
907 394 1083 463 prouinciale.
1122 393 1152 447 Si
1173 399 1236 462 post
1259 393 1406 449 diuortium
1429 398 1537 447 mortua
1555 386 1596 470 [Β.
1604 384 1734 470 {offis

278 486 389 540 muliere
407 483 487 538 heres
505 485 565 538 eius
583 499 645 538 cum
663 483 722 538 uiro
741 489 889 553 parenteuc
908 484 967 536 eius
983 487 1056 551 agat,
1075 482 1172 536 eadem
1184 482 1312 536 uidentur
1324 482 1358 538 de
1371 479 1541 536 restituenda
1552 478 1619 532 dote
1631 480 1704 532 inter·

277 575 379 640 uenire,
397 589 468 641 quae
486 573 548 641 ipsa
566 573 678 626 muliere
697 579 796 640 agente
814 571 956 626 obseruari
973 571 1070 624 solent.

221 663 259 720 28
329 660 480 716 Unnrnuus
498 661 565 716 libro
583 661 671 728 primo
689 660 900 714 institutionum.
937 659 1040 713 Facere
1058 673 1140 728 posse
1153 661 1266 714 maritus
1284 660 1367 714 etiam
1379 659 1407 713 id
1419 658 1537 726 uidetur,
1556 653 1704 738 [Qum
1721 659 1749 710 S·

277 750 351 820 quod
369 767 386 803 a
404 751 516 803 muliere
534 749 664 818 consequi
682 753 788 818 potest:
807 748 911 802 scilicet
929 747 952 801 si
970 747 1024 801 iam
1043 749 1069 802 ei
1088 748 1190 816 aliquid
1208 748 1294 818 absit,
1319 747 1393 814 quod
1411 761 1460 817 pro
1479 745 1593 800 muliere
1612 742 1705 812 ahquid
1720 753 1731 792 ι

277 838 407 907 expendit
424 838 468 891 uel
486 836 615 891 mandate
633 837 693 891 eius
711 836 859 905 praestitit:
879 841 1000 892 ceterum
1019 837 1043 890 si
1061 836 1181 892 nondum
1201 837 1226 890 ei
1245 836 1330 906 abest,
1350 841 1381 893 ut
1397 842 1465 905 puta
1482 833 1535 889 snb
1553 831 1706 888 condicione

277 935 320 984 est
339 930 349 1000 ΙΙ
369 928 515 996 obligatus,
535 925 654 980 nondum
673 925 782 980 uidetur
799 923 890 979 iacere
908 940 998 993 posse.
1721 923 1784 971 ιιι

221 1019 259 1075 29
330 1019 406 1072 loun
424 1015 492 1070 libro
510 1015 591 1068 tertio
609 1013 833 1084 disputationum.
870 1012 1002 1078 Quotiens
1020 1021 1098 1082 pater
1116 1013 1208 1068 dotem
1221 1013 1270 1068 dat
1284 1019 1313 1066 et
1324 1012 1478 1081 stipulatur,
1497 1010 1538 1065 ite
1556 1006 1596 1092 [B
1606 1004 1677 1074 eus}
1681 1003 1706 1065 ιι
1723 1012 1740 1065 S

277 1106 387 1161 demum
405 1106 433 1160 in
451 1120 529 1159 suam
548 1118 692 1171 personam
711 1101 746 1156 de
764 1101 829 1156 dote
846 1102 981 1162 actionem
1000 1101 1136 1171 transfert,
1156 1102 1179 1156 si
1198 1117 1231 1157 ex
1248 1101 1396 1156 continenti
1414 1099 1573 1168 stipuletur:
1593 1105 1707 1154 ceterum

277 1197 301 1250 ιι
319 1193 479 1262 interposito
498 1199 620 1259 tempore
639 1191 763 1258 stipulari
781 1191 861 1258 uelit,
885 1207 938 1245 non
964 1191 1015 1245 nisi
1033 1191 1220 1246 consentiente
1239 1189 1294 1246 tilia
1311 1189 1424 1259 poterit,
1447 1187 1574 1257 quamuis
1592 1188 1621 1242 in
1639 1193 1708 1255 pote
1725 1195 1747 1234 1⁰

277 1289 349 1338 stete
371 1283 420 1349 sit,
448 1282 512 1348 quia
534 1279 696 1334 deteriorem
721 1278 909 1334 condicionem
932 1280 961 1334 in
984 1279 1048 1333 dote
1070 1278 1142 1334 filiae
1165 1277 1256 1334 iacere
1284 1294 1339 1333 non
1361 1282 1453 1347 potest
1476 1275 1529 1330 nisi
1551 1275 1709 1330 consentiet

276 1373 357 1441 plane
375 1371 399 1424 si
418 1373 481 1423 ente
499 1369 610 1436 nuptias
628 1367 720 1422 dotem
746 1366 866 1436 dederit,
888 1369 990 1438 poterit
1011 1383 1048 1423 ex
1070 1369 1225 1436 interuallo,
1250 1372 1313 1421 ante
1337 1367 1448 1435 nuptias
1470 1371 1577 1432 temen,
1601 1369 1631 1418 et
1648 1364 1711 1418 citra

245 1467 256 1511 1
277 1461 446 1515 uoluntatem
470 1471 578 1526 quoque
602 1455 673 1512 filiae
697 1455 830 1526 stipulari.
868 1455 977 1526 Siquis
1001 1473 1051 1527 pro
1068 1458 1181 1512 muliere
1198 1456 1291 1512 dotem
1309 1454 1416 1510 dederit
1432 1453 1662 1522 conueneritque,
1683 1457 1711 1506 ιι

276 1563 386 1618 quoquc
405 1546 486 1600 modo
505 1545 639 1614 dirempto
658 1545 830 1600 matrimonio
853 1545 905 1614 ipsi
929 1547 1094 1615 solueretur,
1117 1551 1215 1616 postea
1237 1545 1352 1600 maritus
1376 1543 1454 1598 uxori
1476 1542 1570 1596 dotem
1594 1541 1711 1608 soluerit,

275 1637 427 1692 rectissime
447 1634 552 1688 dicetur
570 1633 741 1690 exactionem
762 1631 845 1688 nihilo
865 1633 954 1688 minus
972 1635 998 1689 ei
1015 1634 1063 1703 uui
1081 1633 1158 1689 dedit
1175 1640 1271 1688 contra
1288 1633 1415 1688 maritum
1434 1637 1600 1701 competere.
1727 1637 1750 1677 ιι

219 1722 259 1778 30
328 1726 470 1780 1ιιιιιιιιι
487 1721 555 1777 11ιιο
574 1727 653 1777 sexto
673 1722 780 1777 decimo
800 1722 978 1791 digestorum.
1014 1722 1107 1793 h'upta
1124 1739 1179 1778 non
1197 1721 1356 1792 impeditur,
1375 1736 1429 1808 quo
1448 1721 1538 1775 minus
1557 1714 1744 1802 [bfffssissffls

245 1822 256 1865 1
276 1830 337 1869 cum
355 1814 445 1882 priore
464 1811 561 1866 merito
580 1809 615 1866 de
635 1811 701 1866 dcte
719 1810 884 1880 experiatur.
923 1811 1055 1875 Quotiens
1079 1812 1160 1881 culpa
1183 1810 1235 1865 uiri
1253 1809 1364 1879 accidit,
1387 1825 1421 1864 ne
1444 1809 1494 1864 dos
1517 1823 1652 1863 esocem
1669 1811 1713 1860 aut

276 1901 434 1972 equolibet
452 1900 518 1968 nlio,
538 1899 584 1967 qui
603 1898 722 1954 mulieris
740 1898 850 1953 nomine
867 1899 1043 1968 promiserat,
1062 1900 1230 1969 exigeretur:
1250 1898 1274 1953 ιι
1291 1905 1341 1954 ιιι
1357 1898 1386 1954 ιι
1404 1897 1577 1952 matrimonio
1595 1895 1655 1950 tilia
1670 1895 1711 1948 de

276 1991 390 2045 cesserit
408 1994 456 2043 aut
480 1985 702 2042 materfamilias
725 1985 798 2042 iacta
821 1980 954 2056 eum'qui
977 1988 1070 2044 dotem
1093 1988 1286 2058 repromiserat
1307 1986 1436 2042 heredem
1459 1985 1622 2054 instituerit,
1650 1984 1713 2040 ιιιιι

276 2082 385 2134 ιιιιιιι
404 2075 470 2131 nihil
488 2076 605 2144 amplius
624 2076 712 2129 uirum
729 2080 871 2144 praestare
889 2075 998 2146 debere,
1016 2093 1099 2146 quam
1118 2083 1149 2133 ut
1166 2091 1214 2131 eos
1233 2075 1399 2145 obligatione
1417 2073 1523 2129 liberet
1729 2082 1752 2120 ιι

219 2165 255 2222 31
329 2167 407 2220 leun
430 2164 499 2220 libro
523 2169 623 2219 octauo
646 2163 752 2219 decimo
776 2163 953 2233 digestorum.
990 2164 1020 2221 Si
1038 2167 1135 2222 marito
1156 2163 1266 2234 publice
1286 2163 1387 2218 iudicio
1406 2162 1537 2218 denrnato
1555 2158 1621 2244 [Β
1606 2175 1646 2228 ιι,
1656 2175 1678 2227 s,
1685 2175 1712 2218 ιι
1730 2163 1746 2216 S

276 2271 341 2325 pars
359 2255 451 2323 eliqua
468 2252 601 2307 bonorum
620 2253 679 2307 eius
702 2250 869 2322 publicetur,
890 2252 988 2308 ¹fiscus
1011 2253 1192 2310 creditoribus
1215 2253 1274 2308 eius
1297 2250 1457 2306 satisfecere
1480 2265 1595 2307 necesse
1618 2250 1713 2305 habet:

244 2344 347 2398 linter
364 2356 434 2411 quos
452 2356 521 2396 uxor
538 2355 647 2410 qnoque
665 2346 716 2394 est.
753 2339 783 2395 Si
800 2345 893 2410 pater,
916 2357 979 2397 cum
1003 2343 1121 2399 ducenta
1144 2341 1215 2398 filiae
1237 2356 1304 2396 suae
1328 2341 1437 2396 nomine
1456 2339 1529 2394 dotis
1547 2340 1642 2408 gratia
1656 2353 1714 2409 pro-

277 2432 422 2498 mississet,
445 2435 543 2497 pactus
560 2427 657 2497 tuerit,
680 2443 715 2483 ne
733 2428 850 2497 amplius
868 2445 950 2498 quam
969 2438 1078 2487 centnm
1097 2448 1114 2487 a
1131 2447 1162 2488 sc
1178 2435 1348 2501 peterentur,
1374 2433 1404 2484 et
1426 2429 1517 2484 soluto
1542 2426 1714 2482 matrimonio

277 2519 377 2588 egerit,
397 2523 520 2587 centum,
539 2517 691 2585 dequibus
709 2518 838 2572 conuenit
860 2533 894 2573 ne
918 2525 1091 2590 peterentur,
1113 2535 1164 2576 nec
1187 2519 1382 2588 intelleguntur
1404 2516 1478 2572 dotis
1500 2531 1571 2570 esse.
1599 2515 1676 2585 qued
1693 2515 1715 2568 si
1731 2519 1754 2560 ιι

278 2613 385 2662 mortuo
402 2610 480 2676 patre
499 2621 560 2660 cum
579 2603 679 2660 herede
702 2606 761 2660 eius
785 2606 899 2661 maritus
922 2623 1005 2677 agere
1027 2609 1161 2680 coeperit,
1184 2609 1238 2664 ista
1262 2621 1371 2676 quoque
1388 2606 1508 2675 pecunia
1524 2607 1552 2660 in
1571 2605 1640 2660 dote
1658 2605 1714 2659 erit

244 2699 258 2742 ι
277 2695 306 2751 Si
325 2697 465 2751 uoluntate
483 2692 555 2748 filiae
573 2699 732 2763 procurator
750 2710 769 2749 a
784 2702 862 2764 patre
881 2695 963 2750 datus
981 2696 1057 2754 litem
1076 2697 1111 2752 dc
1129 2696 1193 2752 dote
1205 2701 1375 2751 contestatus
1387 2692 1471 2749 fuerit
1482 2701 1551 2748 etre
1563 2691 1715 2750 secundum

277 2799 340 2840 eum
358 2783 479 2838 iudicata
496 2787 575 2852 pater
593 2782 755 2852 decesserit,
779 2783 892 2838 iudicati
916 2784 1051 2839 actionem
1075 2783 1146 2840 tiliae
1171 2785 1263 2855 petius
1286 2799 1368 2853 quam
1386 2782 1534 2838 heredibus
1551 2783 1643 2852 patris
1660 2781 1716 2836 dari

245 2870 422 2941 toponebit.
459 2871 528 2926 Cum
546 2871 619 2940 patri
636 2870 686 2926 dos
705 2869 771 2926 data
788 2875 862 2926 esset
880 2876 909 2926 et
927 2873 953 2928 ei
971 2870 1042 2928 iilius
1066 2888 1101 2928 er
1125 2873 1216 2942 aliqua
1233 2879 1311 2942 parte
1329 2871 1409 2926 heres
1427 2870 1479 2926 sub
1497 2870 1662 2926 condicione
1679 2871 1716 2924 in·

277 2961 390 3015 ιιιιιιιι
409 2959 491 3014 tuerit
508 2966 537 3013 et
553 2959 691 3029 pendente
710 2959 869 3015 condicione
887 2959 1036 3016 coheredes
1053 2962 1112 3016 eius
1136 2961 1230 3016 dotem
1253 2977 1303 3031 pre
1326 2975 1378 3016 sua
1394 2961 1519 3030 portione
1538 2959 1649 3014 mulieri
1666 2959 1716 3014 scl-
1734 2967 1757 3004 ιι

278 3050 379 3104 norint:
398 3048 450 3104 hoc
468 3048 558 3102 minus
576 3045 648 3102 filius
666 3063 701 3102 cx
719 3048 784 3104 dcte
801 3055 940 3119 praestare
959 3047 1078 3118 debebit,
1097 3050 1225 3119 quoniam
1242 3049 1343 3104 nullam
1361 3049 1498 3104 actionem
1510 3049 1571 3102 eius
1582 3047 1717 3118 pecorum

244 3136 470 3207 sreciperandae
493 3136 583 3206 gratia
605 3136 739 3192 aduersus
762 3137 911 3194 coheredes
934 3137 1024 3194 habet
1061 3137 1091 3194 si
1109 3136 1223 3194 fundum
1241 3138 1359 3194 dotalem
1378 3138 1529 3207 recepisset
1547 3136 1648 3191 mulier
1666 3151 1717 3190 non

277 3225 493 3281 habitatatione
511 3223 648 3279 fructuum
665 3240 715 3293 pro
733 3227 859 3296 portione
877 3227 954 3296 anni,
978 3228 1050 3296 quo’
1067 3233 1154 3296 nupta
1176 3242 1231 3282 non
1249 3225 1360 3296 inisset,
1385 3225 1469 3281 nihilo
1487 3226 1579 3280 minus
1598 3223 1637 3280 de
1655 3224 1718 3278 dcte

277 3329 359 3384 agere
383 3318 486 3384 potest,
510 3314 575 3383 quia
598 3313 729 3372 minorem
752 3313 845 3370 dotem
869 3317 1031 3385 recepisset:
1060 3315 1113 3371 hoc
1136 3316 1209 3371 enim
1231 3315 1267 3370 ad
1291 3315 1364 3370 dotis
1386 3321 1566 3384 augmentum
1589 3313 1718 3383 pertinet,

277 3403 507 3472 quemadmodum
525 3403 550 3456 si
567 3407 674 3472 partum
693 3402 850 3458 ancillarum
869 3419 924 3460 non
941 3405 1104 3474 recepisset,
1126 3409 1175 3459 aut
1191 3406 1284 3473 legata
1301 3403 1345 3460 uel
1362 3402 1544 3472 hereditates,
1563 3417 1639 3471 quae
1656 3405 1718 3472 post
1735 3410 1758 3448 ιι

277 3491 424 3547 diuortium
443 3506 492 3560 per
509 3505 604 3546 seruos
623 3489 729 3544 dotales
747 3490 901 3560 adquisitae
920 3493 1018 3548 marito
1037 3491 1160 3548 brisscnt.

221 3575 259 3633 32
331 3580 409 3633 lnnu
426 3578 494 3634 libro
512 3577 634 3634 secundo
652 3577 688 3632 ad
707 3577 832 3635 Urseium
850 3580 990 3636 Ferocem.
1028 3579 1057 3635 Si
1074 3581 1149 3650 prior
1171 3581 1286 3636 maritus
1303 3579 1447 3650 posteriori
1465 3579 1537 3634 dotis
1555 3574 1626 3661 [Β
1607 3591 1648 3647 ιι,
1658 3591 1680 3644 8,
1689 3583 1752 3634 ets

278 3669 386 3724 nomine
403 3673 544 3738 umquam
562 3665 670 3722 debitor
687 3667 806 3722 mulieris
824 3668 917 3724 dotem
935 3669 1104 3740 promiserit,
1129 3685 1183 3725 non
1200 3670 1263 3741 plns
1280 3685 1362 3740 quam
1380 3668 1410 3723 id
1427 3667 1501 3738 qnod
1518 3665 1613 3724 tacere
1632 3655 1719 3739 possit

278 3755 351 3812 dotis
369 3755 490 3812 iuturum
510 3771 579 3811 esse
1736 3765 1760 3804 ιι

221 3843 260 3900 33
331 3845 503 3900 Αιιιιιιιιιι
520 3843 590 3900 libro
608 3843 724 3913 septimo
742 3843 943 3914 quaestionum.
980 3845 1057 3912 Qnee
1074 3846 1146 3902 dctis
1158 3847 1268 3902 nomine
1279 3848 1382 3901 certam
1394 3846 1540 3915 pecuniam
1559 3841 1638 3927 [Β
1610 3858 1650 3912 ae,
1659 3857 1681 3910 s,
1685 3837 1718 3900 ιι
1734 3849 1753 3901 S

277 3934 452 4003 promiserat,
476 3933 609 4002 quosdam
629 3932 803 4002 adhibuerat,
827 3933 874 4002 qui
891 3935 1086 4004 stipularcntur
1107 3943 1213 4006 partem
1231 3935 1304 3990 dotis
1322 3934 1454 3990 distracto
1472 3933 1650 3989 mahimonio
1653 3919 1719 3988 sibi

278 4022 361 4076 solui:
385 4036 419 4076 ee
436 4022 511 4076 nulla
527 4021 592 4078 data
610 4021 674 4076 dote
693 4020 799 4077 obierat
817 4021 914 4077 eodem
937 4023 1035 4080 marito
1058 4039 1109 4079 suo
1132 4024 1232 4079 herede
1255 4024 1362 4079 relicto:
1388 4022 1412 4077 ιι
1430 4021 1594 4077 damnosam
1613 4021 1718 4078 heredi-

278 4114 363 4164 tatem
388 4110 447 4164 eius
470 4109 584 4164 adierat.
611 4109 695 4165 nihilo
719 4111 810 4166 minus
832 4110 1037 4180 stipulatoribus
1060 4111 1210 4182 tenebitur,
1233 4113 1361 4182 quoniam
1384 4110 1511 4166 adeundo
1535 4110 1719 4166 hereditatem

278 4196 418 4252 debitricis
435 4199 637 4267 intellegeretur
654 4214 748 4254 secum
765 4214 909 4269 pensasse:
933 4215 985 4256 nec
1007 4201 1043 4256 ad
1066 4215 1123 4256 rem
1144 4201 1293 4271 pertinere,
1317 4199 1392 4270 quod
1415 4198 1547 4254 soluendo
1569 4215 1626 4256 non
1645 4203 1720 4254 esset

278 4284 425 4354 hereditas,
443 4285 553 4354 quando
571 4289 670 4342 ceteris
688 4288 770 4343 etiam
789 4287 969 4343 creditoribus
986 4294 1120 4345 teneatur.
1737 4295 1762 4334 *ὃ

222 4373 261 4431 34
331 4373 409 4427 loun
431 4373 500 4428 libro
522 4381 621 4432 octauo
644 4377 843 4446 quaestionum.
881 4377 955 4432 Titia
978 4377 1124 4433 diuortium
1143 4392 1161 4431 a
1179 4377 1243 4432 Seio
1261 4375 1339 4432 fecit:
1361 4375 1433 4433 hene
1451 4377 1542 4432 Τιιιιι
1560 4371 1754 4459 [ubuum

279 4462 307 4517 in
325 4477 376 4516 sua
392 4467 531 4531 potestate
549 4479 611 4519 esse
629 4463 695 4519 dicit
713 4470 741 4520 et
758 4465 851 4521 domm
869 4464 921 4520 sibi
939 4465 1017 4522 reddi
1034 4467 1169 4536 postulat:
1194 4466 1256 4536 ipsa
1278 4481 1309 4521 se
1331 4471 1447 4522 matrem
1469 4463 1588 4522 familias
1606 4466 1675 4520 dicit
1692 4469 1720 4519 et

278 4568 420 4637 adiro)

280 4711 358 4778 ¹pro
376 4723 410 4763 ιι
426 4715 504 4778 parte
524 4717 570 4764 ιιι.
642 4711 745 4781 lrpurs‘?

281 4849 431 4918 2muliere]
446 4850 613 4905 muelereF¹
662 4853 830 4921 spurci-'¹
877 4853 969 4908 licon·
1024 4855 1098 4909 rint
1115 4855 1151 4908 pr
1205 4855 1240 4910 36
1258 4853 1357 4909 ιιοιιιιι
1376 4853 1413 4907 F
1465 4855 1501 4908 ιι
1519 4853 1664 4910 deuitricis
1682 4855 1719 4908 ΡΙ

280 4921 368 4974 secuti
390 4921 428 4973 F·
452 4923 498 4990 lp
499 4936 529 4977 ro
557 4941 606 4974 em.
623 4921 660 4972 F¹
732 4925 749 4979 6
776 4923 970 4994 expendetF
1022 4927 1057 4982 47
1077 4924 1214 4982 redditus
1225 4927 1347 4995 postulet
1364 4925 1402 4978 l*

281 4993 314 5046 11
332 4937 498 5048 dotaeF²
539 4992 574 5048 18
592 4989 773 5048 autaml't
829 4995 970 5052 30solue·
