3720 5544
986 214 1044 282 LX

297 410 351 449 666
370 393 485 449 eundem
504 393 708 449 excusationem
727 395 874 461 merentur,
893 390 940 447 ubi
957 392 1096 462 progressi
1115 391 1232 448 suntad
1250 392 1336 463 ipsam
1357 390 1505 447 orationem
1518 390 1727 464 reformandam,

297 502 416 570 exempli
436 515 519 557 causa
545 507 682 572 sequestris
710 497 874 555 uocabulum
900 503 1035 569 perpetuo
1061 498 1098 554 ad
1126 498 1273 555 secundam
1297 498 1506 556 declinationem
1529 505 1728 556 reuocauerunt

297 608 403 678 (1,473,
418 608 450 662 16
463 609 540 678 666),
559 621 608 677 666
627 611 855 680 qualiterqualiter,
874 605 949 677 quod
967 621 1022 661 non
1041 605 1128 676 magis
1148 606 1267 662 assecuti
1285 621 1346 662 esse
1364 605 1491 663 uidentur
1508 622 1589 677 quam
1609 607 1726 663 assecuti

296 719 362 770 6661
379 718 476 783 666166
488 713 676 770 Bononienses
689 715 726 784 (6.
740 714 876 784 LXVIII),
895 712 1030 769 dederunt
1044 717 1153 786 qualiter
1165 713 1209 785 (11,
1221 713 1283 784 557,
1297 715 1340 770 17.
1352 715 1414 784 747,
1422 715 1466 770 36.
1479 714 1539 784 760,
1548 713 1586 784 3),
1603 719 1666 785 6661
1677 723 1728 771 cici

297 822 470 878 inseruerunt
487 831 511 875 st
529 821 648 891 (Π,431,
662 821 704 876 15.
722 821 783 892 474,
795 821 840 877 43.
859 821 919 892 576,
931 821 987 891 43),
1006 820 1111 890 modos,
1130 821 1248 875 mantne
1267 819 1313 876 ubi
1330 821 1417 876 oratio
1428 820 1531 891 pendet
1542 836 1577 877 ex
1588 822 1727 891 particulis

296 938 320 984 6·
337 933 366 983 61
383 949 452 994 cam,
476 927 512 982 ad
531 929 623 983 neseio
641 941 711 997 quas
728 929 804 999 leges
822 929 1063 983 immutauerunt1.
1091 942 1142 982 666
1159 927 1240 997 longe
1259 927 1351 996 distat,
1370 927 1443 997 quod
1461 942 1496 983 ex
1513 931 1568 1000 leyo
1592 927 1726 985 uocabulo

292 1034 464 1097 ,7666666166
477 1038 532 1109 7666
543 1035 589 1104 (II,
600 1036 660 1107 149,
669 1035 706 1105 4),
719 1035 754 1090 sd
767 1043 893 1092 castrense
905 1035 978 1091 uude
991 1034 1111 1106 pontum
1124 1034 1288 1090 addiderunt
1298 1037 1422 1106 peculium
1434 1033 1466 1105 (Ι,
1476 1035 1537 1106 871,
1547 1035 1590 1092 32.
1600 1037 1662 1108 874,
1670 1038 1725 1106 44).

295 1142 408 1214 6666166
420 1147 471 1212 661,
480 1142 555 1212 6666
567 1142 588 1210 l,
598 1143 685 1212 423,1
699 1142 735 1198 66
748 1144 883 1198 7156166661
895 1142 1058 1199 uocabulum
1072 1141 1184 1198 Graecis
1195 1157 1291 1212 pamm
1303 1146 1399 1196 notum
1412 1141 1557 1212 adscripsit
1569 1143 1726 1201 emendator

295 1249 381 1306 uerba
397 1265 432 1304 ex
449 1249 582 1318 glossario
601 1249 692 1318 aliquo
704 1247 810 1305 Graeco
822 1249 961 1305 6176617666
979 1249 1125 1321 desumpta
1143 1268 1205 1322 quoa
1220 1248 1319 1304 Graece
1338 1246 1516 1319 ucupota'nruc
1533 1259 1632 1306 666661.
1659 1249 1726 1308 haec
1840 1234 1845 1244 Ι

295 1372 330 1412 en
342 1356 590 1427 grammatistarum
609 1354 844 1413 lucubrationibus
856 1357 942 1426 petita
955 1356 1077 1426 6616666
1091 1369 1200 1413 666666
1219 1355 1395 1426 perueniunt:
1413 1361 1443 1411 at
1460 1355 1631 1426 Interpelatio
1649 1349 1726 1415 s'clro·
1793 1408 1796 1412 ,

295 1464 393 1519 7661166
409 1462 520 1518 66161666
538 1462 566 1517 16
585 1461 757 1518 6166116516
775 1479 806 1520 se
824 1463 971 1533 continuit,
995 1463 1045 1518 666
1069 1463 1151 1519 etiam
1176 1438 1294 1518 mutauit
1316 1461 1444 1518 omisltue
1462 1462 1597 1534 quaedam
1615 1469 1727 1536 proptor

295 1571 495 1626 1666616166.
523 1571 690 1639 6666611661
707 1569 909 1641 quodammodo
928 1568 1090 1626 uocabulum
1109 1573 1188 1636 mitta,
1208 1568 1254 1625 ubi
1272 1569 1300 1624 in
1318 1584 1491 1625 nummorum
1508 1571 1661 1640 quantitate
1680 1571 1726 1628 de·

294 1675 414 1732 finienda
431 1676 575 1748 inuenitur,
594 1675 632 1732 ibi
650 1677 752 1748 passim
772 1681 939 1748 expunctum
958 1676 993 1733 ab
1012 1674 1265 1733 emendatoribus²:
1285 1675 1388 1732 scilicet
1400 1676 1489 1732 secuti
1501 1675 1615 1733 turmam
1632 1678 1725 1734 661666

294 1782 330 1838 ab
348 1783 408 1854 7666
429 1782 579 1840 1661767660
597 1785 674 1852 (lust.
687 1785 712 1855 3,
725 1786 750 1854 7,
763 1785 799 1854 3),
818 1791 847 1839 ut
861 1804 911 1856 pre
929 1787 995 1839 mille
1012 1791 1135 1840 6667667116
1153 1803 1217 1838 uuus
1235 1803 1327 1838 aureus
1345 1791 1509 1856 computetis,
1527 1783 1638 1841 617666
1656 1785 1725 1842 deri-

293 1895 387 1946 661666
406 1891 631 1946 consuetudinem
649 1890 823 1962 prudentium
841 1891 1051 1964 Byzantiorum,
1075 1891 1123 1960 qul
1145 1889 1241 1947 decem
1265 1889 1340 1945 milia
1356 1889 1471 1946 reddere
1490 1891 1578 1947 solent
1595 1907 1645 1962 per
1662 1891 1725 1947 sius

295 1997 444 2062 66616666,
463 1998 561 2054 Latlna
578 2013 687 2078 queque
706 1997 830 2053 similiter
847 1996 999 2054 formarunt
1011 1999 1054 2054 667
1066 1997 1158 2067 661166
1170 1995 1365 2054 deterruerunt.
1392 1997 1510 2068 deniqne
1527 2002 1559 2052 nt
1577 1999 1655 2055 multi
1672 1998 1725 2056 loci

293 2105 477 2176 inueniuntur,
496 2103 542 2160 ubi
560 2104 719 2162 emendator
737 2120 771 2161 er
784 2105 901 2175 1166666
913 2120 967 2161 666
982 2105 1049 2160 satis
1061 2105 1232 2175 intellegeret
1243 2105 1288 2159 nel
1300 2119 1371 2174 quae
1383 2103 1557 2174 displicerent
1568 2105 1725 2162 coniectura

294 2225 324 2267 66
346 2211 486 2282 666661611
508 2225 596 2282 66666
614 2226 675 2267 6666
693 2214 735 2279 (61
753 2227 777 2267 c.
790 2227 814 2267 c.
827 2211 862 2281 77,
874 2212 935 2282 836,
948 2213 976 2280 3)
995 2210 1076 2283 767161,
1099 2210 1263 2282 quibusdam
1282 2211 1365 2267 611666
1389 2215 1526 2267 commata
1545 2215 1606 2269 tota
1622 2211 1725 2269 inserta

294 2334 328 2374 ex
346 2317 553 2389 iuterpolatione
572 2318 622 2384 (ita
639 2319 734 2390 Ι,800,
748 2319 790 2374 12.
809 2319 844 2390 77,
856 2320 918 2389 220,
930 2319 991 2389 30),
1015 2319 1056 2375 116
1077 2317 1189 2389 quidam
1213 2317 1451 2389 deprehenduntur
1472 2319 1609 2376 lmmutatl
1627 2319 1663 2376 66
1681 2321 1724 2376 lus

293 2409 472 2481 Iustlnianum
491 2425 608 2506 maxims
626 2425 801 2481 nouellarum.
829 2442 893 2480 nam
912 2427 933 2496 7,
946 2427 1007 2497 687,
1020 2427 1054 2482 34
1072 2431 1156 2496 66661
1173 2430 1262 2482 totum
1279 2425 1421 2481 inductum
1433 2429 1477 2481 est
1487 2430 1633 2497 propterea
1649 2426 1724 2498 qnod

293 2531 332 2588 lbi
349 2533 503 2588 nomlnatur
520 2532 593 2588 actio
611 2532 646 2588 66
664 2531 793 2602 moribus,
811 2533 916 2589 scillcet
933 2532 969 2589 ab
987 2532 1163 2590 emendatore
1182 2547 1301 2589 memore
1318 2531 1443 2589 rubricae
1460 2533 1564 2589 codicis
1581 2534 1724 2590 Instlniani

294 2639 366 2711 5,17
385 2639 427 2695 'de
438 2638 539 2696 iudicio
556 2639 591 2694 de
609 2637 730 2695 moribus
747 2638 872 2695 sublato’.
900 2641 965 2696 item
983 2639 1018 2696 66
1037 2639 1132 2711 1722,
1146 2641 1180 2696 13
1199 2639 1284 2696 66656
1301 2640 1436 2710 quaedam
1455 2639 1546 2696 deleta
1562 2655 1624 2697 6666
1642 2640 1723 2698 docui

293 2751 389 2818 utpote
407 2747 542 2802 contraria
559 2748 683 2803 nouellae
701 2747 844 2802 Iustiniani
862 2749 922 2803 117.
949 2747 1074 2803 similiter
1091 2748 1112 2818 I,
1125 2749 1215 2818 728,3
1234 2745 1319 2803 uerba
1336 2751 1378 2803 uel
1393 2750 1486 2804 accida
1504 2751 1593 2824 effecte
1611 2747 1724 2804 inducta

293 2859 358 2910 sunt
374 2859 519 2927 propterea
537 2854 611 2924 quod
628 2854 796 2910 Iustinianus
814 2855 922 2910 nouella
939 2855 975 2911 22
995 2855 1050 2911 68
1067 2855 1228 2911 seruitutem
1245 2869 1351 2926 poenae
1371 2860 1479 2910 etcum
1497 2868 1532 2910 eo
1549 2855 1722 2912 coniunctam

293 2961 457 3017 matrImonii
474 2961 680 3018 dissolutionem
698 2959 844 3017 aboleuiti.

120 3080 266 3140 mterpolatio
345 3068 423 3124 Hanc
435 3067 584 3124 1166661161
601 3067 661 3123 libri
680 3067 900 3124 retractationem
919 3071 975 3124 tam
993 3068 1021 3123 in
1040 3066 1131 3124 uerbis
1149 3082 1232 3139 quam
1250 3067 1278 3122 in
1297 3066 1379 3123 66566
1397 3067 1514 3138 positam
1531 3067 1722 3125 scholasticam

131 3142 256 3252 Fiffiffli
292 3181 378 3231 totam
396 3175 442 3245 qul
461 3175 599 3246 componit
621 3190 683 3231 cum
708 3176 779 3232 sexti
797 3175 899 3230 6666671
916 3175 1090 3245 prudentium
1115 3173 1287 3231 66667661566
1305 3173 1582 3246 adnotationibusque
1599 3175 1628 3231 ln
1645 3175 1722 3231 Basi-

121 3266 265 3375 'mg'
291 3283 351 3338 71616
368 3297 517 3354 eorumque
536 3288 669 3353 apparatu
688 3281 819 3354 seruatis,
844 3281 936 3336 statiua
955 3282 1095 3352 intelleget
1113 3285 1227 3352 6166666
1245 3279 1380 3352 6667161661
1397 3298 1432 3338 ex
1450 3281 1549 3338 studiis
1567 3281 1722 3352 scholisque

116 3391 174 3437 acati
190 3391 275 3437 saeculi
291 3389 388 3446 iisdem
415 3389 582 3460 eosdemque
607 3390 681 3446 utros
708 3389 805 3445 doctos
833 3395 862 3444 61
883 3387 1069 3444 Florentinum
1096 3387 1194 3444 librum
1222 3389 1352 3458 relegisse
1377 3393 1406 3444 et
1428 3387 1549 3444 0666666
1575 3388 1634 3445 17766
1661 3404 1721 3445 ner·

131 3453 254 3512 repetenda
292 3497 383 3552 676666
401 3495 557 3552 elaborasse
575 3503 603 3551 ct
621 3497 777 3552 adnotasse.
804 3512 867 3551 nam
887 3509 1052 3566 quamquam
1076 3495 1163 3551 multa
1185 3510 1218 3550 ex
1241 3495 1275 3551 lis
1297 3510 1368 3565 quae
1391 3511 1475 3566 supra
1492 3495 1527 3551 de
1546 3495 1722 3553 emendatore

292 3602 499 3660 6566666616666
516 3618 568 3658 666
585 3607 683 3658 natura
700 3602 773 3674 apud
792 3601 1059 3672 16166666166666166
1077 3607 1230 3673 nequeunt,
1250 3606 1344 3658 tamen
1362 3601 1457 3658 eadem
1476 3601 1514 3658 151
1532 3603 1651 3659 66661166
1667 3601 1722 3660 lor·

292 3710 425 3766 mularum
444 3725 518 3782 curs,
535 3709 608 3766 idem
627 3709 655 3765 ln
673 3713 814 3764 auctorum
834 3707 987 3765 nominibus
998 3706 1182 3780 librorumque
1193 3709 1278 3765 titulis
1291 3709 1437 3780 studium⁴‚
1455 3708 1502 3766 ubi
1514 3709 1723 3780 diligentissima

291 3817 412 3887 ipsorum
431 3816 600 3888 digestorum
618 3817 794 3888 pertractatio
813 3816 880 3872 mite
898 3815 1044 3872 coniuncta
1061 3821 1182 3872 6616666
1202 3815 1405 3873 6566761616616
1418 3816 1578 3886 antenoris
1589 3818 1722 3874 omnium·

345 4015 354 4046 ¹
373 4011 436 4064 Post
452 4020 477 4066 si
494 4021 520 4066 61
537 4020 589 4066 uisi
600 4030 646 4080 pro
664 4013 799 4064 7667661766
812 4013 968 4065 substituitur
980 4013 1151 4066 coniunctinus
1169 4013 1190 4076 1,
1200 4013 1261 4076 816,
1271 4013 1295 4065 6.
1314 4013 1417 4076 Π,552,
1427 4013 1470 4065 41.
1488 4011 1549 4076 557,
1558 4013 1583 4066 3.
1601 4014 1663 4080 558,
1675 4017 1721 4069 11:

291 4110 349 4169 6661
371 4121 428 4156 cum
451 4101 483 4164 II,
497 4102 558 4164 364,
571 4101 619 4154 226
642 4111 700 4169 6661
722 4121 756 4156 cc
779 4102 812 4165 11,
831 4103 892 4164 558,
912 4101 960 4152 286
985 4102 1100 4154 65667616
1123 4103 1144 4166 7,
1161 4101 1222 4166 712,
1238 4102 1278 4154 77.
1302 4099 1363 4164 715,
1377 4101 1420 4154 23.
1447 4104 1605 4156 econtrario
1622 4115 1681 4171 post
1697 4113 1722 4160 si

291 4191 441 4242 indicatiuus
465 4209 511 4258 pro
536 4192 692 4244 coniunctius
710 4191 731 4254 I,
750 4191 810 4252 713,
832 4191 872 4242 16.
978 4189 1029 4253 ²1,
1046 4191 1124 4252 27,2
1147 4192 1201 4258 (657
1223 4191 1290 4243 male
1312 4201 1413 4244 secutus
1436 4209 1491 4243 sum
1514 4192 1721 4260 emendatorem),

291 4279 352 4342 240,
365 4280 390 4330 2.
409 4279 470 4343 223,
483 4280 526 4332 23.
545 4281 606 4343 462,
621 4282 643 4332 I.
661 4280 723 4342 475,
735 4280 778 4332 40.
797 4280 858 4343 510,
870 4280 914 4332 st.
932 4280 993 4342 727,
1005 4281 1031 4332 2.
1043 4273 1111 4344 862,
1124 4281 1164 4334 18.
1181 4281 1215 4344 Π,
1228 4281 1271 4343 83,
1284 4281 1325 4334 19.
1343 4280 1403 4344 660,
1415 4280 1455 4332 12.
1474 4280 1588 4343 664,11.
1607 4281 1668 4344 623,
1678 4281 1721 4334 26.

291 4369 453 4435 66667666661
470 4369 559 4436 661666
577 4369 751 4436 compilatores
769 4369 829 4437 ipsi:
847 4389 872 4422 u.
891 4369 924 4431 II,
939 4370 998 4433 718,
1010 4369 1053 4421 22.
1159 4369 1172 4404 ⁸
1189 4371 1272 4422 uuam
1288 4371 1310 4434 1,
1323 4370 1383 4433 682,
1396 4370 1431 4423 30
1448 4369 1550 4436 negotio
1562 4370 1647 4422 deleta
1664 4388 1721 4423 esse

291 4465 375 4524 661661
393 4467 527 4524 propterea
545 4460 611 4525 quod
629 4459 758 4526 ByzantiI,
777 4468 805 4511 61
822 4459 973 4512 recentiores
991 4459 1128 4526 prudentes
1146 4459 1300 4526 complures,
1323 4459 1407 4526 Iegem
1423 4459 1555 4512 Iustiniani
1573 4459 1719 4512 666617766-

291 4546 386 4598 bitione
405 4547 437 4598 ad
455 4556 554 4615 tempus
571 4548 667 4616 negotii
689 4549 754 4615 gesti
773 4549 964 4601 retrotrahenda
987 4549 1059 4614 (cot.
1072 4550 1097 4611 5,
1113 4547 1154 4610 16,
1166 4547 1209 4600 25.
1228 4548 1254 4610 4,
1266 4547 1309 4610 28,
1322 4547 1349 4616 7)
1368 4549 1444 4602 etiam
1462 4549 1614 4616 6616661166
1632 4550 1719 4602 trahe-

292 4636 361 4687 bant.
472 4637 484 4670 ⁴
508 4637 546 4689 Ee
563 4637 691 4704 pertinent
714 4655 836 4704 responsa
857 4639 890 4690 ab
908 4639 1028 4691 Africano
1051 4637 1132 4690 relata
1148 4637 1242 4689 tributa
1259 4637 1356 4690 Iuliano
1375 4639 1443 4706 (uide
1460 4655 1525 4704 quae
1543 4639 1676 4691 obseruari
1694 4640 1719 4692 in

291 4725 453 4791 ephemeride
475 4726 535 4778 iuria
553 4727 718 4779 Rudcrfficna
735 4729 761 4790 2,
779 4728 838 4794 23),
862 4727 942 4780 relata
965 4729 996 4780 ab
1015 4727 1107 4779 Alfeno
1130 4726 1223 4778 tributa
1240 4726 1329 4780 Seruio
1348 4727 1378 4794 (1,
1391 4727 1452 4791 566,
1464 4727 1525 4794 20),
1548 4728 1608 4780 item
1625 4727 1721 4780 Aufidii

291 4832 381 4867 nomen
401 4832 488 4881 parum
506 4825 592 4868 notum
609 4817 675 4868 male
692 4825 814 4868 mutatum
832 4817 858 4868 in
870 4816 1139 4883 611661(1,606,14),
1156 4815 1271 4868 Marcelli
1282 4817 1303 4879 Ι,
1316 4816 1359 4880 86,
1375 4818 1407 4869 70
1424 4817 1585 4870 6616166616
1597 4817 1720 4870 Marciani

290 4911 359 4955 recte
378 4904 486 4970 quidem,
505 4906 551 4958 sed
569 4915 656 4958 contra
673 4907 845 4973 archetypum,
864 4922 918 4958 cum
936 4924 995 4974 pars
1011 4906 1163 4958 Graecorum
1180 4921 1237 4959 cum
1249 4905 1393 4958 7066661766
1409 4906 1474 4959 77566
1487 4906 1512 4958 76
1530 4905 1595 4960 falsa
1612 4905 1720 4959 lectione

290 4993 437 5046 consentiat.
