3770 5544
158 271 329 330 nonnus
828 248 918 330 279
1361 253 1588 325 inliso-a

156 409 302 482 percussit,
320 413 352 464 ut
367 409 463 466 oeulos
473 423 558 480 puero
569 407 802 480 perfunderetur1.
828 409 895 466 dloit
910 411 995 482 igitur
1012 411 1132 468 lulianus
1149 411 1307 468 iniuriarum
1325 413 1434 484 quidam
1452 413 1588 472 sotionem

157 515 213 554 uon
231 502 394 569 eompetera,
413 499 477 568 quia
488 513 543 554 uon
554 497 696 554 sapiendae
708 499 821 554 iniuriae
834 515 917 557 eausa
928 501 1100 570 percusserit,
1118 501 1169 556 sod
1180 502 1307 557 monendi
1324 507 1352 558 et
1363 503 1479 558 docendi
1490 519 1586 558 oeusa:

157 604 194 643 au
211 603 247 644 ex
264 589 361 657 loeato,
380 586 496 656 dubitat,
515 587 580 656 quia
597 588 666 642 leuis
683 587 827 644 dumtaxat
844 588 989 658 castigatio
1007 603 1139 645 oonoessa
1150 590 1326 646 estdoeentr':
1344 591 1393 647 sed
1404 592 1466 661 lege
1477 591 1588 661 Aquilia

156 691 240 746 posse
259 675 305 745 agi
322 691 379 731 non
395 674 504 732 dubito:
1606 697 1622 735 a

120 767 138 824 6
209 765 330 820 Pennus
347 763 417 820 libro
434 763 584 820 uioensimo
602 764 723 820 seeundo
740 763 777 820 ad
798 763 927 820 edietum.
961 767 1147 836 praeoaptorls
1170 767 1242 822 enim
1264 767 1348 823 nimia
1370 781 1429 824 sae·
1450 761 1587 851 Q
1605 775 1634 832 Ε

156 853 227 909 uitia
244 853 340 923 eulpae
361 853 529 923 adsignatur.

120 943 138 1001 7
210 942 362 998 liurmnus
379 941 448 997 libro
466 947 565 996 oetaeo
582 939 689 996 deoimo
706 939 743 996 ad
754 941 883 998 edietum.
911 941 972 1008 Qua
989 942 1095 998 eodone
1106 947 1211 1014 patrem
1224 949 1433 1000 eouseeuturum
1451 939 1588 1027 ffers—su
1607 955 1634 1008 Ε

155 1032 209 1100 ait,
234 1031 307 1100 quod
330 1031 421 1086 minus
443 1045 478 1084 ex
502 1029 591 1099 operis
613 1027 661 1083 lilii
684 1029 726 1082 sui
749 1035 861 1101 propter
883 1030 1009 1086 uitiatum
1033 1032 1142 1086 oeulum
1165 1031 1202 1086 sit
1218 1029 1373 1102 habiturus,
1398 1039 1426 1088 et
1443 1019 1587 1104 impendis]

124 1129 135 1172 1
155 1135 229 1190 qnae
246 1133 297 1190 pro
315 1119 374 1174 eius
393 1117 533 1172 curatione
551 1115 654 1172 feeerit
691 1116 818 1181 Ooeisum
836 1122 926 1172 autem
945 1119 1069 1188 aeeipere
1087 1117 1227 1190 debemus,
1246 1121 1305 1175 siue
1319 1120 1411 1190 gladio
1429 1123 1488 1178 siue
1506 1123 1588 1178 etiam

153 1208 230 1263 fuste
248 1208 293 1262 uel
311 1208 366 1262 alio
383 1206 438 1261 telo
455 1206 500 1261 uel
519 1205 644 1261 manibus
662 1207 696 1272 (si
714 1203 784 1261 torta
802 1207 984 1276 smangulsuit
1001 1209 1075 1275 eum)
1099 1209 1143 1263 uel
1167 1209 1241 1263 ealoe
1263 1209 1343 1280 petiit
1364 1211 1409 1265 uel
1432 1211 1522 1280 eapite
1546 1211 1589 1266 uel
1609 1225 1637 1266 so

122 1296 274 1367 equaliter
298 1295 422 1366 qualiter.
465 1294 538 1350 squ·
560 1295 583 1350 si
606 1293 667 1365 qm's
690 1295 752 1364 plus
774 1295 846 1350 iusto
870 1300 1000 1351 oneratus
1022 1296 1152 1350 deieeen‘t
1173 1310 1243 1351 onus
1267 1301 1296 1352 et
1318 1312 1427 1353 seruum
1451 1299 1589 1370 ooeiderit,

153 1386 269 1456 Aquilia
291 1385 381 1441 looum
404 1382 500 1438 habet:
524 1381 576 1438 luit
597 1384 669 1438 enim
692 1384 720 1438 in
744 1383 830 1453 ipsius
855 1379 965 1440 a'rbitrio
988 1385 1027 1440 lta
1051 1399 1080 1440 se
1102 1398 1157 1440 uon
1180 1398 1301 1440 onerare.
1329 1401 1393 1440 nam
1411 1392 1439 1441 et
1456 1387 1480 1442 sl
1496 1388 1590 1457 lapsus

153 1475 255 1542 aliquis
273 1489 383 1528 seruum
401 1473 519 1527 alienum
538 1487 619 1527 onere
637 1472 779 1542 presserit,
803 1472 925 1541 Pegasus
947 1475 986 1528 ait
1008 1473 1070 1542 lege
1087 1473 1198 1542 Aquilia
1220 1487 1282 1527 eum
1306 1475 1392 1530 teneri
1415 1475 1455 1530 ita
1471 1475 1589 1547 demum,

122 1563 243 1618 ssiuel
261 1563 324 1632 plus
347 1562 419 1616 iusto
441 1576 471 1615 se
490 1561 642 1616 onerauerit
658 1561 704 1614 uel
728 1561 916 1628 neglegentius
938 1577 988 1632 per
1011 1561 1145 1616 lubricum
1165 1562 1311 1616 transierit.
1347 1563 1464 1618 Proinde
1487 1564 1591 1633 siquis

154 1652 268 1706 alterius
287 1651 395 1718 inpulsu
414 1649 544 1704 damnum
561 1647 681 1717 dederit,
699 1648 832 1704 Prooulus
849 1649 943 1704 senisii
959 1664 1049 1719 neque
1067 1664 1129 1704 eum
1147 1650 1194 1720 qui
1212 1651 1319 1720 impulit
1335 1653 1435 1720 teneri,
1454 1652 1591 1721 quianon
1609 1663 1637 1706 rs

154 1739 265 1807 oeeidit,
284 1753 374 1808 neque
393 1753 456 1793 eum
474 1739 521 1808 qul
539 1737 674 1807 impulsus
692 1741 749 1806 est,
773 1738 838 1806 quia
855 1738 983 1793 damnum
1002 1739 1100 1794 lniurla
1117 1753 1173 1793 nou
1189 1738 1279 1793 dedit:
1303 1739 1453 1795 seeundum
1471 1741 1544 1810 quod
1562 1741 1591 1796 iu

121 1827 260 1882 aiseium
278 1827 351 1881 aetio
369 1827 421 1882 erit
439 1826 530 1881 denda
548 1827 575 1882 in
594 1841 657 1880 eum
675 1825 721 1895 qui
740 1825 854 1895 impulit.
891 1825 919 1882 Si
938 1828 1000 1898 quia
1017 1827 1045 1882 in
1064 1828 1254 1883 oolluotatione
1272 1829 1315 1882 uel
1333 1829 1361 1883 ln
1378 1830 1527 1900 pancratio,
1545 1830 1591 1884 uel

154 1917 265 1986 pugiles
284 1915 348 1969 dum
366 1915 438 1970 inter
455 1929 485 1969 se
504 1919 664 1968 exercentur
681 1915 751 1968 alius
768 1914 851 1969 alium
870 1916 1008 1985 oeeiderit,
1027 1917 1050 1970 si
1069 1915 1179 1986 quidem
1196 1916 1224 1970 in
1237 1916 1347 1987 publieo
1359 1918 1507 1973 oertamine
1521 1919 1591 1973 alius

154 2005 239 2059 alium
258 2003 403 2072 oeeiderit,
422 2007 514 2058 eessat
531 2003 654 2073 Aquilia,
673 2002 738 2073 quia
755 2003 857 2072 gloriae
876 2017 961 2058 eausa
978 2009 1007 2059 et
1026 2005 1147 2074 numus,
1171 2019 1225 2060 non
1243 2005 1359 2062 iniuriae
1377 2007 1466 2076 gratia
1482 2007 1592 2062 uidetur

154 2093 287 2149 damnum
306 2092 410 2146 datum
438 2092 490 2147 hoe
507 2097 601 2147 autem
620 2091 648 2146 lu
666 2106 746 2146 seruo
764 2107 819 2146 non
836 2091 968 2162 propedit,
987 2095 1115 2163 quonlam
1127 2094 1238 2163 ingenui
1251 2095 1340 2150 solent
1355 2099 1472 2150 oertare:
1491 2096 1519 2151 in
1536 2092 1591 2150 tilio
1610 2106 1639 2146 aa

154 2181 274 2239 familias
291 2182 435 2237 uulnerato
453 2179 584 2250 proeedit.
610 2181 691 2249 plano
708 2181 732 2236 si
751 2179 893 2235 sedentem
910 2182 1101 2250 uulnerauerit,
1120 2183 1171 2236 erit
1182 2181 1309 2252 Aquiliae
1326 2185 1411 2252 loeus,
1430 2188 1478 2238 aut
1496 2184 1520 2238 si
1537 2198 1592 2238 non

154 2273 181 2326 in
200 2271 350 2326 certamine
369 2285 478 2324 seruum
496 2269 606 2338 oooidit‚
625 2269 676 2324 uisi
696 2269 720 2323 si
738 2267 848 2324 domino
866 2271 1052 2325 committente
1070 2269 1122 2324 hoe
1133 2269 1236 2326 faotum
1252 2271 1301 2326 sit:
1319 2277 1385 2326 tune
1397 2273 1469 2326 enim
1481 2271 1593 2342 Aquilia

122 2365 256 2416 teessat
293 2357 366 2414 Sed⁸
384 2359 407 2412 si
425 2359 486 2428 quis
505 2373 614 2412 seruum
634 2363 776 2428 aegrotum
794 2358 891 2413 leuiter
908 2359 1075 2428 percusserit
1097 2359 1165 2414 etis
1183 2358 1293 2430 obierit,
1317 2364 1392 2416 reete
1410 2359 1502 2416 Labeo
1525 2360 1593 2416 dielt

122 2450 217 2519 olege
229 2447 342 2518 Aquilia
353 2463 416 2503 eum
433 2447 528 2516 teneri
547 2447 613 2517 quia
630 2447 704 2503 aliud
722 2448 767 2502 aiii
786 2445 953 2502 mortiferum
972 2461 1034 2502 esse
1051 2448 1129 2503 solet
1156 2447 1252 2504 Celsum
1266 2453 1357 2504 autem
1377 2449 1491 2504 multum
1509 2449 1591 2504 inter·

154 2553 217 2593 esse
236 2537 317 2606 dieit,
341 2535 472 2592 oeolderit
489 2549 524 2590 an
542 2536 637 2590 mortls
655 2550 767 2590 eausam
784 2535 965 2606 praestiterit,
987 2539 1019 2590 ut
1040 2537 1088 2606 qui
1110 2537 1205 2592 mortis
1228 2551 1339 2591 eausam
1362 2537 1513 2608 praestitit,
1536 2553 1591 2593 non
1609 2547 1638 2590 as

152 2627 280 2697 Aquilia,
305 2625 353 2680 sed
372 2626 400 2678 in
418 2622 520 2679 iaotum
539 2625 646 2680 aetium
663 2629 798 2680 teneatur.
828 2622 900 2678 unde
919 2621 1008 2678 adfert
1025 2638 1089 2679 eum
1107 2625 1154 2694 qui
1170 2639 1305 2681 uenenum
1324 2640 1374 2695 pro
1391 2625 1591 2682 medicamento

153 2716 233 2770 dedit
250 2721 279 2770 et
296 2715 336 2769 ait
353 2729 464 2770 emaum
482 2713 577 2768 mortis
594 2713 778 2783 praestitisse,
803 2712 1031 2782 quemadmodum
1050 2727 1113 2768 eum
1136 2713 1183 2782 qui
1200 2711 1299 2768 furenti
1317 2713 1438 2783 gladium
1455 2715 1590 2784 porrexit:

123 2813 136 2860 7
154 2821 220 2860 nam
238 2819 291 2858 nee
309 2803 381 2858 hune
398 2804 460 2872 lege
478 2803 589 2873 Aquilia
605 2802 703 2872 teneri,
721 2801 771 2856 sed
788 2803 817 2858 iu
834 2800 947 2858 tastum.
976 2801 1031 2858 Sed
1050 2803 1073 2858 si
1091 2803 1153 2871 quis
1169 2801 1204 2858 de
1221 2805 1305 2873 ponte
1323 2803 1439 2872 aliquem
1457 2803 1590 2872 praeeipi-

153 2893 233 2962 tauit,
254 2891 350 2946 Celsus
369 2893 416 2962 ait,
434 2893 494 2946 siue
511 2891 572 2960 ipso
590 2891 647 2946 iotu
665 2891 776 2961 perierit
794 2895 843 2946 aut
860 2892 988 2947 continuo
1007 2891 1165 2946 submersus
1183 2896 1226 2946 est
1243 2895 1292 2946 aut
1302 2891 1420 2946 lassatus
1432 2892 1461 2946 ui
1472 2890 1591 2946 fluminis

123 2983 246 3038 suietus
263 2981 382 3050 perierit,
400 2981 461 3050 lege
474 2980 585 3050 Aquilia
602 2979 697 3050 teneri,
716 2978 947 3050 quemadmodum
965 2980 989 3035 si
1006 2981 1068 3050 quis
1085 2995 1200 3050 puerum
1218 2994 1285 3036 saxo
1297 2980 1434 3035 inlisisset.
1460 2980 1590 3036 Prooulus
1608 2990 1637 3033 aa

153 3073 207 3139 ait,
233 3070 258 3124 si
281 3069 404 3124 medicus
427 3083 537 3124 seruum
561 3068 685 3140 imperite
708 3069 839 3138 seouerit,
863 3069 907 3124 uel
931 3083 966 3124 ex
987 3069 1078 3124 loeato
1100 3068 1145 3125 uel
1169 3083 1204 3124 ex
1225 3070 1286 3138 lego
1303 3069 1415 3139 Aquilia
1436 3075 1590 3139 oompetere

153 3160 301 3214 sotionem.

118 3247 136 3306 8
210 3247 305 3303 osma
322 3245 392 3303 libro
411 3248 527 3318 septimo
546 3245 582 3302 ed
599 3245 720 3301 edietum
739 3244 913 3315 prouiuoiale.
945 3244 1022 3300 idem
1040 3245 1106 3300 iuris
1125 3249 1175 3315 est,
1194 3245 1218 3300 si
1235 3243 1435 3302 medicamento
1453 3241 1590 3330 [iseo—,ss
1607 3249 1636 3305 Ε

153 3351 299 3408 perperam
318 3351 385 3390 usus
403 3332 493 3392 fuerit.
522 3335 570 3391 sed
589 3339 618 3390 et
635 3335 682 3404 qui
698 3333 769 3389 bene
788 3333 906 3388 secuerit
923 3338 952 3388 et
969 3333 1112 3404 dereliquit
1129 3335 1310 3404 sumnonem,
1329 3351 1441 3391 securus
1459 3323 1590 3406 Mt]

154 3425 205 3480 aed
224 3425 324 3494 eulpae
342 3439 404 3478 reus
423 3425 597 3494 intellegitur.
624 3423 771 3478 mulionem
789 3435 911 3492 quoque,
935 3421 959 3477 sl
981 3437 1030 3492 per
1046 3423 1209 3492 imperitiam
1227 3423 1359 3496 impetum
1377 3425 1509 3480 mularum
1527 3426 1590 3478 reti-
1608 3433 1637 3476 ss

154 3529 220 3569 nere
240 3527 294 3568 non
313 3514 442 3583 pomerii,
460 3513 484 3568 si
503 3527 552 3568 eae
570 3513 687 3568 alienum
706 3510 843 3567 hominem
862 3509 1030 3580 obtrinerint,
1048 3511 1131 3580 uolgo
1149 3511 1249 3567 dieitur
1261 3513 1357 3584 eulpae
1368 3514 1477 3568 nomine
1495 3513 1589 3568 teneri.

154 3603 228 3658 idem
248 3601 348 3657 dieitur
365 3607 394 3656 et
412 3603 434 3656 si
447 3607 559 3672 propter
570 3599 755 3656 infirmitatem
768 3600 902 3654 sustinere
914 3600 1047 3655 mularum
1059 3599 1189 3670 impetum
1202 3616 1256 3656 non
1268 3603 1401 3672 potuerit:
1419 3617 1471 3657 neo
1480 3600 1591 3656 uidetur

154 3693 292 3761 iniquum,
312 3691 335 3745 si
353 3689 496 3745 infirmitas
514 3691 611 3760 eulpae
630 3689 835 3758 adnumeretur,
860 3705 921 3743 eum
941 3689 1069 3744 alieotare
1087 3689 1201 3758 quisque
1220 3706 1274 3746 non
1292 3690 1404 3758 debeat,
1428 3691 1456 3746 iu
1473 3707 1528 3760 quo
1546 3691 1590 3747 uel

154 3780 289 3849 intellegit
310 3779 356 3833 uel
378 3779 536 3850 intellegere
559 3776 643 3833 debet
661 3777 672 3849 11
691 3775 876 3832 infirmitatem
900 3793 978 3832 suram
1003 3777 1048 3832 alii
1070 3777 1250 3846 periculosam
1273 3776 1400 3834 futuram.
1427 3779 1500 3834 idem
1523 3780 1589 3834 iuris
1606 3779 1687 3831 tlte·

156 3873 198 3924 est
216 3869 246 3922 iu
263 3883 382 3938 persona
398 3869 466 3937 olus,
486 3867 533 3937 qui
551 3867 682 3936 impetum
702 3867 772 3936 equi,
792 3881 846 3936 quo
864 3864 1022 3935 uehebatur,
1041 3871 1153 3936 propter
1170 3866 1332 3936 imperitiam
1350 3868 1394 3922 uel
1406 3867 1589 3924 infirmitatem
1608 3877 1637 3916 ⁴⁰

155 3958 272 4012 retinere
290 3971 344 4012 non
360 3956 469 4025 poterit

120 4049 138 4107 9
209 4044 362 4101 Uurmrrus
379 4043 448 4100 libro
466 4047 565 4099 octauo
583 4041 689 4098 deoimo
707 4043 743 4098 ad
761 4041 889 4098 edietum.
917 4041 986 4098 Item
1005 4043 1028 4099 si
1045 4042 1179 4099 obstetrix
1203 4043 1432 4102 medieamentum
1451 4039 1588 4129 [ιῖεοᾟ
1606 4046 1635 4101 E

156 4141 340 4214 merum]

154 4239 951 4348 meu
969 4285 998 4336 st
1017 4281 1120 4375 (usqe

157 4419 173 4474 1
190 4413 409 4488 pertunderetur]
429 4411 614 4468 effunderetur
632 4413 668 4468 D.
683 4416 697 4468 t.
708 4433 788 4486 penu:
808 4414 846 4468 ὡο
899 4416 933 4470 21
947 4413 1107 4469 cedentem⁴
1116 4415 1154 4468 Ρ
1169 4415 1174 4480 1
1189 4413 1450 4470 υυΙηοηιιοήνθτὶθ
1459 4431 1521 4485 squ.
1533 4413 1585 4484 ΡΙ

155 4488 203 4543 rou
214 4483 846 4556 wenuosroinerlocispapdsarBSlDorotd.)
900 4485 956 4555 aut]
977 4485 1016 4540 att
1033 4485 1069 4538 i*
1123 4487 1158 4540 22
1176 4487 1341 4541 aeramine
1360 4487 1404 4552 F’,
1422 4487 1589 4542 exortsmlue

156 4557 361 4616 tidoeenti's'F
395 4556 591 4611 indedietum
604 4557 690 4610 om.P
725 4555 846 4611 9arrtem
901 4557 940 4612 Pr
956 4558 961 4623 1
976 4555 1106 4612 oeeiderit
1123 4556 1178 4611 PV
1224 4559 1259 4612 23
1277 4556 1453 4626 aegrotu‘u'm
1471 4559 1512 4624 Fi
1527 4572 1589 4626 pro·

156 4651 205 4685 om.
218 4630 288 4696 PU!
310 4628 443 4698 aeeipere]
461 4625 571 4683 offioere
590 4627 625 4680 F²
681 4629 713 4682 11
751 4629 848 4684 naliter
900 4629 1017 4683 euaserit
1034 4629 1069 4681 1ii
1086 4630 1090 4696 Ι
1106 4627 1180 4696 dieit]
1201 4630 1239 4683 ait
1255 4627 1332 4683 PVU
1372 4629 1407 4683 25
1424 4630 1591 4699 praestiterit

156 4703 274 4774 qualiter
291 4699 349 4770 sad]
369 4699 485 4769 qualiter
497 4699 719 4769 qualitercunque
754 4713 847 4769 ‚qm-
964 4715 1076 4754 eaumm
1099 4719 1148 4754 om.
1161 4699 1199 4753 P⁶
1254 4701 1287 4754 27
1311 4699 1494 4770 praestitisset
1516 4700 1588 4754 Μ

155 4776 335 4842 litoreamque
349 4771 620 4840 Kqudimroumque
629 4771 733 4825 setLU
762 4773 796 4826 12
805 4787 846 4824 ar·
901 4772 954 4836 (iaie
972 4791 1020 4824 om.
1039 4772 1087 4833 ait)
1138 4771 1173 4825 28
1192 4770 1226 4826 de
1243 4773 1337 4858 ponite
1356 4772 1391 4824 Fi
1439 4773 1473 4827 31
1491 4770 1536 4825 uel
1554 4785 1589 4824 ex

156 4844 268 4900 bitrium
293 4843 331 4896 P·
391 4843 424 4897 14
446 4842 469 4896 si
493 4841 546 4910 uel]
571 4841 630 4896 siue
652 4841 690 4906 P,
714 4842 737 4896 si
755 4870 768 4894 ο
792 4842 815 4896 L
841 4840 845 4910 Ι
899 4843 1040 4898 loeatobis
1052 4842 1092 4896 P·
1127 4842 1459 4914 35per'uimperitiamF
1482 4843 1517 4896 36
1530 4841 1588 4911 eae]

156 4917 230 4971 iustu
249 4917 290 4982 ΡΙ
305 4913 468 4982 onerauerit]
479 4913 584 4991 srvi,
603 4913 765 4978 ouaueritF,
783 4927 846 4968 one·
900 4913 968 4968 heae
982 4912 1044 4988 sti,
1069 4928 1115 4967 aaa
1133 4913 1179 4979 P0,
1204 4914 1255 4969 hae
1273 4913 1321 4978 P‘,
1339 4914 1425 4967 osni
1445 4915 1449 4978 Ι
1471 4911 1588 4968 obtriue·

156 4988 229 5042 rauit
258 4985 294 5042 U:
325 4983 371 5039 'ela
401 4983 469 5047 ring
496 4983 547 5048 iot
562 5003 648 5038 rocas
677 4984 771 5049 ienis
799 4985 847 5038 ΒΕ
900 4983 963 5052 rint]
982 4982 1162 5038 obtrilsuerint
1177 4986 1217 5039 F’
1274 4985 1309 5040 39
1326 4983 1524 5054 perleulommm
1542 4984 1588 5048 F’,

157 5057 293 5126 (Dorotls)
347 5057 381 5112 16
403 5003 562 5112 ἰιιὶιιτὶαθ]ξ
612 5057 644 5111 17
665 5056 806 5126 prenestio
823 5055 851 5110 P
899 5055 1021 5125 perieulo
1038 5054 1094 5108 PV
