3696 5568
951 237 995 294 Vl

258 381 319 436 libri
336 381 462 436 instituta
478 387 542 450 post
560 379 706 435 stabilitam
730 379 930 449 quodammodo
953 380 1096 434 lectionem
1120 379 1283 435 ordinariam
1301 382 1512 447 Bononiensem)
1537 388 1585 436 aut
1602 385 1686 438 errori

259 469 427 524 librariorum
446 473 502 539 aut,
521 471 544 524 si
562 468 670 539 quando
687 469 824 538 propriam
843 484 957 538 eamque
975 468 1141 538 probabilem
1159 469 1303 524 lectionem
1321 476 1484 540 proponunt,
1502 471 1686 526 emendationi

259 564 287 614 et
310 559 496 613 coniecturaer
520 575 587 628 quas
612 558 781 613 coniecturas
803 559 929 627 antiquas
954 557 1001 612 ubi
1024 558 1052 612 in
1074 557 1142 612 libro
1167 559 1268 628 scripto
1292 560 1407 628 offendi,
1430 561 1538 616 nomine
1555 559 1686 614 librorum

258 633 422 702 deteriorum
442 649 510 714 (dett.
521 651 539 713 ¹)
558 649 675 715 allegare
693 648 781 715 soleo,
805 646 852 700 ubi
870 648 898 700 in
915 645 983 701 libro
1002 646 1089 715 edito,
1113 647 1246 703 editiones
1265 649 1342 714 (edd.)
1361 649 1424 704 cito.
1451 650 1508 704 seio
1528 649 1601 718 apud
1618 649 1686 704 iuris

258 737 414 805 prudentes,
434 751 549 805 qnorum
559 735 640 790 bodie
652 735 799 789 auctoritas
811 734 923 804 obtinet,
942 735 1000 790 eius
1013 736 1121 804 generis
1132 735 1215 790 libros
1228 735 1338 791 mirifice
1356 738 1469 806 suspici:
1490 752 1579 806 neque
1592 741 1686 791 tamen

258 825 332 894 apud
355 840 519 894 quemquam
543 839 636 878 eorum
661 825 835 893 explanatum
858 823 927 893 uidi,
957 840 1005 879 eur
1032 824 1126 878 audire
1148 825 1245 879 malint
1266 826 1313 894 qui
1338 832 1484 882 exararunt
1506 827 1594 895 petias
1617 827 1687 880 istn's

258 915 444 968 Bononienses
462 915 562 983 quique
579 912 678 968 deinde
696 912 806 966 easdem
825 913 913 981 petias
935 913 1086 984 typothetis
1109 913 1280 968 tradiderunt
1303 929 1386 982 qnam
1408 914 1504 970 librum
1524 931 1579 971 non
1595 916 1687 970 dicam

257 1003 455 1071 Florentinum,
479 1008 509 1056 at
531 1006 605 1056 certe
623 1002 774 1056 ParisInum
797 1000 993 1058 Uaticanumue
1017 1000 1124 1056 duobus
1145 1002 1284 1057 mtnimnm
1309 1003 1426 1058 saeculis
1449 1005 1606 1059 anteriores.
1633 1020 1688 1060 nec

258 1091 346 1160 magis
369 1091 450 1146 ullam
474 1091 616 1146 lectionem
640 1090 749 1144 allatam
774 1089 831 1144 uidi
852 1091 912 1144 siue
934 1106 969 1145 ex
991 1090 1059 1146 libro
1083 1106 1144 1144 cum
1167 1092 1260 1160 glossa
1283 1092 1419 1147 ordinaria
1442 1094 1501 1148 sine
1525 1107 1560 1147 ex
1577 1092 1687 1148 Kobur-

258 1179 376 1248 gerlanis
394 1179 445 1234 illis
464 1186 492 1235 et
508 1179 678 1235 Iensonianis
696 1183 724 1232 et
737 1179 952 1246 Ragazzonianis
970 1178 1133 1234 editionibus
1153 1181 1196 1234 uel
1215 1181 1284 1235 adeo
1303 1195 1337 1235 ex
1355 1181 1414 1250 ipso
1432 1181 1595 1250 Haloandro‚
1614 1197 1687 1250 quae

258 1267 332 1337 apud
345 1268 510 1337 antiquiores
522 1285 576 1324 non
587 1267 738 1337 reperiatur
749 1282 837 1336 neque
849 1276 924 1322 certa
936 1269 1039 1323 ratione
1052 1273 1190 1337 repetatur
1201 1273 1250 1323 aut
1261 1285 1295 1324 ex
1311 1284 1402 1325 errore
1419 1269 1519 1324 librarii
1537 1270 1688 1325 editorisue

258 1362 306 1410 aut
323 1371 357 1410 ex
374 1357 572 1411 emendatione.
601 1356 674 1425 qnod
687 1356 768 1424 siqui
781 1355 980 1424 improbabunt,
999 1372 1091 1412 eorum
1105 1367 1147 1411 est
1160 1359 1323 1412 contrarium
1338 1358 1435 1413 docere
1449 1364 1477 1412 et
1489 1358 1686 1426 demonstrare,

258 1446 368 1514 quinam
391 1461 426 1520 en
449 1445 563 1500 librariis
587 1444 773 1500 editoribusue
796 1445 847 1498 illis
866 1444 987 1501 codicem
1005 1451 1101 1500 nactus
1125 1446 1161 1500 sit
1184 1445 1219 1501 ab
1242 1447 1275 1501 iis
1297 1445 1395 1515 quibus
1419 1446 1507 1501 adhuc
1524 1448 1627 1502 ndmur
1645 1447 1687 1502 di-

258 1548 368 1588 uersum
386 1534 504 1602 indeque
522 1534 690 1602 digestorum
709 1532 794 1587 uerba
811 1533 969 1590 emendarit.
997 1535 1046 1589 scd
1064 1543 1156 1589 tamen
1174 1551 1208 1590 ne
1226 1536 1338 1590 nimium
1351 1535 1501 1605 sumpsisse
1513 1533 1578 1590 mihi
1590 1534 1688 1589 uidear

258 1621 384 1688 (sommae
408 1624 493 1692 enim,
517 1638 552 1678 ex
575 1638 630 1691 quo
652 1621 719 1676 iuris
742 1622 926 1676 consultorum
950 1628 1040 1677 castra
1064 1623 1172 1678 deserui
1190 1628 1218 1678 et
1235 1624 1337 1678 contuli
1354 1639 1398 1678 me
1416 1623 1451 1678 ad
1468 1623 1620 1693 philologos
1637 1622 1688 1679 ho-

258 1713 344 1766 mines
363 1712 529 1782 suspiciosos
547 1717 575 1766 et
593 1711 720 1766 librorum
739 1711 907 1765 nouiciorum
925 1710 1006 1766 hodie
1024 1710 1080 1766 fere
1093 1717 1301 1781 contemptores,
1319 1711 1445 1767 inhabilis
1463 1711 1552 1767 factus
1570 1727 1631 1766 sum
1649 1711 1689 1765 ad

257 1800 338 1854 istius
355 1801 464 1869 generis
481 1800 624 1855 thesauros
642 1804 716 1853 recte
735 1799 938 1869 aestimandos),
957 1799 985 1854 in
1003 1800 1189 1856 additamento
1206 1803 1288 1857 tertio
1306 1801 1462 1871 speciminis
1480 1815 1564 1856 causa
1581 1800 1688 1855 uariam

257 1889 402 1944 lectionem
421 1888 532 1944 exhibui
550 1893 706 1958 excerptam
724 1903 759 1942 ex
777 1888 910 1942 eiusmodi
928 1889 1035 1957 generis
1052 1888 1127 1944 libris
1141 1891 1252 1959 aliquot,
1271 1888 1398 1960 qnii0rte
1411 1890 1446 1944 ad
1458 1904 1555 1944 manus
1567 1886 1688 1958 suerunt,

258 1983 290 2032 ut
306 1977 370 2032 inde
388 1983 532 2046 appareret
549 1977 613 2033 nihil
631 1979 660 2034 in
677 1977 710 2032 iis
728 1978 840 2047 reperiri
857 1977 931 2046 qued
950 1981 978 2032 et
994 1978 1132 2047 proprium
1151 1984 1181 2032 et
1199 1977 1300 2032 bonnm
1318 1979 1361 2047 sit,
1380 1978 1565 2034 Haloandrnm
1584 1984 1688 2046 autem,

148 2071 150 2074 ’
258 2066 305 2134 qni
323 2067 415 2122 nescio
433 2067 570 2135 quomode
588 2067 698 2136 saepius
716 2067 815 2121 citatur
832 2082 914 2136 quam
931 2067 1028 2135 reliqui
1045 2066 1163 2121 editores
1180 2066 1284 2135 antiqui
1302 2067 1404 2134 pariter
1415 2067 1533 2136 inutiles,
1551 2080 1605 2120 non
1624 2081 1688 2135 pro-

258 2155 383 2223 posuisse
405 2154 458 2209 nisi
480 2155 623 2209 lectionem
646 2155 786 2224 uulgatam
810 2155 902 2210 multis
923 2155 990 2210 locis
1008 2159 1081 2210 recte
1100 2154 1271 2209 emendatam
1289 2154 1325 2208 ad
1343 2155 1540 2224 Florentinum,
1563 2153 1688 2224 plurImis

259 2249 351 2298 autem
369 2243 525 2298 coniectura
543 2258 629 2312 eaque
647 2243 806 2313 plerumque
823 2243 974 2312 temeraria,
993 2259 1054 2299 raro
1070 2241 1160 2298 felici:

312 2333 407 2401 Longe
425 2330 561 2386 difficilior
578 2333 703 2401 quaestio
720 2337 763 2387 est
780 2332 815 2388 de
833 2332 900 2401 ipsis
918 2331 969 2386 illis
987 2331 1070 2400 libris,
1089 2347 1158 2400 quos
1176 2331 1204 2386 in
1222 2331 1342 2387 secundo
1360 2331 1454 2388 ordine
1466 2333 1583 2401 primurn
1595 2331 1688 2386 locum

259 2419 381 2476 obtinere
399 2420 533 2476 uidimus:
553 2420 596 2475 cui
614 2419 797 2490 disquisitioni
815 2435 876 2475 cnm
894 2420 970 2475 locus
988 2419 1096 2475 brtmus
1114 2421 1150 2474 sit
1168 2421 1196 2475 ln
1213 2418 1382 2490 praefatione
1399 2420 1526 2476 editionis
1544 2419 1689 2476 absolutae

258 2512 358 2578 (neque
376 2509 448 2564 enim
466 2515 540 2564 recte
558 2509 662 2566 Institri
679 2514 772 2578 potest
789 2509 841 2563 nisi
859 2507 966 2578 publice
984 2509 1124 2580 proposita
1141 2509 1218 2564 uaria
1234 2510 1350 2565 lectione
1369 2509 1493 2566 codicum
1511 2507 1625 2564 secundi
1643 2522 1688 2563 or-

259 2598 330 2654 dinis
349 2599 501 2669 meliorum,
521 2603 594 2654 certe
613 2601 747 2668 quatenns
765 2598 890 2668 peruenit
907 2597 1043 2666 digestum
1063 2600 1162 2666 uetus),
1183 2597 1290 2653 interim
1311 2597 1407 2667 paucis
1424 2597 1688 2667 comprehendemus

258 2701 329 2756 quae
348 2687 503 2742 necessaria
521 2686 648 2742 uidentur
666 2701 740 2755 esse,
764 2701 799 2741 ne
822 2684 949 2740 fallantur
971 2686 1017 2754 qui
1039 2685 1091 2740 bac
1114 2687 1232 2742 editione
1254 2691 1367 2742 ntentm
1387 2687 1414 2741 ln
1433 2701 1467 2742 ea
1484 2685 1640 2742 adhibenda
1657 2691 1688 2742 et

258 2775 376 2832 maxime
394 2776 422 2830 in
438 2775 567 2830 librorum
580 2775 684 2830 PVLU
693 2775 771 2830 uaria
787 2775 903 2830 lectione
921 2774 1104 2830 aestimanda:
1123 2791 1185 2831 nam
1204 2775 1240 2832 ad
1253 2776 1279 2828 R
1292 2781 1426 2844 quatenns
1444 2776 1598 2846 pertineant
1614 2791 1687 2846 quae

257 2865 312 2920 iam
330 2865 462 2936 dicentur,
481 2879 535 2919 non
552 2862 660 2918 definio.
903 2869 904 2874 ’

312 2955 337 3008 1.
365 2951 484 3008 Secundi
502 2952 604 3008 ordinis
622 2951 731 3008 codices
749 2951 849 3022 digesti
866 2951 967 3006 ueteris
989 2951 1120 3021 originem
1139 2952 1238 3008 ducere
1260 2967 1294 3008 ex
1312 2950 1406 3008 codice
1424 2951 1521 3008 eodem
1539 2949 1620 3007 hodie
1637 2952 1687 3008 de-

257 3041 364 3112 perdito
383 3043 429 3109 (Z)
445 3040 563 3112 probant
580 3056 642 3096 cum
659 3042 793 3096 innumeri
810 3041 862 3096 leci
879 3042 981 3109 pariter
998 3045 1046 3096 aut
1063 3038 1169 3094 biantm
1187 3043 1236 3095 aut
1248 3041 1367 3110 corrupti
1378 3039 1560 3096 inccdicibus
1572 3040 1686 3096 secundi

258 3130 361 3186 ordinis
372 3130 498 3186 omnibus
516 3137 575 3186 tum
587 3137 714 3200 quattuor
725 3129 849 3186 foliorum
861 3131 1037 3200 transpositio
1049 3129 1077 3184 in
1087 3129 1157 3184 libro
1168 3129 1270 3198 XXIII,
1289 3143 1371 3198 quam
1383 3128 1485 3184 habent
1497 3128 1686 3186 babueruntue

258 3219 367 3274 codIccs
385 3219 471 3274 nostri
488 3225 617 3289 quattuor
628 3219 736 3273 PVLU
749 3235 843 3274 omnes
861 3233 996 3288 quamque
1009 3218 1100 3287 aliqua
1115 3223 1239 3286 exparte
1252 3217 1345 3272 tabula
1357 3216 1478 3273 secunda
1489 3223 1686 3288 repraesentet.

258 3323 308 3362 eae
331 3308 446 3362 mendae
464 3324 526 3362 cum
544 3326 562 3362 a
578 3307 758 3377 prudentibus
775 3307 970 3363 recentioribus
989 3307 1117 3375 deinceps
1141 3321 1241 3375 magna
1261 3321 1295 3360 ex
1313 3311 1391 3375 parte
1415 3306 1615 3376 corrigerentur
1632 3323 1687 3378 ope

248 3396 361 3451 ,codicis
378 3397 525 3452 Florentini
544 3399 718 3467 (quamquam
736 3412 790 3452 non
808 3411 915 3465 paucae¹
930 3410 1023 3450 earum
1041 3395 1085 3450 nel
1097 3395 1124 3449 in
1136 3399 1246 3464 recepta
1257 3395 1372 3450 lectione
1385 3395 1549 3451 Bononiensi
1561 3395 1686 3464 adeoque

258 3485 287 3539 in
305 3485 489 3540 Haloandrina
510 3486 670 3541 resederunt
693 3500 781 3555 neque
804 3483 927 3540 sublatae
946 3490 1010 3539 sunt
1027 3498 1122 3540 omnes
1140 3483 1193 3538 nisi
1210 3483 1328 3538 editione
1346 3483 1519 3538 Taurelliana
1541 3483 1576 3538 ad
1594 3483 1686 3554 ipsum

259 3574 443 3628 Florentinum
456 3574 554 3629 librum
572 3579 688 3642 exacta),
706 3574 836 3641 seqnitur,
855 3578 886 3628 ut
904 3573 1020 3642 codices,
1038 3573 1085 3641 qui
1103 3572 1262 3628 deriuantur
1279 3588 1315 3628 ex
1332 3571 1481 3642 archetypo
1499 3571 1640 3642 deperdito
1654 3573 1687 3637 Ζ,

259 3677 316 3730 qno
332 3663 498 3732 antiquiores
516 3668 592 3733 sunt,
617 3677 649 3718 eo
668 3661 778 3732 propius
796 3661 928 3715 accedant
946 3660 980 3715 ad
999 3661 1057 3714 eius
1076 3660 1233 3728 lectionem,
1258 3675 1320 3716 cum
1343 3662 1506 3716 recentiores
1523 3661 1611 3730 maffl‘s
1629 3675 1687 3715 ma·

259 3750 356 3820 gisque
381 3752 416 3806 ad
434 3752 617 3806 Florentinam
641 3750 800 3805 deflectant:
824 3749 863 3804 ita
886 3749 928 3802 nel
952 3750 1022 3804 inter
1039 3755 1146 3804 nostros
1165 3748 1224 3804 libri
1242 3749 1318 3803 PVL
1337 3750 1429 3804 multis
1446 3751 1513 3805 locis
1529 3755 1559 3803 ct
1575 3749 1687 3818 quidem

259 3839 320 3894 aliis
338 3840 407 3895 alins
424 3841 564 3908 antiquam
583 3840 726 3896 lectionem
744 3843 863 3908 seruant,
882 3837 929 3892 ubi
947 3837 1014 3892 liber
1036 3838 1060 3892 U
1076 3837 1111 3894 ad
1129 3838 1312 3893 Florentinum
1331 3843 1444 3894 exactus
1462 3845 1513 3894 est

313 3929 338 3983 2.
367 3928 494 3984 codicem
514 3929 540 3982 Z
556 3929 650 3997 negari
667 3943 721 3983 non
739 3933 831 3996 potest
847 3933 876 3981 et
892 3927 981 3996 ipsum
1000 3926 1165 3995 descriptum
1189 3925 1273 3982 subse
1297 3941 1332 3981 ex
1349 3926 1417 3982 libro
1434 3927 1597 3982 Florentino.
1623 3941 1688 3994 pro·

260 4015 326 4070 bant
343 4015 395 4071 hoc
412 4017 527 4086 primum
551 4031 728 4086 quaeeunque
752 4031 786 4069 ex
810 4015 924 4084 digestis
947 4016 1118 4084 reperiuntur
1141 4022 1251 4070 seruata
1274 4016 1302 4069 in
1324 4015 1399 4072 libris
1416 4017 1570 4072 Florentino
1593 4021 1689 4072 aucte·

258 4105 340 4160 ritate
356 4105 482 4174 paribus,
507 4107 612 4162 scilicet
628 4113 657 4161 et
673 4107 770 4160 titulus
788 4103 881 4160 finium
898 4103 1082 4173 regundorum
1100 4104 1208 4173 qualem
1225 4103 1336 4159 ebebet
1358 4119 1457 4174 corpus
1475 4105 1689 4174 gromaticorum

260 4198 288 4248 et
305 4193 419 4248 laciniae
439 4195 646 4264 Neapolitanae:
669 4211 731 4250 nam
750 4207 928 4264 quaeeunque
951 4193 1009 4247 neri
1030 4191 1058 4247 hi
1075 4197 1161 4247 testes
1179 4193 1206 4247 in
1225 4193 1381 4248 Florentino
1397 4192 1514 4248 lectione
1532 4193 1688 4263 emendant,

258 4283 287 4338 in
305 4282 338 4338 iis
357 4281 458 4338 codicis
471 4284 498 4337 Z
507 4298 628 4353 propago
640 4284 778 4353 conspirat
795 4297 857 4336 cum
870 4281 1033 4336 Florentina.
1061 4282 1159 4336 deinde
1179 4282 1292 4337 mendac
1310 4280 1371 4336 libri
1382 4281 1530 4336 Florentini
1548 4281 1592 4336 uel
1610 4282 1689 4336 mini-

260 4387 322 4427 mae
339 4387 463 4441 quaeque
482 4377 510 4426 et
528 4373 715 4442 apertissimae
733 4371 849 4426 redeunt
872 4367 928 4426 lere
951 4371 979 4425 in
1002 4370 1077 4426 libris
1099 4371 1213 4426 secundi
1233 4369 1334 4426 ordinis
1352 4383 1439 4440 eoque
1457 4371 1545 4438 magis
1563 4369 1689 4438 redeunt,

260 4475 314 4530 quo
338 4461 390 4530 ipsi
413 4460 474 4516 libri
495 4461 707 4529 praestantiores
730 4467 802 4516 snut
834 4466 892 4515 tum
919 4458 1081 4528 quibusdam
1107 4459 1187 4528 locis,
1216 4458 1263 4513 ubi
1289 4458 1404 4527 pristina
1429 4459 1509 4514 lectio
1532 4459 1690 4514 Florentina

259 4549 295 4604 ab
313 4549 488 4604 emendatore
506 4565 646 4619 perperam
666 4555 771 4605 mutata
789 4552 840 4618 est,
858 4547 971 4604 secundi
989 4548 1091 4603 ordinis
1102 4547 1163 4602 libri
1177 4553 1205 4602 et
1217 4548 1269 4617 ipsi
1281 4547 1516 4616 Interpolationem
1528 4553 1691 4616 receperunt

260 4639 310 4701 alta
327 4653 352 4692 c.
366 4654 389 4693 c.
408 4655 435 4707 p.
449 4639 509 4706 252,
522 4639 548 4692 5.
567 4655 593 4708 p.
607 4639 668 4705 329,
684 4641 742 4702 lOI=
765 4643 861 4694 contra
884 4637 943 4692 aliis
965 4637 1031 4692 locis
1054 4637 1140 4705 iisqne
1158 4637 1239 4705 longe
1257 4635 1392 4705 pluribus,
1417 4634 1463 4691 ubi
1486 4637 1513 4691 in
1531 4636 1690 4692 Florentino

259 4725 328 4782 libro
346 4727 431 4782 uerba
449 4725 585 4795 quaedam
603 4731 675 4782 recte
694 4725 802 4782 sublata
819 4732 960 4782 mutataue
979 4731 1050 4794 sunt,
1069 4724 1178 4780 alterius
1198 4726 1292 4781 classic
1310 4724 1419 4780 codices
1431 4725 1574 4780 lectionem
1585 4723 1691 4780 babent

315 4925 323 4958 ¹
343 4924 431 4988 Itaque
450 4923 493 4973 ubi
505 4922 530 4974 R
542 4931 618 4983 extat,
638 4919 716 4972 'dett'
729 4923 871 4988 significant
888 4923 965 4973 libros
983 4921 1090 4986 reliquos
1109 4922 1162 4973 sine
1180 4937 1266 4972 omnes
1285 4921 1338 4973 siue
1351 4921 1471 4986 quosdam
1489 4931 1593 4988 excepto
1605 4921 1689 4974 Bero-

260 4994 363 5048 liaensi:
381 4995 441 5046 item
459 4995 502 5050 ubi
519 4993 546 5046 R
564 4994 655 5056 deficit,
673 4994 750 5046 libros
768 4993 876 5060 reliquos
895 4994 949 5046 sius
967 5011 1052 5046 omnes
1071 4993 1124 5045 sine
1142 4993 1263 5059 quosdam
1280 5003 1385 5060 excepto
1403 4993 1525 5046 Parisino.
