3664 5570
289 273 346 339 Vll
366 275 388 339 4
406 281 503 334 3—10
957 265 1042 345 236
1356 291 1481 349 Qumus
1502 291 1604 338 moure
1623 293 1698 341 oeus

287 432 315 486 in
333 432 494 501 repetitione
512 447 579 486 usus
597 431 702 487 duetus
719 447 773 488 non
791 437 888 502 totum,
907 431 956 486 sed
974 435 1079 502 purtem
1091 430 1165 486 'litio
1177 430 1335 499 relegasset,
1353 445 1389 485 sn
1399 429 1558 486 uiderentur
1568 431 1699 486 coniuncti.

287 524 316 573 ct
334 520 386 588 ait,
406 520 428 574 ei
447 520 556 589 quidem
574 522 664 576 Titius
682 523 815 592 emiserit,
834 527 921 577 totum
939 521 1014 575 socio
1032 519 1204 574 adcrescere:
1226 518 1299 589 quod
1318 520 1341 573 si
1358 519 1480 575 Maeuius
1499 519 1637 588 emisisset,
1652 535 1700 575 non

285 613 374 663 totum
392 608 559 678 adcrescere,
578 610 627 665 scd
644 617 748 680 partem
768 612 803 666 ud
822 627 893 680 eum,
912 615 1016 680 partem
1029 608 1065 663 ad
1077 607 1269 678 proprietatem
1282 608 1378 662 redire.
1405 621 1475 676 quse
1487 607 1619 662 sententis
1628 607 1702 663 bsbet

286 699 432 752 rationem:
452 712 541 766 neque
560 700 631 754 enim
649 706 742 770 potest
758 701 812 754 dici
830 715 863 755 eo
881 704 1027 767 momente,
1045 713 1100 768 quc
1118 697 1179 766 quis
1198 697 1298 751 emittit
1315 712 1394 751 usum
1412 694 1530 752 fructum
1549 701 1576 750 et
1591 698 1701 765 mensuit,

286 787 368 840 etiam
391 787 443 855 ipsi
465 788 609 856 quicquum
633 803 668 842 ex
691 805 743 844 usu
767 789 857 844 fructu
881 788 1051 843 adcrescere:
1079 788 1170 856 pleoet
1192 786 1264 840 enim
1288 784 1366 840 nobis
1394 786 1419 839 ei
1447 786 1495 854 qui
1518 784 1616 840 emittit
1631 799 1730 840 usurus

254 884 267 926 e
286 873 403 929 fruetum
427 890 462 928 ex
486 890 519 929 ee
537 877 610 944 qued
627 878 728 932 amittit
746 877 810 933 nihil
829 877 994 931 adcrescere.
1031 877 1117 931 Morte
1135 887 1244 944 quoque
1262 873 1349 928 emitti
1368 889 1448 928 usum
1466 872 1584 928 fructum
1600 889 1651 928 non
1666 889 1703 928 re

286 963 353 1032 cipit
369 963 576 1034 dubitationem,
595 981 656 1019 eum
676 964 843 1022 instruendi
862 969 948 1020 morte
967 965 1149 1033 extinguatur,
1168 964 1248 1018 sicuti
1267 964 1290 1017 si
1302 963 1368 1032 quid
1380 962 1461 1031 uliud,
1480 963 1569 1032 qued¹
1581 977 1704 1032 percense

286 1051 422 1106 cohaeret.

247 1138 267 1194 4
338 1141 512 1195 Mnncmuus
534 1140 603 1196 libre
626 1143 706 1196 tertio
728 1143 936 1197 institutionum.
973 1140 1002 1198 Si
1024 1143 1145 1210 legatum
1169 1155 1250 1195 usum
1274 1137 1392 1195 fructum
1410 1140 1559 1209 legatarius
1589 1151 1705 1208 B.1e,4‚4
1721 1147 1750 1199 S*

286 1230 330 1284 elli
355 1230 497 1284 restituere
521 1236 633 1299 rogatur
655 1235 711 1300 est,
735 1230 763 1285 id
784 1246 866 1300 agere
883 1235 994 1300 praetor
1010 1229 1106 1299 debet,
1128 1235 1160 1284 ut
1178 1245 1213 1284 ex
1231 1227 1474 1284 fideicommissarii
1491 1217 1706 1299 perscnxffi
1722 1241 1746 1280 rc

286 1334 368 1387 quum
387 1333 422 1372 ex
438 1319 562 1387 legatarii
580 1325 675 1388 pereat
693 1335 759 1374 usus
777 1318 891 1374 fructus.
910 1311 916 1330 ⁸

248 1405 266 1462 5
338 1406 488 1461 Uurrnuus
500 1407 568 1463 libro
581 1403 697 1477 sdptlmo
710 1408 815 1463 decimo
828 1408 864 1463 sd
876 1407 1015 1462 Sabinum.
1042 1407 1141 1476 Repeti
1152 1406 1362 1476 potcstlegstus
1375 1421 1441 1461 usus
1452 1405 1558 1462 iuretur
1576 1401 1707 1491 Q
1724 1411 1742 1463 S

254 1506 263 1548 ι
285 1495 402 1549 emissus
420 1496 610 1569 qualicumque
629 1497 742 1567 ratione,
761 1497 908 1552 dummodo
926 1511 980 1551 uon
999 1501 1096 1550 morte:
1113 1495 1169 1550 nisi
1186 1493 1256 1549 forte
1274 1494 1420 1550 heredibus
1436 1495 1579 1564 legererit.
1606 1495 1707 1565 Siquis

285 1599 365 1639 usum
387 1582 507 1640 fructum
529 1585 615 1640 solum
640 1586 712 1640 serui
735 1586 907 1655 eliensuerit,
931 1600 980 1654 per
1002 1599 1083 1654 quem
1100 1599 1168 1641 usus
1186 1582 1291 1642 fructus
1309 1583 1334 1638 ei
1352 1583 1505 1653 sdquisitns
1522 1590 1577 1655 est,
1602 1583 1708 1640 dubium

251 1683 339 1727 enon
362 1677 417 1742 est,
442 1674 507 1742 quin
531 1687 598 1728 usus
622 1671 727 1728 fructus
749 1689 799 1744 per
821 1689 884 1729 eum
909 1673 1061 1742 sdqmsitus
1078 1674 1235 1728 retineatur.
1271 1672 1321 1727 ltei
1339 1673 1489 1734 mutatione
1505 1674 1617 1728 interire
1634 1689 1709 1728 unum
1726 1682 1749 1722 u

283 1759 401 1817 ductum
419 1763 521 1832 placet:
544 1763 630 1816 ueluti
647 1777 715 1817 usus
732 1760 837 1818 fructus
855 1762 920 1820 mihi
939 1762 1046 1818 aedium
1064 1761 1172 1830 legatus
1190 1767 1241 1831 est,
1259 1761 1343 1816 sedes
1361 1766 1521 1818 corruerunt
1538 1763 1584 1818 uel
1602 1766 1710 1817 exustse

283 1855 358 1905 sunt:
377 1851 436 1905 sine
454 1849 539 1908 dubio
557 1852 733 1920 extinguitur.
760 1867 796 1906 en
814 1856 842 1906 et
860 1851 960 1906 erese?
983 1849 1185 1906 ’senissimum
1203 1855 1247 1904 est
1264 1851 1368 1905 exustis
1380 1849 1496 1906 sedibus
1507 1865 1558 1906 nec
1570 1864 1710 1906 aresenec

250 1947 263 1990 u
283 1945 468 1994 cementorum
486 1955 567 1994 usum
584 1938 703 1994 fructum
722 1939 824 1994 deberi.
851 1945 880 1994 et
897 1940 937 1996 itu
953 1943 983 1995 et
999 1939 1129 1994 Iulianus.
1157 1937 1187 1993 Si
1205 1953 1285 1994 erese
1303 1939 1340 1994 sit
1356 1953 1425 1994 usus
1443 1937 1549 1994 fructus
1566 1939 1712 2009 legatuuet

283 2028 311 2082 lu
329 2041 363 2082 ee
380 2027 534 2082 aedificium
552 2028 590 2082 sit
604 2027 733 2098 positum,
753 2044 810 2083 rem
830 2029 928 2084 mutari
946 2035 976 2084 et
993 2044 1074 2083 usum
1091 2025 1210 2083 fructum
1228 2029 1351 2098 extingui
1369 2031 1486 2084 condet.
1511 2028 1596 2098 plone
1613 2027 1638 2083 ei
1654 2041 1711 2099 pm

283 2116 427 2185 prieterius
445 2115 496 2171 boc
510 2111 588 2185 feeit,
606 2131 641 2172 ex
659 2121 825 2173 testamento
842 2119 886 2172 uel
906 2117 940 2172 de
958 2118 1021 2173 dolo
1038 2116 1183 2186 tenebitur,
1729 2125 1754 2166 tt

247 2201 265 2258 d
336 2201 506 2260 Porreoums
530 2204 599 2260 libro
622 2206 717 2282 quinto
737 2205 774 2260 sd
791 2205 931 2262 Sabinum.
968 2206 1028 2273 (sed
1046 2211 1075 2261 et
1086 2205 1264 2260 interdictum
1282 2204 1357 2274 quod
1374 2205 1402 2259 ui
1421 2208 1470 2261 sut
1487 2205 1556 2260 clum
1590 2215 1712 2289 Q
1729 2208 1748 2261 S

283 2291 486 2350 usufructuario
503 2294 644 2364 competit)

247 2379 265 2436 7
336 2381 491 2438 [urranne-
505 2381 574 2437 libro
600 2383 759 2452 trigemimo
787 2383 882 2453 quinto
905 2383 1082 2452 digestorum.
1117 2382 1170 2440 nisi
1193 2381 1301 2438 subluto
1323 2379 1448 2437 meinero
1471 2395 1552 2438 usum
1590 2391 1715 2448 susm
1731 2387 1761 2439 S·

284 2469 401 2525 fructum
419 2485 499 2526 erere
518 2470 583 2526 milri
601 2473 722 2541 cesserit,
740 2477 864 2543 tempore
882 2473 985 2528 scilicet
1002 2487 1057 2542 quc
1075 2488 1143 2528 usus
1160 2469 1265 2527 fructus
1282 2471 1353 2540 perit
1370 2475 1518 2526 denudo.
1731 2481 1758 2520 u

245 2557 265 2615 8
288 2575 290 2582 ·
338 2558 487 2614 Uesuuinus
505 2559 573 2615 libro
591 2562 707 2630 septimo
725 2560 831 2616 decimo
850 2561 886 2616 ed
898 2559 1037 2618 Sabinum.
1064 2560 1154 2616 hredi
1171 2575 1224 2616 usu
1242 2557 1332 2616 leurdo
1349 2560 1442 2629 legeto
1457 2561 1481 2614 ei
1492 2560 1558 2615 uilla
1575 2553 1714 2643 Q
1733 2563 1752 2616 S

284 2647 375 2702 dirutn
392 2648 435 2717 sit,
454 2664 521 2703 usus
539 2647 643 2704 lruetm
662 2665 716 2706 non
734 2652 917 2722 extinguetur,
935 2651 1002 2719 quis
1017 2651 1083 2706 uilla
1100 2648 1177 2706 lundl
1195 2649 1317 2704 secessio
1334 2655 1391 2704 est:
1410 2663 1465 2704 non
1482 2649 1571 2718 msgis
1590 2649 1715 2718 mamni

283 2735 394 2795 arbores
411 2736 570 2792 deciderint.

246 2824 264 2882 9
335 2825 454 2881 Pronus
472 2825 540 2882 lrbro
557 2829 638 2884 tertio
656 2827 692 2882 sd
710 2825 850 2884 Ssblnum.
887 2827 942 2884 Sed
960 2833 989 2884 et
1005 2842 1039 2884 ec
1058 2841 1166 2899 queque
1184 2827 1257 2898 eolo,
1277 2827 1306 2883 in
1323 2840 1378 2898 quo
1395 2825 1448 2883 luit
1464 2827 1538 2900 millu
1557 2821 1753 2913 ΜΒ

283 2913 324 2968 utd
342 2911 396 2970 frui
412 2919 517 2984 potere.
1736 2923 1763 2966 rt

158 3047 161 3054 .
227 3001 266 3060 10
336 3002 487 3060 Uurrsuue
510 3005 579 3062 libro
603 3006 719 3076 septimo
740 3006 848 3062 decime
866 3006 902 3061 sd
919 3005 1060 3062 Sabinum.
1088 3005 1099 3078 Ι
1118 3005 1190 3072 Quid
1206 3009 1298 3062 tumen
1315 3006 1339 3060 si
1356 3003 1459 3060 fundus
1475 3005 1558 3062 uillse
1590 3001 1717 3073 ffiffl
1735 3007 1755 3060 S
1770 3007 1802 3054 ll

283 3089 334 3146 init
352 3094 496 3149 secessio?
522 3095 680 3165 uideamus,
699 3109 734 3150 ne
750 3095 834 3150 etiem
852 3093 930 3150 fundi
948 3092 1137 3150 ususfructus
1155 3095 1343 3166 extinguetur:
1361 3099 1390 3149 et
1406 3095 1480 3150 idem
1497 3094 1648 3152 dicendum
1667 3101 1718 3164 est,

250 3191 262 3236 1
283 3187 314 3236 ut
332 3197 387 3236 uon
405 3183 589 3253 extinguetur.
616 3185 677 3240 Non
694 3188 801 3239 tuntum
821 3184 844 3238 si
862 3183 945 3238 sedes
962 3183 998 3238 sd
1016 3198 1107 3238 aream
1125 3183 1252 3238 reductae
1269 3183 1332 3252 sint,
1350 3198 1417 3239 usus
1434 3182 1540 3240 fruetus
1557 3181 1718 3269 &Hc

282 3269 460 3341 exmgurm,
479 3287 576 3328 nomm
594 3274 676 3328 enam
694 3273 720 3327 ss
736 3273 872 3328 semones
890 3272 1004 3328 enisus
1021 3277 1138 3329 estam
1155 3273 1223 3328 suae
1240 3284 1327 3328 noue
1344 3274 1507 3328 emmone
1524 3273 1608 3344 pune
1627 3261 1719 3346 sip-Tr

249 3363 374 3427 spartes
395 3357 513 3422 reficiet,
536 3362 601 3416 lieet
619 3361 707 3417 omnis
726 3375 798 3416 nous
815 3359 889 3416 laeta
906 3362 955 3430 sit,
978 3362 1053 3417 uliud
1070 3363 1123 3416 erit
1139 3359 1219 3418 nobie
1236 3361 1390 3416 dicendum.
1426 3361 1495 3432 Agri
1513 3363 1558 3417 uel
1574 3362 1631 3420 loci
1650 3377 1719 3418 usus

282 3445 388 3504 fructus
405 3449 521 3518 legatus,
540 3450 564 3505 si
581 3449 663 3506 fuerit
674 3449 830 3519 inundatus,
849 3455 880 3504 ut
897 3455 1025 3520 stagnum
1042 3451 1097 3505 ism
1115 3450 1152 3504 sit
1163 3449 1310 3519 secpsius,
1328 3451 1422 3520 procul
1434 3451 1517 3506 dubio
1529 3451 1719 3522 extinguetur.
1738 3457 1766 3498 ⁸⁶

248 3546 263 3590 s
285 3534 340 3592 Sed
359 3543 389 3591 et
405 3538 429 3592 si
447 3539 539 3608 stagni
555 3554 621 3594 usur
640 3537 745 3594 tructm
762 3539 869 3608 legetur
886 3545 915 3594 et
932 3539 1069 3595 exeruerit
1086 3539 1139 3608 sic,
1162 3543 1193 3592 ut
1210 3552 1277 3607 eger
1294 3538 1330 3592 sit
1348 3536 1450 3608 lectus,
1473 3543 1580 3595 munte
1598 3555 1631 3596 re
1650 3555 1720 3596 usus

248 3634 264 3680 4
283 3623 388 3680 fructus
407 3627 583 3697 extinguitur.
613 3628 674 3682 Nou
691 3632 791 3695 temen,
810 3628 832 3682 ei
850 3629 909 3684 erui
927 3643 994 3684 usus
1012 3625 1117 3683 duetus
1134 3627 1241 3697 legetur
1258 3630 1287 3681 et
1302 3626 1340 3682 ibi
1357 3627 1455 3683 uiuere
1473 3627 1528 3683 sint
1543 3630 1656 3698 positse
1674 3629 1721 3684 uel

282 3719 390 3783 conus,
413 3719 481 3785 pute
504 3717 635 3786 extingui.
672 3722 746 3770 certe
770 3717 854 3771 siluae
877 3731 930 3772 usu
953 3715 1044 3772 fructu
1066 3717 1159 3786 legato
1177 3717 1201 3772 si
1218 3717 1288 3772 silue
1306 3731 1387 3771 esees
1403 3716 1458 3771 illic
1475 3718 1595 3772 sationes
1613 3715 1722 3774 fuerint

250 3809 264 3856 e
282 3801 380 3871 lccme,
400 3803 458 3858 sine
477 3803 560 3860 dubio
579 3819 645 3860 ueus
663 3803 767 3860 fructus
785 3805 961 3874 extinguitur.
992 3804 1022 3861 Si
1040 3819 1147 3860 maesse
1164 3819 1232 3860 usus
1249 3803 1354 3861 tructus
1372 3805 1478 3874 legetur
1495 3811 1575 3880 etex
1593 3821 1631 3862 es
1649 3821 1722 3862 uass

283 3891 337 3947 sint
354 3889 429 3946 lecta
446 3894 490 3948 uel
508 3898 611 3963 contro,
630 3893 742 3950 Cassius
760 3892 832 3964 apud
845 3893 971 3950 Urseium
988 3893 1081 3950 scribit
1092 3894 1201 3951 interire
1212 3911 1292 3950 usum
1304 3892 1436 3949 fructum:
1453 3908 1535 3964 quem
1548 3897 1722 3950 sententiam
1741 3903 1769 3942 4⁰

249 3988 264 4033 e
282 3985 350 4049 puto
369 3995 471 4036 uerum.
499 3983 615 4038 Proinde
633 3987 661 4038 et
679 3986 868 4038 ornamentum
879 3983 1042 4039 dissolutum
1053 3989 1102 4040 aut
1113 3981 1335 4054 transfiguratum
1347 3985 1483 4054 extinguit
1493 3999 1573 4039 usum
1584 3983 1722 4040 fructum.

250 4075 263 4121 l
282 4069 314 4124 ln
333 4069 412 4124 usuis
430 4084 538 4140 quoque
555 4086 608 4126 usu
626 4070 716 4127 fructu
729 4070 848 4127 Sabinus
866 4070 969 4141 scribit,
986 4073 1010 4127 si
1028 4072 1138 4142 quidem
1156 4087 1205 4143 per
1221 4077 1314 4142 purten
1326 4069 1430 4127 reiecta
1440 4073 1484 4142 sit,
1502 4089 1582 4128 usum
1595 4071 1723 4128 fructum

281 4171 336 4212 nou
359 4159 480 4214 interire:
504 4160 528 4214 sl
553 4165 645 4215 eutem
668 4160 801 4215 dissolute
824 4162 871 4228 sit,
894 4162 959 4216 lieet
981 4161 1068 4216 isdem
1091 4160 1192 4216 tabule
1216 4163 1289 4216 nulls
1309 4165 1452 4230 praetereo
1472 4161 1580 4216 adiecta
1607 4167 1723 4218 restru-

280 4251 342 4300 rsta
363 4247 417 4315 eit,
448 4263 528 4302 usum
550 4247 668 4304 fructum
689 4249 852 4305 extortum:
875 4266 959 4320 quem
982 4251 1144 4305 sententium
1167 4255 1235 4319 puto
1250 4239 1399 4306 'tremorem
1436 4266 1499 4306 usur
1521 4256 1551 4306 et
1572 4251 1596 4306 si
1615 4251 1726 4308 derum

279 4344 463 4414 F[P(VLU)]

280 4445 448 4555 i*spreti-ec
466 4487 549 4554 (uer.)
619 4488 678 4543 'et
695 4498 741 4543 rm.

280 4618 350 4672 ilud
369 4633 431 4673 eum
449 4623 554 4688 purtem
573 4639 621 4672 cm.
636 4621 707 4674 ΡΨ
746 4623 811 4676 bet
828 4622 911 4677 etiem
928 4624 969 4677 P·
1021 4638 1072 4678 nus
1090 4622 1164 4678 FLU
1214 4623 1250 4676 24
1267 4620 1431 4690 quo'd'neus
1447 4620 1481 4677 ir.
1500 4623 1526 4676 F
1566 4623 1600 4677 25
1619 4621 1726 4693 legato

281 4690 315 4744 10
333 4689 393 4744 aliis
412 4691 440 4743 P
482 4691 515 4744 13
533 4689 727 4761 heredibule,
746 4693 891 4749 heredibus
908 4693 968 4749 elus
1021 4694 1063 4749 si*
1087 4693 1126 4747 F’
1145 4695 1150 4760 l
1170 4691 1355 4765 uillp'fdlrrts
1375 4694 1402 4746 Ρ
1454 4694 1488 4747 ul
1512 4692 1675 4749 diciderunt
1699 4695 1730 4749 P

280 4775 342 4816 eum
360 4760 472 4825 PVLU,
490 4761 546 4815 τοῖο
565 4763 796 4832 κληροκὸκοιοτοῆ
813 4766 861 4818 rr'ru
879 4765 967 4835 χρῆοικ
1020 4765 1056 4820 30
1073 4762 1184 4834 modus]
1202 4763 1280 4819 fundi
1298 4765 1339 4818 P·
1381 4765 1416 4819 31
1434 4763 1724 4820 etldem...3sex-

279 4831 388 4901 ἒχοκτοο
411 4833 438 4886 Β
499 4833 532 4886 15
555 4833 704 4888 retinentum
726 4835 754 4888 P
809 4838 843 4891 18
869 4837 909 4890 its
930 4837 967 4906 ct]
1019 4837 1161 4904 tinguatur
1178 4835 1279 4889 omf-
1323 4835 1358 4891 36
1375 4835 1530 4890 exercuerit
1545 4835 1585 4889 P·
1599 4837 1604 4901 Ι
1620 4833 1728 4893 Μαι

279 4903 319 4956 its
340 4903 421 4966 VLU,
441 4903 542 4958 ΜΡ·
597 4905 631 4957 19
649 4905 685 4958 sit
701 4906 829 4975 positum]
849 4907 909 4971 FU,
933 4907 969 4962 eit
1021 4926 1070 4960 om.
1080 4906 1120 4959 P·
1160 4906 1274 4976 distrui]
1288 4905 1600 4970 sriV·,oreeV¹P‘LU,
1611 4914 1669 4962 irre.
1680 4909 1728 4962 P·

280 4973 361 5027 situm
374 4974 406 5038 L,
425 4974 478 5029 situ
496 4974 526 5038 V,
547 4983 593 5029 inc.
606 4974 646 5027 P·
662 4977 666 5042 Ι
682 4976 749 5045 rem]
762 4979 849 5042 reeL,
868 4987 915 5032 inc.
929 4979 968 5032 1³⁶
1022 4979 1057 5032 38
1079 4991 1146 5032 usus
1169 4974 1274 5032 fructum
1296 4977 1335 5031 P·
1387 4979 1422 5032 41
1445 4977 1576 5034 umorum
1597 4983 1653 5032 sut
1680 4979 1727 5032 P·

280 5044 316 5098 20
332 5041 399 5098 fecit
417 5044 445 5098 P
490 5046 525 5101 23
543 5045 669 5115 lulianus]
688 5047 742 5100 PV
757 5067 813 5102 cnm
830 5050 865 5113 Β,
883 5049 968 5117 ulpius
1020 5049 1057 5103 42
1074 5061 1183 5118 quoque
1201 5063 1253 5104 usu
1270 5045 1388 5104 fructum
1406 5049 1434 5102 P
1481 5049 1521 5104 44
1535 5053 1564 5104 et
1580 5048 1623 5104 si*
1645 5052 1691 5103 F’
