<?xml version="1.0" encoding="UTF-8"?>
<!DOCTYPE html PUBLIC "-//W3C//DTD XHTML 1.0 Transitional//EN"
    "http://www.w3.org/TR/xhtml1/DTD/xhtml1-transitional.dtd">
<html xmlns="http://www.w3.org/1999/xhtml" xml:lang="en" lang="en">
 <head>
  <title>
</title>
<meta http-equiv="Content-Type" content="text/html;charset=utf-8" />
  <meta name='ocr-system' content='tesseract 3.04.00' />
  <meta name='ocr-capabilities' content='ocr_page ocr_carea ocr_par ocr_line ocrx_word'/>
</head>
<body>
  <div class='ocr_page' id='page_1' title='image "./digestaiustinia00mommgoog_0785.png"; bbox 0 0 3766 5554; ppageno 0'>
   <div class='ocr_carea' id='block_1_1' title="bbox 260 245 1696 327">
    <p class='ocr_par' dir='ltr' id='par_1_1' title="bbox 260 245 1696 327">
     <span class='ocr_line' id='line_1_1' title="bbox 260 245 1696 327; baseline -0.003 -5"><span class='ocrx_word' id='word_1_1' title='bbox 260 257 335 325; x_wconf 81' lang='lat' dir='ltr'><strong>XXI</strong></span> <span class='ocrx_word' id='word_1_2' title='bbox 359 259 373 322; x_wconf 92' lang='lat'>1</span> <span class='ocrx_word' id='word_1_3' title='bbox 396 261 514 318; x_wconf 80' lang='lat'>42-44</span> <span class='ocrx_word' id='word_1_4' title='bbox 930 245 1018 327; x_wconf 89' lang='grc'><strong>616</strong></span> <span class='ocrx_word' id='word_1_5' title='bbox 1354 293 1357 298; x_wconf 77' lang='lat'><strong>,</strong></span> <span class='ocrx_word' id='word_1_6' title='bbox 1450 273 1497 319; x_wconf 81' lang='lat' dir='ltr'><strong>nr</strong></span> <span class='ocrx_word' id='word_1_7' title='bbox 1519 270 1696 326; x_wconf 78' lang='lat' dir='ltr'><strong>annmrcro</strong></span> 
     </span>
    </p>
   </div>
   <div class='ocr_carea' id='block_1_2' title="bbox 199 410 1789 4038">
    <p class='ocr_par' dir='ltr' id='par_1_2' title="bbox 260 410 1696 570">
     <span class='ocr_line' id='line_1_2' title="bbox 260 410 1696 484; baseline -0.001 -16"><span class='ocrx_word' id='word_1_8' title='bbox 260 413 362 484; x_wconf 87' lang='lat' dir='ltr'><strong>&#39;quanti</strong></span> <span class='ocrx_word' id='word_1_9' title='bbox 386 411 488 467; x_wconf 90' lang='lat' dir='ltr'><strong>bonum</strong></span> <span class='ocrx_word' id='word_1_10' title='bbox 510 425 627 480; x_wconf 87' lang='lat' dir='ltr'><strong>aequom</strong></span> <span class='ocrx_word' id='word_1_11' title='bbox 646 411 729 466; x_wconf 91' lang='lat' dir='ltr'><strong>iudici</strong></span> <span class='ocrx_word' id='word_1_12' title='bbox 747 410 898 480; x_wconf 91' lang='lat' dir='ltr'><strong>uidebitur,</strong></span> <span class='ocrx_word' id='word_1_13' title='bbox 923 410 1131 480; x_wconf 79' lang='lat' dir='ltr'><strong>condemnetur,</strong></span> <span class='ocrx_word' id='word_1_14' title='bbox 1156 415 1308 467; x_wconf 88' lang='lat' dir='ltr'><strong>ceterarum</strong></span> <span class='ocrx_word' id='word_1_15' title='bbox 1325 426 1429 483; x_wconf 91' lang='lat' dir='ltr'><strong>rerum,</strong></span> <span class='ocrx_word' id='word_1_16' title='bbox 1452 410 1547 481; x_wconf 86' lang='lat' dir='ltr'><strong>quanti</strong></span> <span class='ocrx_word' id='word_1_17' title='bbox 1565 410 1696 466; x_wconf 86' lang='lat' dir='ltr'><strong>damnum</strong></span> 
     </span>
     <span class='ocr_line' id='line_1_3' title="bbox 260 499 694 570; baseline -0.009 -12"><span class='ocrx_word' id='word_1_18' title='bbox 260 503 362 558; x_wconf 85' lang='lat' dir='ltr'><strong>&#39;datum</strong></span> <span class='ocrx_word' id='word_1_19' title='bbox 380 499 520 556; x_wconf 88' lang='lat' dir='ltr'><strong>factumue</strong></span> <span class='ocrx_word' id='word_1_20' title='bbox 538 501 582 569; x_wconf 86' lang='lat' dir='ltr'><strong>sit,</strong></span> <span class='ocrx_word' id='word_1_21' title='bbox 601 499 694 570; x_wconf 91' lang='lat' dir='ltr'><strong>dupli&#39;.</strong></span> 
     </span>
    </p>

    <p class='ocr_par' dir='ltr' id='par_1_3' title="bbox 203 583 1745 748">
     <span class='ocr_line' id='line_1_4' title="bbox 203 583 1745 672; baseline 0.003 -27"><span class='ocrx_word' id='word_1_22' title='bbox 203 595 241 652; x_wconf 87' lang='lat'><strong>43</strong></span> <span class='ocrx_word' id='word_1_23' title='bbox 313 592 432 646; x_wconf 80' lang='lat' dir='ltr'><strong>Paunus</strong></span> <span class='ocrx_word' id='word_1_24' title='bbox 450 588 518 644; x_wconf 93' lang='lat' dir='ltr'><strong>libro</strong></span> <span class='ocrx_word' id='word_1_25' title='bbox 537 590 625 658; x_wconf 88' lang='lat' dir='ltr'><strong>primo</strong></span> <span class='ocrx_word' id='word_1_26' title='bbox 644 589 679 644; x_wconf 89' lang='lat' dir='ltr'><strong>ad</strong></span> <span class='ocrx_word' id='word_1_27' title='bbox 697 589 816 644; x_wconf 90' lang='lat' dir='ltr'><strong>edietum</strong></span> <span class='ocrx_word' id='word_1_28' title='bbox 837 587 964 643; x_wconf 89' lang='lat' dir='ltr'><strong>aedilium</strong></span> <span class='ocrx_word' id='word_1_29' title='bbox 983 589 1125 646; x_wconf 89' lang='lat' dir='ltr'><strong>curulium.</strong></span> <span class='ocrx_word' id='word_1_30' title='bbox 1154 590 1259 646; x_wconf 89' lang='lat' dir='ltr'><strong>Boucm</strong></span> <span class='ocrx_word' id='word_1_31' title='bbox 1278 590 1325 658; x_wconf 92' lang='lat' dir='ltr'><strong>qui</strong></span> <span class='ocrx_word' id='word_1_32' title='bbox 1337 605 1422 645; x_wconf 87' lang='lat' dir='ltr'><strong>cornu</strong></span> <span class='ocrx_word' id='word_1_33' title='bbox 1434 589 1504 660; x_wconf 85' lang='lat' dir='ltr'><strong>peh&#39;t</strong></span> <span class='ocrx_word' id='word_1_34' title='bbox 1522 583 1697 672; x_wconf 57' lang='lat' dir='ltr'><strong>[Q</strong></span> <span class='ocrx_word' id='word_1_35' title='bbox 1716 597 1745 650; x_wconf 85' lang='lat' dir='ltr'><em>E</em></span> 
     </span>
     <span class='ocr_line' id='line_1_5' title="bbox 260 678 1697 748; baseline -0.001 -14"><span class='ocrx_word' id='word_1_36' title='bbox 260 680 389 734; x_wconf 90' lang='lat' dir='ltr'><strong>uitiosum</strong></span> <span class='ocrx_word' id='word_1_37' title='bbox 413 693 474 734; x_wconf 90' lang='lat' dir='ltr'><strong>csse</strong></span> <span class='ocrx_word' id='word_1_38' title='bbox 497 679 619 748; x_wconf 79' lang='lat' dir='ltr'>plerique</span> <span class='ocrx_word' id='word_1_39' title='bbox 644 679 751 747; x_wconf 91' lang='lat' dir='ltr'><strong>dicunt,</strong></span> <span class='ocrx_word' id='word_1_40' title='bbox 776 678 842 732; x_wconf 89' lang='lat' dir='ltr'><strong>item</strong></span> <span class='ocrx_word' id='word_1_41' title='bbox 861 678 948 732; x_wconf 75' lang='lat' dir='ltr'><strong>murias</strong></span> <span class='ocrx_word' id='word_1_42' title='bbox 967 693 1037 746; x_wconf 89' lang='lat' dir='ltr'><strong>quae</strong></span> <span class='ocrx_word' id='word_1_43' title='bbox 1056 693 1163 733; x_wconf 86' lang='lat' dir='ltr'><strong>cessum</strong></span> <span class='ocrx_word' id='word_1_44' title='bbox 1183 680 1263 734; x_wconf 89' lang='lat' dir='ltr'><strong>dant:</strong></span> <span class='ocrx_word' id='word_1_45' title='bbox 1288 695 1322 734; x_wconf 91' lang='lat' dir='ltr'><strong>ea</strong></span> <span class='ocrx_word' id='word_1_46' title='bbox 1339 693 1448 748; x_wconf 92' lang='lat' dir='ltr'><strong>quoque</strong></span> <span class='ocrx_word' id='word_1_47' title='bbox 1466 680 1600 748; x_wconf 87' lang='lat' dir='ltr'><strong>iumenta,</strong></span> <span class='ocrx_word' id='word_1_48' title='bbox 1624 693 1697 747; x_wconf 84' lang='lat' dir='ltr'><strong>quae</strong></span> 
     </span>
    </p>

    <p class='ocr_par' dir='ltr' id='par_1_4' title="bbox 228 767 1789 1016">
     <span class='ocr_line' id='line_1_6' title="bbox 228 767 1732 836; baseline -0.003 -11"><span class='ocrx_word' id='word_1_49' title='bbox 228 779 240 825; x_wconf 94' lang='lat'>1</span> <span class='ocrx_word' id='word_1_50' title='bbox 260 770 319 824; x_wconf 90' lang='lat' dir='ltr'><strong>sine</strong></span> <span class='ocrx_word' id='word_1_51' title='bbox 338 783 422 824; x_wconf 86' lang='lat' dir='ltr'><strong>causa</strong></span> <span class='ocrx_word' id='word_1_52' title='bbox 440 767 584 822; x_wconf 76' lang='lat' dir='ltr'><strong>turbantur</strong></span> <span class='ocrx_word' id='word_1_53' title='bbox 602 772 631 822; x_wconf 91' lang='lat' dir='ltr'><strong>et</strong></span> <span class='ocrx_word' id='word_1_54' title='bbox 649 772 736 821; x_wconf 89' lang='lat' dir='ltr'><strong>semet</strong></span> <span class='ocrx_word' id='word_1_55' title='bbox 754 767 815 836; x_wconf 92' lang='lat' dir='ltr'><strong>ipsa</strong></span> <span class='ocrx_word' id='word_1_56' title='bbox 833 767 957 836; x_wconf 90' lang='lat' dir='ltr'><strong>eripiunt,</strong></span> <span class='ocrx_word' id='word_1_57' title='bbox 977 767 1077 822; x_wconf 88' lang='lat' dir='ltr'><strong>uitiosa</strong></span> <span class='ocrx_word' id='word_1_58' title='bbox 1095 783 1156 823; x_wconf 88' lang='lat' dir='ltr'><strong>esse</strong></span> <span class='ocrx_word' id='word_1_59' title='bbox 1174 769 1310 824; x_wconf 86' lang='lat' dir='ltr'><strong>dicuntur.</strong></span> <span class='ocrx_word' id='word_1_60' title='bbox 1338 768 1390 834; x_wconf 87' lang='lat' dir='ltr'><strong>Qui</strong></span> <span class='ocrx_word' id='word_1_61' title='bbox 1408 768 1443 822; x_wconf 92' lang='lat' dir='ltr'><strong>ad</strong></span> <span class='ocrx_word' id='word_1_62' title='bbox 1462 769 1579 822; x_wconf 89' lang='lat' dir='ltr'><strong>amicum</strong></span> <span class='ocrx_word' id='word_1_63' title='bbox 1594 767 1697 822; x_wconf 89' lang='lat' dir='ltr'><strong>domini</strong></span> <span class='ocrx_word' id='word_1_64' title='bbox 1717 779 1732 819; x_wconf 81' lang='lat' dir='ltr'><strong>e</strong></span> 
     </span>
     <span class='ocr_line' id='line_1_7' title="bbox 260 854 1697 927; baseline 0.001 -16"><span class='ocrx_word' id='word_1_65' title='bbox 260 857 456 927; x_wconf 85' lang='lat' dir='ltr'><strong>deprecaturus</strong></span> <span class='ocrx_word' id='word_1_66' title='bbox 481 855 617 926; x_wconf 84' lang='lat' dir='ltr'><strong>confugit,</strong></span> <span class='ocrx_word' id='word_1_67' title='bbox 641 871 695 911; x_wconf 91' lang='lat' dir='ltr'><strong>non</strong></span> <span class='ocrx_word' id='word_1_68' title='bbox 719 860 761 910; x_wconf 91' lang='lat' dir='ltr'><strong>est</strong></span> <span class='ocrx_word' id='word_1_69' title='bbox 785 854 931 924; x_wconf 78' lang='lat' dir='ltr'><strong>fugitiuus:</strong></span> <span class='ocrx_word' id='word_1_70' title='bbox 956 855 1039 910; x_wconf 91' lang='lat' dir='ltr'><strong>immo</strong></span> <span class='ocrx_word' id='word_1_71' title='bbox 1062 856 1171 912; x_wconf 86' lang='lat' dir='ltr'><strong>etiamsi</strong></span> <span class='ocrx_word' id='word_1_72' title='bbox 1194 873 1227 912; x_wconf 89' lang='lat' dir='ltr'><strong>ea</strong></span> <span class='ocrx_word' id='word_1_73' title='bbox 1248 862 1339 912; x_wconf 87' lang='lat' dir='ltr'><strong>mente</strong></span> <span class='ocrx_word' id='word_1_74' title='bbox 1357 858 1406 926; x_wconf 91' lang='lat' dir='ltr'><strong>sit,</strong></span> <span class='ocrx_word' id='word_1_75' title='bbox 1429 862 1460 913; x_wconf 91' lang='lat' dir='ltr'><strong>ut</strong></span> <span class='ocrx_word' id='word_1_76' title='bbox 1477 873 1532 913; x_wconf 89' lang='lat' dir='ltr'><strong>non</strong></span> <span class='ocrx_word' id='word_1_77' title='bbox 1549 857 1697 927; x_wconf 86' lang='lat' dir='ltr'><strong>impetrato</strong></span> 
     </span>
     <span class='ocr_line' id='line_1_8' title="bbox 260 942 1789 1016; baseline -0.001 -16"><span class='ocrx_word' id='word_1_78' title='bbox 260 947 361 1001; x_wconf 79' lang='lat' dir='ltr'><strong>auxilio</strong></span> <span class='ocrx_word' id='word_1_79' title='bbox 379 945 490 1000; x_wconf 92' lang='lat' dir='ltr'><strong>domum</strong></span> <span class='ocrx_word' id='word_1_80' title='bbox 509 961 564 1000; x_wconf 90' lang='lat' dir='ltr'><strong>non</strong></span> <span class='ocrx_word' id='word_1_81' title='bbox 581 951 742 1014; x_wconf 89' lang='lat' dir='ltr'><strong>reuertatur,</strong></span> <span class='ocrx_word' id='word_1_82' title='bbox 762 944 882 998; x_wconf 91' lang='lat' dir='ltr'><strong>nondum</strong></span> <span class='ocrx_word' id='word_1_83' title='bbox 900 942 1033 1013; x_wconf 81' lang='lat' dir='ltr'><strong>fugitiuus</strong></span> <span class='ocrx_word' id='word_1_84' title='bbox 1051 949 1101 1014; x_wconf 91' lang='lat' dir='ltr'><strong>est,</strong></span> <span class='ocrx_word' id='word_1_85' title='bbox 1121 946 1186 1015; x_wconf 93' lang='lat' dir='ltr'><strong>quia</strong></span> <span class='ocrx_word' id='word_1_86' title='bbox 1204 962 1258 1001; x_wconf 89' lang='lat' dir='ltr'><strong>non</strong></span> <span class='ocrx_word' id='word_1_87' title='bbox 1271 947 1358 1002; x_wconf 91' lang='lat' dir='ltr'><strong>solum</strong></span> <span class='ocrx_word' id='word_1_88' title='bbox 1372 947 1485 1016; x_wconf 85' lang='lat' dir='ltr'><strong>consilii,</strong></span> <span class='ocrx_word' id='word_1_89' title='bbox 1505 944 1578 1016; x_wconf 76' lang='lat' dir='ltr'><strong>lsed</strong></span> <span class='ocrx_word' id='word_1_90' title='bbox 1590 951 1619 1000; x_wconf 90' lang='lat' dir='ltr'><strong>ct</strong></span> <span class='ocrx_word' id='word_1_91' title='bbox 1630 943 1697 1000; x_wconf 85' lang='lat' dir='ltr'><strong>iacti</strong></span> <span class='ocrx_word' id='word_1_92' title='bbox 1716 951 1733 998; x_wconf 87' lang='lat' dir='ltr'><strong>t.</strong></span> <span class='ocrx_word' id='word_1_93' title='bbox 1744 952 1789 998; x_wconf 82' lang='lat'><strong>³04</strong></span> 
     </span>
    </p>

    <p class='ocr_par' dir='ltr' id='par_1_5' title="bbox 227 1033 1699 1104">
     <span class='ocr_line' id='line_1_9' title="bbox 227 1033 1699 1104; baseline 0 -14"><span class='ocrx_word' id='word_1_94' title='bbox 227 1047 241 1091; x_wconf 83' lang='lat' dir='ltr'><strong>a</strong></span> <span class='ocrx_word' id='word_1_95' title='bbox 260 1034 342 1104; x_wconf 79' lang='lat' dir='ltr'><strong>fugae</strong></span> <span class='ocrx_word' id='word_1_96' title='bbox 361 1050 460 1088; x_wconf 92' lang='lat' dir='ltr'><strong>nomen</strong></span> <span class='ocrx_word' id='word_1_97' title='bbox 479 1038 529 1088; x_wconf 90' lang='lat' dir='ltr'><strong>est.</strong></span> <span class='ocrx_word' id='word_1_98' title='bbox 555 1035 606 1100; x_wconf 85' lang='lat' dir='ltr'><strong>Qui</strong></span> <span class='ocrx_word' id='word_1_99' title='bbox 625 1049 758 1104; x_wconf 87' lang='lat' dir='ltr'><strong>persuasu</strong></span> <span class='ocrx_word' id='word_1_100' title='bbox 776 1033 887 1087; x_wconf 89' lang='lat' dir='ltr'><strong>alterius</strong></span> <span class='ocrx_word' id='word_1_101' title='bbox 905 1048 923 1088; x_wconf 90' lang='lat' dir='ltr'><strong>a</strong></span> <span class='ocrx_word' id='word_1_102' title='bbox 941 1033 1052 1088; x_wconf 91' lang='lat' dir='ltr'><strong>domino</strong></span> <span class='ocrx_word' id='word_1_103' title='bbox 1069 1035 1191 1104; x_wconf 80' lang='lat' dir='ltr'><strong>recessit,</strong></span> <span class='ocrx_word' id='word_1_104' title='bbox 1211 1034 1343 1104; x_wconf 77' lang='lat' dir='ltr'><strong>fugitiuus</strong></span> <span class='ocrx_word' id='word_1_105' title='bbox 1362 1040 1413 1104; x_wconf 90' lang='lat' dir='ltr'><strong>est,</strong></span> <span class='ocrx_word' id='word_1_106' title='bbox 1430 1035 1495 1090; x_wconf 91' lang='lat' dir='ltr'><strong>licet</strong></span> <span class='ocrx_word' id='word_1_107' title='bbox 1506 1034 1533 1090; x_wconf 91' lang='lat' dir='ltr'><strong>id</strong></span> <span class='ocrx_word' id='word_1_108' title='bbox 1547 1051 1602 1090; x_wconf 88' lang='lat' dir='ltr'><strong>non</strong></span> <span class='ocrx_word' id='word_1_109' title='bbox 1614 1034 1699 1090; x_wconf 84' lang='lat' dir='ltr'><strong>inerit</strong></span> 
     </span>
    </p>

    <p class='ocr_par' dir='ltr' id='par_1_6' title="bbox 227 1121 1748 1281">
     <span class='ocr_line' id='line_1_10' title="bbox 227 1121 1699 1192; baseline -0.001 -13"><span class='ocrx_word' id='word_1_110' title='bbox 227 1137 241 1180; x_wconf 82' lang='lat' dir='ltr'><strong>e</strong></span> <span class='ocrx_word' id='word_1_111' title='bbox 259 1123 382 1179; x_wconf 79' lang='lat' dir='ltr'><strong>tacturus</strong></span> <span class='ocrx_word' id='word_1_112' title='bbox 402 1123 470 1178; x_wconf 90' lang='lat' dir='ltr'><strong>citra</strong></span> <span class='ocrx_word' id='word_1_113' title='bbox 487 1123 629 1178; x_wconf 92' lang='lat' dir='ltr'><strong>consilium</strong></span> <span class='ocrx_word' id='word_1_114' title='bbox 648 1124 706 1178; x_wconf 90' lang='lat' dir='ltr'><strong>eius</strong></span> <span class='ocrx_word' id='word_1_115' title='bbox 726 1123 772 1192; x_wconf 90' lang='lat' dir='ltr'><strong>qui</strong></span> <span class='ocrx_word' id='word_1_116' title='bbox 790 1122 934 1191; x_wconf 85' lang='lat' dir='ltr'><strong>persuasit.</strong></span> <span class='ocrx_word' id='word_1_117' title='bbox 965 1121 994 1176; x_wconf 86' lang='lat' dir='ltr'><strong>Si</strong></span> <span class='ocrx_word' id='word_1_118' title='bbox 1013 1137 1109 1177; x_wconf 85' lang='lat' dir='ltr'><strong>seruus</strong></span> <span class='ocrx_word' id='word_1_119' title='bbox 1127 1137 1206 1177; x_wconf 87' lang='lat' dir='ltr'><strong>meus</strong></span> <span class='ocrx_word' id='word_1_120' title='bbox 1223 1122 1296 1178; x_wconf 89' lang='lat' dir='ltr'><strong>bona</strong></span> <span class='ocrx_word' id='word_1_121' title='bbox 1313 1121 1368 1178; x_wconf 87' lang='lat' dir='ltr'><strong>fide</strong></span> <span class='ocrx_word' id='word_1_122' title='bbox 1386 1123 1437 1177; x_wconf 92' lang='lat' dir='ltr'><strong>tibi</strong></span> <span class='ocrx_word' id='word_1_123' title='bbox 1455 1125 1577 1180; x_wconf 90' lang='lat' dir='ltr'><strong>seruiens</strong></span> <span class='ocrx_word' id='word_1_124' title='bbox 1595 1122 1699 1192; x_wconf 80' lang='lat' dir='ltr'><strong>fugerit</strong></span> 
     </span>
     <span class='ocr_line' id='line_1_11' title="bbox 259 1208 1748 1281; baseline -0.003 -14"><span class='ocrx_word' id='word_1_125' title='bbox 259 1215 305 1268; x_wconf 91' lang='lat' dir='ltr'><strong>nel</strong></span> <span class='ocrx_word' id='word_1_126' title='bbox 323 1213 412 1267; x_wconf 88' lang='lat' dir='ltr'><strong>sciens</strong></span> <span class='ocrx_word' id='word_1_127' title='bbox 431 1228 460 1266; x_wconf 91' lang='lat' dir='ltr'><strong>se</strong></span> <span class='ocrx_word' id='word_1_128' title='bbox 481 1227 570 1267; x_wconf 92' lang='lat' dir='ltr'><strong>meum</strong></span> <span class='ocrx_word' id='word_1_129' title='bbox 590 1227 651 1266; x_wconf 89' lang='lat' dir='ltr'><strong>esse</strong></span> <span class='ocrx_word' id='word_1_130' title='bbox 670 1212 714 1266; x_wconf 89' lang='lat' dir='ltr'><strong>uel</strong></span> <span class='ocrx_word' id='word_1_131' title='bbox 732 1212 869 1280; x_wconf 88' lang='lat' dir='ltr'><strong>ignorans,</strong></span> <span class='ocrx_word' id='word_1_132' title='bbox 887 1208 1021 1279; x_wconf 83' lang='lat' dir='ltr'><strong>fugitiuus</strong></span> <span class='ocrx_word' id='word_1_133' title='bbox 1040 1215 1091 1281; x_wconf 87' lang='lat' dir='ltr'><strong>cst,</strong></span> <span class='ocrx_word' id='word_1_134' title='bbox 1110 1211 1161 1266; x_wconf 87' lang='lat' dir='ltr'><strong>nisi</strong></span> <span class='ocrx_word' id='word_1_135' title='bbox 1180 1212 1271 1268; x_wconf 86' lang='lat' dir='ltr'><strong>animo</strong></span> <span class='ocrx_word' id='word_1_136' title='bbox 1290 1212 1325 1268; x_wconf 91' lang='lat' dir='ltr'><strong>ad</strong></span> <span class='ocrx_word' id='word_1_137' title='bbox 1344 1227 1387 1268; x_wconf 91' lang='lat' dir='ltr'><strong>me</strong></span> <span class='ocrx_word' id='word_1_138' title='bbox 1406 1212 1562 1268; x_wconf 84' lang='lat' dir='ltr'><strong>reuertendi</strong></span> <span class='ocrx_word' id='word_1_139' title='bbox 1579 1212 1607 1268; x_wconf 92' lang='lat' dir='ltr'><strong>id</strong></span> <span class='ocrx_word' id='word_1_140' title='bbox 1622 1211 1697 1268; x_wconf 82' lang='lat' dir='ltr'><strong>iecit</strong></span> <span class='ocrx_word' id='word_1_141' title='bbox 1720 1225 1748 1264; x_wconf 89' lang='lat' dir='ltr'><strong>ro</strong></span> 
     </span>
    </p>

    <p class='ocr_par' dir='ltr' id='par_1_7' title="bbox 227 1298 1698 1461">
     <span class='ocr_line' id='line_1_12' title="bbox 227 1298 1698 1372; baseline 0.001 -16"><span class='ocrx_word' id='word_1_142' title='bbox 227 1303 354 1357; x_wconf 75' lang='lat' dir='ltr'><strong>thlortis</strong></span> <span class='ocrx_word' id='word_1_143' title='bbox 377 1299 588 1355; x_wconf 81' lang='lat' dir='ltr'><strong>consciscendae</strong></span> <span class='ocrx_word' id='word_1_144' title='bbox 612 1315 697 1355; x_wconf 91' lang='lat' dir='ltr'><strong>causa</strong></span> <span class='ocrx_word' id='word_1_145' title='bbox 720 1299 772 1355; x_wconf 88' lang='lat' dir='ltr'><strong>sibi</strong></span> <span class='ocrx_word' id='word_1_146' title='bbox 796 1298 876 1368; x_wconf 85' lang='lat' dir='ltr'><strong>iacit,</strong></span> <span class='ocrx_word' id='word_1_147' title='bbox 900 1299 946 1368; x_wconf 92' lang='lat' dir='ltr'><strong>qui</strong></span> <span class='ocrx_word' id='word_1_148' title='bbox 963 1304 1076 1369; x_wconf 88' lang='lat' dir='ltr'><strong>propter</strong></span> <span class='ocrx_word' id='word_1_149' title='bbox 1093 1300 1243 1370; x_wconf 89' lang='lat' dir='ltr'><strong>nequitiam</strong></span> <span class='ocrx_word' id='word_1_150' title='bbox 1261 1301 1402 1370; x_wconf 88' lang='lat' dir='ltr'><strong>malosque</strong></span> <span class='ocrx_word' id='word_1_151' title='bbox 1419 1317 1509 1357; x_wconf 89' lang='lat' dir='ltr'><strong>mores</strong></span> <span class='ocrx_word' id='word_1_152' title='bbox 1526 1301 1698 1372; x_wconf 64' lang='lat' dir='ltr'><strong>damnamus</strong></span> 
     </span>
     <span class='ocr_line' id='line_1_13' title="bbox 260 1387 1698 1461; baseline 0.001 -16"><span class='ocrx_word' id='word_1_153' title='bbox 260 1390 369 1460; x_wconf 81' lang='lat' dir='ltr'><strong>aliquod</strong></span> <span class='ocrx_word' id='word_1_154' title='bbox 389 1389 538 1444; x_wconf 86' lang='lat' dir='ltr'><strong>admissum</strong></span> <span class='ocrx_word' id='word_1_155' title='bbox 558 1393 671 1444; x_wconf 89' lang='lat' dir='ltr'><strong>mortem</strong></span> <span class='ocrx_word' id='word_1_156' title='bbox 691 1387 744 1444; x_wconf 89' lang='lat' dir='ltr'><strong>sibi</strong></span> <span class='ocrx_word' id='word_1_157' title='bbox 763 1388 933 1444; x_wconf 88' lang='lat' dir='ltr'><strong>consciscere</strong></span> <span class='ocrx_word' id='word_1_158' title='bbox 951 1389 1051 1457; x_wconf 90' lang='lat' dir='ltr'><strong>uoluit,</strong></span> <span class='ocrx_word' id='word_1_159' title='bbox 1070 1405 1125 1444; x_wconf 92' lang='lat' dir='ltr'><strong>non</strong></span> <span class='ocrx_word' id='word_1_160' title='bbox 1143 1390 1167 1444; x_wconf 90' lang='lat' dir='ltr'><strong>si</strong></span> <span class='ocrx_word' id='word_1_161' title='bbox 1185 1390 1306 1446; x_wconf 90' lang='lat' dir='ltr'><strong>dolorem</strong></span> <span class='ocrx_word' id='word_1_162' title='bbox 1324 1391 1445 1461; x_wconf 88' lang='lat' dir='ltr'><strong>eorporis</strong></span> <span class='ocrx_word' id='word_1_163' title='bbox 1464 1407 1518 1446; x_wconf 90' lang='lat' dir='ltr'><strong>non</strong></span> <span class='ocrx_word' id='word_1_164' title='bbox 1536 1390 1698 1446; x_wconf 80' lang='lat' dir='ltr'><strong>sustinendo</strong></span> 
     </span>
    </p>

    <p class='ocr_par' dir='ltr' id='par_1_8' title="bbox 227 1476 1750 1728">
     <span class='ocr_line' id='line_1_14' title="bbox 227 1476 1697 1551; baseline 0.001 -17"><span class='ocrx_word' id='word_1_165' title='bbox 227 1479 287 1535; x_wconf 87' lang='lat' dir='ltr'><strong>tid</strong></span> <span class='ocrx_word' id='word_1_166' title='bbox 310 1477 414 1534; x_wconf 84' lang='lat' dir='ltr'><strong>fecerit.</strong></span> <span class='ocrx_word' id='word_1_167' title='bbox 452 1476 480 1533; x_wconf 88' lang='lat' dir='ltr'><strong>Si</strong></span> <span class='ocrx_word' id='word_1_168' title='bbox 504 1478 566 1546; x_wconf 90' lang='lat' dir='ltr'><strong>quis</strong></span> <span class='ocrx_word' id='word_1_169' title='bbox 590 1493 700 1532; x_wconf 85' lang='lat' dir='ltr'><strong>sernum</strong></span> <span class='ocrx_word' id='word_1_170' title='bbox 727 1477 823 1532; x_wconf 90' lang='lat' dir='ltr'><strong>emerit</strong></span> <span class='ocrx_word' id='word_1_171' title='bbox 840 1480 869 1530; x_wconf 87' lang='lat' dir='ltr'><strong>et</strong></span> <span class='ocrx_word' id='word_1_172' title='bbox 887 1482 964 1546; x_wconf 86' lang='lat' dir='ltr'><strong>rapto</strong></span> <span class='ocrx_word' id='word_1_173' title='bbox 983 1491 1016 1531; x_wconf 91' lang='lat' dir='ltr'><strong>eo</strong></span> <span class='ocrx_word' id='word_1_174' title='bbox 1034 1477 1061 1532; x_wconf 91' lang='lat' dir='ltr'><strong>ui</strong></span> <span class='ocrx_word' id='word_1_175' title='bbox 1080 1476 1212 1533; x_wconf 88' lang='lat' dir='ltr'><strong>bonorum</strong></span> <span class='ocrx_word' id='word_1_176' title='bbox 1232 1483 1368 1548; x_wconf 88' lang='lat' dir='ltr'><strong>raptorum</strong></span> <span class='ocrx_word' id='word_1_177' title='bbox 1388 1480 1496 1534; x_wconf 85' lang='lat' dir='ltr'><strong>actione</strong></span> <span class='ocrx_word' id='word_1_178' title='bbox 1514 1479 1697 1551; x_wconf 85' lang='lat' dir='ltr'><strong>quadruplum</strong></span> 
     </span>
     <span class='ocr_line' id='line_1_15' title="bbox 259 1562 1698 1638; baseline 0.003 -16"><span class='ocrx_word' id='word_1_179' title='bbox 259 1572 424 1623; x_wconf 91' lang='lat' dir='ltr'><strong>consecutus</strong></span> <span class='ocrx_word' id='word_1_180' title='bbox 447 1570 503 1636; x_wconf 89' lang='lat' dir='ltr'><strong>est,</strong></span> <span class='ocrx_word' id='word_1_181' title='bbox 526 1565 625 1621; x_wconf 91' lang='lat' dir='ltr'><strong>deinde</strong></span> <span class='ocrx_word' id='word_1_182' title='bbox 648 1581 758 1621; x_wconf 91' lang='lat' dir='ltr'><strong>seruum</strong></span> <span class='ocrx_word' id='word_1_183' title='bbox 782 1562 937 1634; x_wconf 85' lang='lat' dir='ltr'><strong>redhibeat,</strong></span> <span class='ocrx_word' id='word_1_184' title='bbox 960 1565 1075 1620; x_wconf 89' lang='lat' dir='ltr'><strong>reddere</strong></span> <span class='ocrx_word' id='word_1_185' title='bbox 1093 1566 1206 1622; x_wconf 87' lang='lat' dir='ltr'><strong>debebit</strong></span> <span class='ocrx_word' id='word_1_186' title='bbox 1222 1567 1297 1636; x_wconf 93' lang='lat' dir='ltr'><strong>quod</strong></span> <span class='ocrx_word' id='word_1_187' title='bbox 1315 1568 1433 1638; x_wconf 90' lang='lat' dir='ltr'><strong>accepit:</strong></span> <span class='ocrx_word' id='word_1_188' title='bbox 1457 1568 1506 1624; x_wconf 85' lang='lat' dir='ltr'><strong>sed</strong></span> <span class='ocrx_word' id='word_1_189' title='bbox 1524 1569 1547 1623; x_wconf 91' lang='lat' dir='ltr'><strong>si</strong></span> <span class='ocrx_word' id='word_1_190' title='bbox 1565 1584 1615 1638; x_wconf 86' lang='lat' dir='ltr'><strong>per</strong></span> <span class='ocrx_word' id='word_1_191' title='bbox 1633 1585 1698 1626; x_wconf 88' lang='lat' dir='ltr'><strong>eum</strong></span> 
     </span>
     <span class='ocr_line' id='line_1_16' title="bbox 259 1654 1750 1728; baseline 0.004 -18"><span class='ocrx_word' id='word_1_192' title='bbox 259 1672 369 1711; x_wconf 86' lang='lat' dir='ltr'><strong>seruum</strong></span> <span class='ocrx_word' id='word_1_193' title='bbox 387 1655 510 1711; x_wconf 88' lang='lat' dir='ltr'><strong>iniuriam</strong></span> <span class='ocrx_word' id='word_1_194' title='bbox 530 1671 629 1726; x_wconf 85' lang='lat' dir='ltr'><strong>passus</strong></span> <span class='ocrx_word' id='word_1_195' title='bbox 648 1655 761 1710; x_wconf 88' lang='lat' dir='ltr'><strong>iniuriae</strong></span> <span class='ocrx_word' id='word_1_196' title='bbox 780 1654 890 1709; x_wconf 88' lang='lat' dir='ltr'><strong>nomine</strong></span> <span class='ocrx_word' id='word_1_197' title='bbox 908 1655 1009 1724; x_wconf 85' lang='lat' dir='ltr'><strong>egerit,</strong></span> <span class='ocrx_word' id='word_1_198' title='bbox 1028 1669 1083 1709; x_wconf 91' lang='lat' dir='ltr'><strong>non</strong></span> <span class='ocrx_word' id='word_1_199' title='bbox 1100 1654 1198 1708; x_wconf 89' lang='lat' dir='ltr'><strong>reddet</strong></span> <span class='ocrx_word' id='word_1_200' title='bbox 1216 1655 1364 1712; x_wconf 85' lang='lat' dir='ltr'><strong>uenditori:</strong></span> <span class='ocrx_word' id='word_1_201' title='bbox 1386 1657 1464 1712; x_wconf 90' lang='lat' dir='ltr'><strong>aliter</strong></span> <span class='ocrx_word' id='word_1_202' title='bbox 1481 1655 1595 1712; x_wconf 78' lang='lat' dir='ltr'><strong>forsitan</strong></span> <span class='ocrx_word' id='word_1_203' title='bbox 1613 1663 1698 1728; x_wconf 86' lang='lat' dir='ltr'><strong>atque</strong></span> <span class='ocrx_word' id='word_1_204' title='bbox 1719 1674 1750 1716; x_wconf 76' lang='lat' dir='ltr'><strong>re</strong></span> 
     </span>
    </p>

    <p class='ocr_par' dir='ltr' id='par_1_9' title="bbox 226 1741 1699 2082">
     <span class='ocr_line' id='line_1_17' title="bbox 226 1741 1698 1814; baseline 0.001 -13"><span class='ocrx_word' id='word_1_205' title='bbox 226 1755 240 1801; x_wconf 85' lang='grc'><strong>6</strong></span> <span class='ocrx_word' id='word_1_206' title='bbox 259 1746 282 1800; x_wconf 90' lang='lat' dir='ltr'><strong>si</strong></span> <span class='ocrx_word' id='word_1_207' title='bbox 301 1745 365 1801; x_wconf 91' lang='lat' dir='ltr'><strong>loris</strong></span> <span class='ocrx_word' id='word_1_208' title='bbox 384 1744 419 1800; x_wconf 91' lang='lat' dir='ltr'><strong>ab</strong></span> <span class='ocrx_word' id='word_1_209' title='bbox 438 1745 528 1814; x_wconf 91' lang='lat' dir='ltr'><strong>aliquo</strong></span> <span class='ocrx_word' id='word_1_210' title='bbox 547 1747 644 1799; x_wconf 89' lang='lat' dir='ltr'><strong>caeso¹</strong></span> <span class='ocrx_word' id='word_1_211' title='bbox 665 1749 713 1798; x_wconf 89' lang='lat' dir='ltr'><strong>aut</strong></span> <span class='ocrx_word' id='word_1_212' title='bbox 731 1744 890 1814; x_wconf 79' lang='lat' dir='ltr'><strong>quaestione</strong></span> <span class='ocrx_word' id='word_1_213' title='bbox 910 1742 945 1797; x_wconf 91' lang='lat' dir='ltr'><strong>de</strong></span> <span class='ocrx_word' id='word_1_214' title='bbox 963 1758 996 1798; x_wconf 92' lang='lat' dir='ltr'><strong>eo</strong></span> <span class='ocrx_word' id='word_1_215' title='bbox 1014 1741 1109 1798; x_wconf 89' lang='lat' dir='ltr'><strong>habita</strong></span> <span class='ocrx_word' id='word_1_216' title='bbox 1126 1747 1233 1812; x_wconf 86' lang='lat' dir='ltr'><strong>emptor</strong></span> <span class='ocrx_word' id='word_1_217' title='bbox 1248 1745 1344 1813; x_wconf 79' lang='lat' dir='ltr'><strong>egerit</strong></span> <span class='ocrx_word' id='word_1_218' title='bbox 1371 1744 1526 1814; x_wconf 80' lang='lat' dir='ltr'><strong>Aliquando</strong></span> <span class='ocrx_word' id='word_1_219' title='bbox 1539 1747 1622 1802; x_wconf 89' lang='lat' dir='ltr'><strong>ctiam</strong></span> <span class='ocrx_word' id='word_1_220' title='bbox 1635 1747 1698 1802; x_wconf 90' lang='lat' dir='ltr'><strong>red·</strong></span> 
     </span>
     <span class='ocr_line' id='line_1_18' title="bbox 257 1831 1699 1903; baseline 0.002 -15"><span class='ocrx_word' id='word_1_221' title='bbox 257 1833 345 1889; x_wconf 89' lang='lat' dir='ltr'><strong>hiberi</strong></span> <span class='ocrx_word' id='word_1_222' title='bbox 363 1834 528 1903; x_wconf 85' lang='lat' dir='ltr'><strong>mancipium</strong></span> <span class='ocrx_word' id='word_1_223' title='bbox 546 1832 671 1900; x_wconf 90' lang='lat' dir='ltr'><strong>debebit,</strong></span> <span class='ocrx_word' id='word_1_224' title='bbox 689 1833 754 1887; x_wconf 93' lang='lat' dir='ltr'><strong>licet</strong></span> <span class='ocrx_word' id='word_1_225' title='bbox 772 1832 967 1901; x_wconf 85' lang='lat' dir='ltr'><strong>aestimatoria,</strong></span> <span class='ocrx_word' id='word_1_226' title='bbox 986 1831 1014 1886; x_wconf 91' lang='lat' dir='ltr'><strong>id</strong></span> <span class='ocrx_word' id='word_1_227' title='bbox 1033 1837 1075 1887; x_wconf 91' lang='lat' dir='ltr'><strong>est</strong></span> <span class='ocrx_word' id='word_1_228' title='bbox 1093 1837 1196 1902; x_wconf 92' lang='lat' dir='ltr'><strong>quanto</strong></span> <span class='ocrx_word' id='word_1_229' title='bbox 1215 1833 1335 1900; x_wconf 89' lang='lat' dir='ltr'><strong>minoris,</strong></span> <span class='ocrx_word' id='word_1_230' title='bbox 1354 1849 1483 1902; x_wconf 78' lang='lat' dir='ltr'><strong>agarum:</strong></span> <span class='ocrx_word' id='word_1_231' title='bbox 1502 1850 1565 1889; x_wconf 85' lang='lat' dir='ltr'><strong>narn</strong></span> <span class='ocrx_word' id='word_1_232' title='bbox 1584 1836 1607 1890; x_wconf 92' lang='lat' dir='ltr'><strong>si</strong></span> <span class='ocrx_word' id='word_1_233' title='bbox 1626 1835 1699 1892; x_wconf 80' lang='lat' dir='ltr'><strong>adeo</strong></span> 
     </span>
     <span class='ocr_line' id='line_1_19' title="bbox 258 1921 1697 1992; baseline 0.001 -14"><span class='ocrx_word' id='word_1_234' title='bbox 258 1923 359 1979; x_wconf 89' lang='lat' dir='ltr'><strong>nullius</strong></span> <span class='ocrx_word' id='word_1_235' title='bbox 378 1923 414 1977; x_wconf 90' lang='lat' dir='ltr'><strong>sit</strong></span> <span class='ocrx_word' id='word_1_236' title='bbox 430 1923 519 1992; x_wconf 91' lang='lat' dir='ltr'><strong>pretii,</strong></span> <span class='ocrx_word' id='word_1_237' title='bbox 538 1925 569 1976; x_wconf 90' lang='lat' dir='ltr'><strong>ut</strong></span> <span class='ocrx_word' id='word_1_238' title='bbox 587 1937 621 1976; x_wconf 90' lang='lat' dir='ltr'><strong>ne</strong></span> <span class='ocrx_word' id='word_1_239' title='bbox 640 1921 769 1990; x_wconf 84' lang='lat' dir='ltr'><strong>expediat</strong></span> <span class='ocrx_word' id='word_1_240' title='bbox 786 1921 896 1990; x_wconf 89' lang='lat' dir='ltr'><strong>quidem</strong></span> <span class='ocrx_word' id='word_1_241' title='bbox 913 1921 968 1976; x_wconf 91' lang='lat' dir='ltr'><strong>talc</strong></span> <span class='ocrx_word' id='word_1_242' title='bbox 986 1921 1149 1990; x_wconf 86' lang='lat' dir='ltr'><strong>mancipium</strong></span> <span class='ocrx_word' id='word_1_243' title='bbox 1170 1921 1290 1976; x_wconf 81' lang='lat' dir='ltr'><strong>domini²</strong></span> <span class='ocrx_word' id='word_1_244' title='bbox 1302 1921 1410 1992; x_wconf 88' lang='lat' dir='ltr'><strong>habere,</strong></span> <span class='ocrx_word' id='word_1_245' title='bbox 1429 1923 1516 1978; x_wconf 91' lang='lat' dir='ltr'><strong>ueluti</strong></span> <span class='ocrx_word' id='word_1_246' title='bbox 1528 1925 1551 1977; x_wconf 91' lang='lat' dir='ltr'><strong>si</strong></span> <span class='ocrx_word' id='word_1_247' title='bbox 1564 1922 1697 1980; x_wconf 83' lang='lat' dir='ltr'><strong>furiosum</strong></span> 
     </span>
     <span class='ocr_line' id='line_1_20' title="bbox 260 2008 1699 2082; baseline 0.002 -16"><span class='ocrx_word' id='word_1_248' title='bbox 260 2016 309 2066; x_wconf 85' lang='lat' dir='ltr'><strong>aut</strong></span> <span class='ocrx_word' id='word_1_249' title='bbox 326 2012 474 2066; x_wconf 87' lang='lat' dir='ltr'><strong>lunaticum</strong></span> <span class='ocrx_word' id='word_1_250' title='bbox 493 2012 538 2080; x_wconf 86' lang='lat' dir='ltr'><strong>sit,</strong></span> <span class='ocrx_word' id='word_1_251' title='bbox 556 2011 621 2065; x_wconf 90' lang='lat' dir='ltr'><strong>licet</strong></span> <span class='ocrx_word' id='word_1_252' title='bbox 639 2009 825 2064; x_wconf 85' lang='lat' dir='ltr'><strong>aestimatoria</strong></span> <span class='ocrx_word' id='word_1_253' title='bbox 843 2016 934 2064; x_wconf 85' lang='lat' dir='ltr'><strong>aetum</strong></span> <span class='ocrx_word' id='word_1_254' title='bbox 952 2008 1042 2078; x_wconf 81' lang='lat' dir='ltr'><strong>fuerit,</strong></span> <span class='ocrx_word' id='word_1_255' title='bbox 1061 2008 1151 2065; x_wconf 84' lang='lat' dir='ltr'><strong>officio</strong></span> <span class='ocrx_word' id='word_1_256' title='bbox 1170 2015 1262 2064; x_wconf 88' lang='lat' dir='ltr'><strong>tamen</strong></span> <span class='ocrx_word' id='word_1_257' title='bbox 1274 2010 1372 2066; x_wconf 88' lang='lat' dir='ltr'><strong>iudicis</strong></span> <span class='ocrx_word' id='word_1_258' title='bbox 1384 2011 1575 2082; x_wconf 88' lang='lat' dir='ltr'><strong>continebitur,</strong></span> <span class='ocrx_word' id='word_1_259' title='bbox 1594 2017 1627 2068; x_wconf 89' lang='lat' dir='ltr'><strong>ut</strong></span> <span class='ocrx_word' id='word_1_260' title='bbox 1637 2014 1699 2069; x_wconf 88' lang='lat' dir='ltr'><strong>red-</strong></span> 
     </span>
    </p>

    <p class='ocr_par' dir='ltr' id='par_1_10' title="bbox 226 2096 1748 2262">
     <span class='ocr_line' id='line_1_21' title="bbox 226 2096 1748 2173; baseline 0.007 -23"><span class='ocrx_word' id='word_1_261' title='bbox 226 2099 318 2155; x_wconf 79' lang='lat' dir='ltr'><strong>tdito</strong></span> <span class='ocrx_word' id='word_1_262' title='bbox 337 2099 472 2168; x_wconf 87' lang='lat' dir='ltr'><strong>mancipio</strong></span> <span class='ocrx_word' id='word_1_263' title='bbox 490 2100 606 2168; x_wconf 90' lang='lat' dir='ltr'><strong>pretium</strong></span> <span class='ocrx_word' id='word_1_264' title='bbox 626 2099 780 2166; x_wconf 88' lang='lat' dir='ltr'><strong>recipiatur.</strong></span> <span class='ocrx_word' id='word_1_265' title='bbox 809 2096 926 2168; x_wconf 90' lang='lat' dir='ltr'><strong>Siquis,</strong></span> <span class='ocrx_word' id='word_1_266' title='bbox 945 2113 1006 2152; x_wconf 91' lang='lat' dir='ltr'><strong>cum</strong></span> <span class='ocrx_word' id='word_1_267' title='bbox 1027 2099 1168 2154; x_wconf 85' lang='lat' dir='ltr'><strong>consilium</strong></span> <span class='ocrx_word' id='word_1_268' title='bbox 1189 2101 1285 2154; x_wconf 90' lang='lat' dir='ltr'><strong>inisset</strong></span> <span class='ocrx_word' id='word_1_269' title='bbox 1296 2098 1509 2156; x_wconf 78' lang='lat' dir='ltr'><strong>fraudandornm</strong></span> <span class='ocrx_word' id='word_1_270' title='bbox 1522 2101 1699 2173; x_wconf 82' lang='lat' dir='ltr'><strong>creditorum,</strong></span> <span class='ocrx_word' id='word_1_271' title='bbox 1718 2118 1748 2160; x_wconf 81' lang='lat' dir='ltr'><strong>ro</strong></span> 
     </span>
     <span class='ocr_line' id='line_1_22' title="bbox 259 2185 1701 2262; baseline 0.004 -21"><span class='ocrx_word' id='word_1_272' title='bbox 259 2186 428 2242; x_wconf 88' lang='lat' dir='ltr'><strong>redhibuerit</strong></span> <span class='ocrx_word' id='word_1_273' title='bbox 449 2203 504 2243; x_wconf 94' lang='lat' dir='ltr'><strong>non</strong></span> <span class='ocrx_word' id='word_1_274' title='bbox 527 2186 711 2242; x_wconf 74' lang='lat' dir='ltr'><strong>redhibitores</strong></span> <span class='ocrx_word' id='word_1_275' title='bbox 735 2186 817 2255; x_wconf 85' lang='lat' dir='ltr'><strong>alias,</strong></span> <span class='ocrx_word' id='word_1_276' title='bbox 841 2186 892 2240; x_wconf 90' lang='lat' dir='ltr'><strong>nisi</strong></span> <span class='ocrx_word' id='word_1_277' title='bbox 916 2187 999 2241; x_wconf 91' lang='lat' dir='ltr'><strong>uellet</strong></span> <span class='ocrx_word' id='word_1_278' title='bbox 1022 2203 1070 2242; x_wconf 89' lang='lat' dir='ltr'><strong>eos</strong></span> <span class='ocrx_word' id='word_1_279' title='bbox 1093 2185 1232 2257; x_wconf 88' lang='lat' dir='ltr'><strong>fraudare,</strong></span> <span class='ocrx_word' id='word_1_280' title='bbox 1257 2193 1366 2243; x_wconf 87' lang='lat' dir='ltr'><strong>tenetur</strong></span> <span class='ocrx_word' id='word_1_281' title='bbox 1388 2187 1568 2246; x_wconf 90' lang='lat' dir='ltr'><strong>creditoribus</strong></span> <span class='ocrx_word' id='word_1_282' title='bbox 1586 2197 1701 2262; x_wconf 88' lang='lat' dir='ltr'><strong>propter</strong></span> 
     </span>
    </p>

    <p class='ocr_par' dir='ltr' id='par_1_11' title="bbox 226 2273 1699 2439">
     <span class='ocr_line' id='line_1_23' title="bbox 226 2273 1699 2348; baseline 0.004 -19"><span class='ocrx_word' id='word_1_283' title='bbox 226 2283 240 2329; x_wconf 84' lang='lat' dir='ltr'><strong>u</strong></span> <span class='ocrx_word' id='word_1_284' title='bbox 259 2276 423 2345; x_wconf 88' lang='lat' dir='ltr'><strong>mancipium</strong></span> <span class='ocrx_word' id='word_1_285' title='bbox 443 2274 577 2332; x_wconf 88' lang='lat' dir='ltr'><strong>uenditor.</strong></span> <span class='ocrx_word' id='word_1_286' title='bbox 604 2275 707 2344; x_wconf 82' lang='lat' dir='ltr'><strong>Pignus</strong></span> <span class='ocrx_word' id='word_1_287' title='bbox 726 2274 847 2330; x_wconf 90' lang='lat' dir='ltr'><strong>manebit</strong></span> <span class='ocrx_word' id='word_1_288' title='bbox 859 2273 1018 2344; x_wconf 83' lang='lat' dir='ltr'><strong>obligatum,</strong></span> <span class='ocrx_word' id='word_1_289' title='bbox 1037 2277 1144 2332; x_wconf 90' lang='lat' dir='ltr'><strong>etiamsi</strong></span> <span class='ocrx_word' id='word_1_290' title='bbox 1156 2275 1308 2332; x_wconf 87' lang='lat' dir='ltr'><strong>redhibitus</strong></span> <span class='ocrx_word' id='word_1_291' title='bbox 1321 2275 1403 2332; x_wconf 82' lang='lat' dir='ltr'><strong>suerit</strong></span> <span class='ocrx_word' id='word_1_292' title='bbox 1417 2293 1528 2332; x_wconf 88' lang='lat' dir='ltr'><strong>seruus:</strong></span> <span class='ocrx_word' id='word_1_293' title='bbox 1547 2279 1699 2348; x_wconf 71' lang='lat' dir='ltr'><strong>³quemad·</strong></span> 
     </span>
     <span class='ocr_line' id='line_1_24' title="bbox 259 2362 1699 2439; baseline 0.003 -20"><span class='ocrx_word' id='word_1_294' title='bbox 259 2364 385 2433; x_wconf 90' lang='lat' dir='ltr'><strong>modum,</strong></span> <span class='ocrx_word' id='word_1_295' title='bbox 405 2365 508 2419; x_wconf 88' lang='lat' dir='ltr'><strong>sicum</strong></span> <span class='ocrx_word' id='word_1_296' title='bbox 527 2364 676 2420; x_wconf 87' lang='lat' dir='ltr'><strong>alienasset</strong></span> <span class='ocrx_word' id='word_1_297' title='bbox 692 2368 741 2420; x_wconf 88' lang='lat' dir='ltr'><strong>aut</strong></span> <span class='ocrx_word' id='word_1_298' title='bbox 758 2379 838 2419; x_wconf 91' lang='lat' dir='ltr'><strong>usum</strong></span> <span class='ocrx_word' id='word_1_299' title='bbox 856 2362 975 2419; x_wconf 75' lang='lat' dir='ltr'><strong>fructum</strong></span> <span class='ocrx_word' id='word_1_300' title='bbox 994 2365 1066 2434; x_wconf 91' lang='lat' dir='ltr'><strong>eius,</strong></span> <span class='ocrx_word' id='word_1_301' title='bbox 1085 2381 1139 2422; x_wconf 92' lang='lat' dir='ltr'><strong>non</strong></span> <span class='ocrx_word' id='word_1_302' title='bbox 1158 2371 1231 2421; x_wconf 87' lang='lat' dir='ltr'><strong>recte</strong></span> <span class='ocrx_word' id='word_1_303' title='bbox 1249 2363 1424 2421; x_wconf 87' lang='lat' dir='ltr'><strong>redhibetur⁴</strong></span> <span class='ocrx_word' id='word_1_304' title='bbox 1443 2366 1496 2422; x_wconf 87' lang='lat' dir='ltr'><strong>nisi</strong></span> <span class='ocrx_word' id='word_1_305' title='bbox 1514 2366 1699 2439; x_wconf 70' lang='lat' dir='ltr'><strong>redemptam,</strong></span> 
     </span>
    </p>

    <p class='ocr_par' dir='ltr' id='par_1_12' title="bbox 226 2451 1748 2701">
     <span class='ocr_line' id='line_1_25' title="bbox 226 2451 1700 2524; baseline 0.004 -18"><span class='ocrx_word' id='word_1_306' title='bbox 226 2461 240 2506; x_wconf 85' lang='lat'>9</span> <span class='ocrx_word' id='word_1_307' title='bbox 259 2451 298 2508; x_wconf 90' lang='lat' dir='ltr'><strong>sic</strong></span> <span class='ocrx_word' id='word_1_308' title='bbox 317 2457 346 2508; x_wconf 89' lang='lat' dir='ltr'><strong>et</strong></span> <span class='ocrx_word' id='word_1_309' title='bbox 362 2453 477 2522; x_wconf 78' lang='lat' dir='ltr'><strong>pignore</strong></span> <span class='ocrx_word' id='word_1_310' title='bbox 493 2452 638 2508; x_wconf 88' lang='lat' dir='ltr'><strong>liberatum</strong></span> <span class='ocrx_word' id='word_1_311' title='bbox 650 2451 834 2508; x_wconf 65' lang='lat' dir='ltr'><strong>redhibeturt</strong></span> <span class='ocrx_word' id='word_1_312' title='bbox 861 2451 891 2507; x_wconf 88' lang='lat' dir='ltr'><strong>Si</strong></span> <span class='ocrx_word' id='word_1_313' title='bbox 903 2452 955 2507; x_wconf 91' lang='lat' dir='ltr'><strong>sub</strong></span> <span class='ocrx_word' id='word_1_314' title='bbox 968 2453 1128 2510; x_wconf 91' lang='lat' dir='ltr'><strong>condicione</strong></span> <span class='ocrx_word' id='word_1_315' title='bbox 1140 2454 1221 2511; x_wconf 91' lang='lat' dir='ltr'><strong>homo</strong></span> <span class='ocrx_word' id='word_1_316' title='bbox 1234 2459 1343 2524; x_wconf 89' lang='lat' dir='ltr'><strong>emptus</strong></span> <span class='ocrx_word' id='word_1_317' title='bbox 1356 2455 1400 2524; x_wconf 90' lang='lat' dir='ltr'><strong>sit,</strong></span> <span class='ocrx_word' id='word_1_318' title='bbox 1418 2454 1595 2511; x_wconf 90' lang='lat' dir='ltr'><strong>redhibitoria</strong></span> <span class='ocrx_word' id='word_1_319' title='bbox 1607 2457 1700 2512; x_wconf 74' lang='lat' dir='ltr'><strong>actio⁸</strong></span> 
     </span>
     <span class='ocr_line' id='line_1_26' title="bbox 258 2541 1748 2613; baseline 0.005 -17"><span class='ocrx_word' id='word_1_320' title='bbox 258 2546 323 2596; x_wconf 88' lang='lat' dir='ltr'><strong>ante</strong></span> <span class='ocrx_word' id='word_1_321' title='bbox 341 2541 527 2596; x_wconf 90' lang='lat' dir='ltr'><strong>condicionem</strong></span> <span class='ocrx_word' id='word_1_322' title='bbox 546 2542 724 2597; x_wconf 84' lang='lat' dir='ltr'><strong>exsistentem</strong></span> <span class='ocrx_word' id='word_1_323' title='bbox 742 2541 873 2596; x_wconf 89' lang='lat' dir='ltr'><strong>inutiliter</strong></span> <span class='ocrx_word' id='word_1_324' title='bbox 890 2541 989 2612; x_wconf 85' lang='lat' dir='ltr'><strong>agitur,</strong></span> <span class='ocrx_word' id='word_1_325' title='bbox 1008 2543 1074 2611; x_wconf 89' lang='lat' dir='ltr'><strong>quia</strong></span> <span class='ocrx_word' id='word_1_326' title='bbox 1091 2543 1210 2598; x_wconf 87' lang='lat' dir='ltr'><strong>nondum</strong></span> <span class='ocrx_word' id='word_1_327' title='bbox 1224 2542 1347 2612; x_wconf 81' lang='lat' dir='ltr'><strong>perfecta</strong></span> <span class='ocrx_word' id='word_1_328' title='bbox 1359 2545 1462 2613; x_wconf 90' lang='lat' dir='ltr'><strong>emptio</strong></span> <span class='ocrx_word' id='word_1_329' title='bbox 1474 2543 1585 2600; x_wconf 80' lang='lat' dir='ltr'><strong>arbitrio</strong></span> <span class='ocrx_word' id='word_1_330' title='bbox 1598 2545 1699 2602; x_wconf 79' lang='lat' dir='ltr'><strong>iudicis</strong></span> <span class='ocrx_word' id='word_1_331' title='bbox 1717 2562 1748 2606; x_wconf 78' lang='lat' dir='ltr'><strong>re</strong></span> 
     </span>
     <span class='ocr_line' id='line_1_27' title="bbox 258 2628 1697 2701; baseline 0.004 -17"><span class='ocrx_word' id='word_1_332' title='bbox 258 2628 418 2699; x_wconf 83' lang='lat' dir='ltr'><strong>imperfecta</strong></span> <span class='ocrx_word' id='word_1_333' title='bbox 434 2628 493 2685; x_wconf 87' lang='lat' dir='ltr'><strong>fieri</strong></span> <span class='ocrx_word' id='word_1_334' title='bbox 511 2645 565 2686; x_wconf 89' lang='lat' dir='ltr'><strong>non</strong></span> <span class='ocrx_word' id='word_1_335' title='bbox 583 2635 689 2700; x_wconf 91' lang='lat' dir='ltr'><strong>potest:</strong></span> <span class='ocrx_word' id='word_1_336' title='bbox 711 2635 739 2686; x_wconf 90' lang='lat' dir='ltr'><strong>et</strong></span> <span class='ocrx_word' id='word_1_337' title='bbox 756 2629 818 2686; x_wconf 87' lang='lat' dir='ltr'><strong>ideo</strong></span> <span class='ocrx_word' id='word_1_338' title='bbox 837 2631 890 2686; x_wconf 88' lang='lat' dir='ltr'><strong>etsi</strong></span> <span class='ocrx_word' id='word_1_339' title='bbox 908 2636 1052 2701; x_wconf 86' lang='lat' dir='ltr'><strong>exempto</strong></span> <span class='ocrx_word' id='word_1_340' title='bbox 1071 2632 1116 2686; x_wconf 90' lang='lat' dir='ltr'><strong>uel</strong></span> <span class='ocrx_word' id='word_1_341' title='bbox 1133 2632 1247 2687; x_wconf 84' lang='lat' dir='ltr'><strong>uendite</strong></span> <span class='ocrx_word' id='word_1_342' title='bbox 1264 2633 1310 2688; x_wconf 88' lang='lat' dir='ltr'><strong>uel</strong></span> <span class='ocrx_word' id='word_1_343' title='bbox 1327 2631 1504 2688; x_wconf 87' lang='lat' dir='ltr'><strong>redhibitoria</strong></span> <span class='ocrx_word' id='word_1_344' title='bbox 1521 2638 1585 2688; x_wconf 87' lang='lat' dir='ltr'><strong>ante</strong></span> <span class='ocrx_word' id='word_1_345' title='bbox 1604 2641 1697 2690; x_wconf 88' lang='lat' dir='ltr'><strong>actum</strong></span> 
     </span>
    </p>

    <p class='ocr_par' dir='ltr' id='par_1_13' title="bbox 209 2711 1748 3057">
     <span class='ocr_line' id='line_1_28' title="bbox 209 2711 1706 2793; baseline 0.003 -18"><span class='ocrx_word' id='word_1_346' title='bbox 209 2717 353 2788; x_wconf 81' lang='lat' dir='ltr'><strong>tefuerit,</strong></span> <span class='ocrx_word' id='word_1_347' title='bbox 372 2720 482 2789; x_wconf 83' lang='lat' dir='ltr'><strong>expleta</strong></span> <span class='ocrx_word' id='word_1_348' title='bbox 499 2719 661 2774; x_wconf 90' lang='lat' dir='ltr'><strong>condicione</strong></span> <span class='ocrx_word' id='word_1_349' title='bbox 678 2720 776 2774; x_wconf 89' lang='lat' dir='ltr'><strong>iterum</strong></span> <span class='ocrx_word' id='word_1_350' title='bbox 795 2719 840 2789; x_wconf 77' lang='lat' dir='ltr'><strong>agi</strong></span> <span class='ocrx_word' id='word_1_351' title='bbox 859 2721 966 2789; x_wconf 90' lang='lat' dir='ltr'><strong>poterit.</strong></span> <span class='ocrx_word' id='word_1_352' title='bbox 1003 2721 1143 2776; x_wconf 87' lang='lat' dir='ltr'><strong>Interdum</strong></span> <span class='ocrx_word' id='word_1_353' title='bbox 1162 2721 1270 2776; x_wconf 88' lang='lat' dir='ltr'><strong>etiamsi</strong></span> <span class='ocrx_word' id='word_1_354' title='bbox 1287 2737 1357 2791; x_wconf 90' lang='lat' dir='ltr'><strong>pura</strong></span> <span class='ocrx_word' id='word_1_355' title='bbox 1375 2722 1411 2776; x_wconf 89' lang='lat' dir='ltr'><strong>sit</strong></span> <span class='ocrx_word' id='word_1_356' title='bbox 1429 2722 1566 2793; x_wconf 90' lang='lat' dir='ltr'><strong>uenditio,</strong></span> <span class='ocrx_word' id='word_1_357' title='bbox 1585 2711 1706 2793; x_wconf 71' lang='lat' dir='ltr'><strong>propter&#39;</strong></span> 
     </span>
     <span class='ocr_line' id='line_1_29' title="bbox 257 2807 1698 2880; baseline 0.004 -18"><span class='ocrx_word' id='word_1_358' title='bbox 257 2807 323 2862; x_wconf 88' lang='lat' dir='ltr'><strong>iuris</strong></span> <span class='ocrx_word' id='word_1_359' title='bbox 341 2808 528 2863; x_wconf 88' lang='lat' dir='ltr'><strong>condicionem</strong></span> <span class='ocrx_word' id='word_1_360' title='bbox 547 2807 576 2862; x_wconf 92' lang='lat' dir='ltr'><strong>in</strong></span> <span class='ocrx_word' id='word_1_361' title='bbox 594 2823 727 2878; x_wconf 88' lang='lat' dir='ltr'><strong>suspenso</strong></span> <span class='ocrx_word' id='word_1_362' title='bbox 746 2814 801 2879; x_wconf 90' lang='lat' dir='ltr'><strong>est,</strong></span> <span class='ocrx_word' id='word_1_363' title='bbox 825 2809 912 2864; x_wconf 90' lang='lat' dir='ltr'><strong>ueluti</strong></span> <span class='ocrx_word' id='word_1_364' title='bbox 930 2809 954 2863; x_wconf 90' lang='lat' dir='ltr'><strong>si</strong></span> <span class='ocrx_word' id='word_1_365' title='bbox 972 2823 1081 2880; x_wconf 87' lang='lat' dir='ltr'><strong>seruus,</strong></span> <span class='ocrx_word' id='word_1_366' title='bbox 1106 2810 1134 2866; x_wconf 93' lang='lat' dir='ltr'><strong>in</strong></span> <span class='ocrx_word' id='word_1_367' title='bbox 1153 2825 1208 2880; x_wconf 90' lang='lat' dir='ltr'><strong>quo</strong></span> <span class='ocrx_word' id='word_1_368' title='bbox 1227 2810 1338 2866; x_wconf 84' lang='lat' dir='ltr'><strong>alterius</strong></span> <span class='ocrx_word' id='word_1_369' title='bbox 1356 2825 1424 2865; x_wconf 87' lang='lat' dir='ltr'><strong>usus</strong></span> <span class='ocrx_word' id='word_1_370' title='bbox 1442 2808 1560 2880; x_wconf 83' lang='lat' dir='ltr'><strong>fructus,</strong></span> <span class='ocrx_word' id='word_1_371' title='bbox 1583 2812 1698 2868; x_wconf 86' lang='lat' dir='ltr'><strong>alterius</strong></span> 
     </span>
     <span class='ocr_line' id='line_1_30' title="bbox 256 2896 1697 2972; baseline 0.003 -22"><span class='ocrx_word' id='word_1_372' title='bbox 256 2896 410 2967; x_wconf 85' lang='lat' dir='ltr'><strong>proprietas</strong></span> <span class='ocrx_word' id='word_1_373' title='bbox 428 2903 478 2966; x_wconf 90' lang='lat' dir='ltr'><strong>est,</strong></span> <span class='ocrx_word' id='word_1_374' title='bbox 498 2896 600 2968; x_wconf 88' lang='lat' dir='ltr'><strong>aliquid</strong></span> <span class='ocrx_word' id='word_1_375' title='bbox 618 2897 726 2952; x_wconf 89' lang='lat' dir='ltr'><strong>emerit:</strong></span> <span class='ocrx_word' id='word_1_376' title='bbox 745 2913 808 2952; x_wconf 88' lang='lat' dir='ltr'><strong>nam</strong></span> <span class='ocrx_word' id='word_1_377' title='bbox 827 2897 893 2952; x_wconf 89' lang='lat' dir='ltr'><strong>dum</strong></span> <span class='ocrx_word' id='word_1_378' title='bbox 911 2898 1044 2952; x_wconf 88' lang='lat' dir='ltr'><strong>incertum</strong></span> <span class='ocrx_word' id='word_1_379' title='bbox 1063 2903 1115 2968; x_wconf 89' lang='lat' dir='ltr'><strong>est,</strong></span> <span class='ocrx_word' id='word_1_380' title='bbox 1133 2913 1168 2954; x_wconf 86' lang='lat' dir='ltr'><strong>ex</strong></span> <span class='ocrx_word' id='word_1_381' title='bbox 1186 2899 1264 2954; x_wconf 88' lang='lat' dir='ltr'><strong>cuins</strong></span> <span class='ocrx_word' id='word_1_382' title='bbox 1283 2915 1312 2955; x_wconf 90' lang='lat' dir='ltr'><strong>re</strong></span> <span class='ocrx_word' id='word_1_383' title='bbox 1329 2900 1447 2969; x_wconf 87' lang='lat' dir='ltr'><strong>pretium</strong></span> <span class='ocrx_word' id='word_1_384' title='bbox 1466 2899 1566 2970; x_wconf 86' lang='lat' dir='ltr'><strong>soluat,</strong></span> <span class='ocrx_word' id='word_1_385' title='bbox 1584 2901 1697 2972; x_wconf 84' lang='lat' dir='ltr'><strong>pendet,</strong></span> 
     </span>
     <span class='ocr_line' id='line_1_31' title="bbox 258 2985 1748 3057; baseline 0.002 -17"><span class='ocrx_word' id='word_1_386' title='bbox 258 2985 302 3040; x_wconf 93' lang='lat' dir='ltr'><strong>cui</strong></span> <span class='ocrx_word' id='word_1_387' title='bbox 320 2985 356 3039; x_wconf 89' lang='lat' dir='ltr'><strong>sit</strong></span> <span class='ocrx_word' id='word_1_388' title='bbox 374 2985 549 3054; x_wconf 91' lang='lat' dir='ltr'><strong>adquisitum,</strong></span> <span class='ocrx_word' id='word_1_389' title='bbox 569 2991 597 3040; x_wconf 92' lang='lat' dir='ltr'><strong>et</strong></span> <span class='ocrx_word' id='word_1_390' title='bbox 615 2985 677 3041; x_wconf 90' lang='lat' dir='ltr'><strong>ideo</strong></span> <span class='ocrx_word' id='word_1_391' title='bbox 695 2987 785 3040; x_wconf 90' lang='lat' dir='ltr'><strong>neutri</strong></span> <span class='ocrx_word' id='word_1_392' title='bbox 803 3001 897 3042; x_wconf 92' lang='lat' dir='ltr'><strong>eorum</strong></span> <span class='ocrx_word' id='word_1_393' title='bbox 916 2985 1093 3042; x_wconf 86' lang='lat' dir='ltr'><strong>redhibitoria</strong></span> <span class='ocrx_word' id='word_1_394' title='bbox 1110 2988 1249 3057; x_wconf 84' lang='lat' dir='ltr'><strong>competit</strong></span> <span class='ocrx_word' id='word_1_395' title='bbox 1715 3009 1748 3052; x_wconf 72' lang='grc' dir='ltr'>ιο</span> 
     </span>
    </p>

    <p class='ocr_par' dir='ltr' id='par_1_14' title="bbox 199 3071 1751 3508">
     <span class='ocr_line' id='line_1_32' title="bbox 199 3071 1746 3162; baseline 0.001 -30"><span class='ocrx_word' id='word_1_396' title='bbox 199 3074 239 3132; x_wconf 86' lang='grc'><strong>44</strong></span> <span class='ocrx_word' id='word_1_397' title='bbox 310 3075 389 3129; x_wconf 79' lang='lat' dir='ltr'><strong>Iunas</strong></span> <span class='ocrx_word' id='word_1_398' title='bbox 410 3072 479 3128; x_wconf 93' lang='lat' dir='ltr'><strong>libro</strong></span> <span class='ocrx_word' id='word_1_399' title='bbox 502 3074 624 3129; x_wconf 89' lang='lat' dir='ltr'><strong>secundo</strong></span> <span class='ocrx_word' id='word_1_400' title='bbox 642 3073 679 3128; x_wconf 87' lang='lat' dir='ltr'><strong>ad</strong></span> <span class='ocrx_word' id='word_1_401' title='bbox 696 3074 816 3130; x_wconf 88' lang='lat' dir='ltr'><strong>edictum</strong></span> <span class='ocrx_word' id='word_1_402' title='bbox 835 3073 964 3130; x_wconf 85' lang='lat' dir='ltr'><strong>aedilium</strong></span> <span class='ocrx_word' id='word_1_403' title='bbox 981 3077 1123 3132; x_wconf 87' lang='lat' dir='ltr'><strong>curulium.</strong></span> <span class='ocrx_word' id='word_1_404' title='bbox 1160 3071 1313 3132; x_wconf 87' lang='lat' dir='ltr'><strong>iustissime</strong></span> <span class='ocrx_word' id='word_1_405' title='bbox 1331 3076 1435 3133; x_wconf 86' lang='lat' dir='ltr'><strong>aediles</strong></span> <span class='ocrx_word' id='word_1_406' title='bbox 1453 3093 1500 3134; x_wconf 91' lang='lat' dir='ltr'><strong>no·</strong></span> <span class='ocrx_word' id='word_1_407' title='bbox 1519 3073 1697 3162; x_wconf 57' lang='grc' dir='ltr'>[Ιῖἶιῖιᾶἶι</span> <span class='ocrx_word' id='word_1_408' title='bbox 1715 3093 1746 3147; x_wconf 71' lang='grc' dir='ltr'><strong><em>Ε</em></strong></span> 
     </span>
     <span class='ocr_line' id='line_1_33' title="bbox 256 3161 1696 3236; baseline 0.004 -18"><span class='ocrx_word' id='word_1_409' title='bbox 256 3163 367 3218; x_wconf 88' lang='lat' dir='ltr'><strong>luerunt</strong></span> <span class='ocrx_word' id='word_1_410' title='bbox 384 3161 520 3217; x_wconf 91' lang='lat' dir='ltr'><strong>hominem</strong></span> <span class='ocrx_word' id='word_1_411' title='bbox 538 3163 564 3218; x_wconf 92' lang='lat' dir='ltr'><strong>ei</strong></span> <span class='ocrx_word' id='word_1_412' title='bbox 581 3162 622 3217; x_wconf 88' lang='lat' dir='ltr'><strong>rei</strong></span> <span class='ocrx_word' id='word_1_413' title='bbox 639 3177 710 3232; x_wconf 89' lang='lat' dir='ltr'><strong>quac</strong></span> <span class='ocrx_word' id='word_1_414' title='bbox 729 3163 841 3220; x_wconf 90' lang='lat' dir='ltr'><strong>minoris</strong></span> <span class='ocrx_word' id='word_1_415' title='bbox 859 3169 934 3219; x_wconf 88' lang='lat' dir='ltr'><strong>esset</strong></span> <span class='ocrx_word' id='word_1_416' title='bbox 951 3164 1092 3234; x_wconf 88' lang='lat' dir='ltr'><strong>accedere,</strong></span> <span class='ocrx_word' id='word_1_417' title='bbox 1110 3180 1145 3220; x_wconf 90' lang='lat' dir='ltr'><strong>ne</strong></span> <span class='ocrx_word' id='word_1_418' title='bbox 1162 3181 1219 3236; x_wconf 88' lang='lat' dir='ltr'><strong>qna</strong></span> <span class='ocrx_word' id='word_1_419' title='bbox 1235 3164 1311 3222; x_wconf 78' lang='lat' dir='ltr'><strong>frain</strong></span> <span class='ocrx_word' id='word_1_420' title='bbox 1329 3172 1378 3222; x_wconf 91' lang='lat' dir='ltr'><strong>aut</strong></span> <span class='ocrx_word' id='word_1_421' title='bbox 1395 3166 1486 3224; x_wconf 86' lang='lat' dir='ltr'><strong>edicto</strong></span> <span class='ocrx_word' id='word_1_422' title='bbox 1505 3174 1553 3222; x_wconf 91' lang='lat' dir='ltr'><strong>aut</strong></span> <span class='ocrx_word' id='word_1_423' title='bbox 1570 3169 1646 3224; x_wconf 85' lang='lat' dir='ltr'><strong>inre⁷</strong></span> <span class='ocrx_word' id='word_1_424' title='bbox 1658 3170 1696 3224; x_wconf 89' lang='lat' dir='ltr'><strong>ci-</strong></span> 
     </span>
     <span class='ocr_line' id='line_1_34' title="bbox 257 3247 1696 3325; baseline 0.008 -20"><span class='ocrx_word' id='word_1_425' title='bbox 257 3250 304 3305; x_wconf 91' lang='lat' dir='ltr'><strong>nili</strong></span> <span class='ocrx_word' id='word_1_426' title='bbox 323 3247 413 3306; x_wconf 89' lang='lat' dir='ltr'><strong>fieret:</strong></span> <span class='ocrx_word' id='word_1_427' title='bbox 438 3255 469 3306; x_wconf 90' lang='lat' dir='ltr'><strong>ut</strong></span> <span class='ocrx_word' id='word_1_428' title='bbox 492 3251 531 3306; x_wconf 88' lang='lat' dir='ltr'><strong>ait</strong></span> <span class='ocrx_word' id='word_1_429' title='bbox 548 3251 663 3321; x_wconf 89' lang='lat' dir='ltr'><strong>Pedius,</strong></span> <span class='ocrx_word' id='word_1_430' title='bbox 686 3257 798 3321; x_wconf 88' lang='lat' dir='ltr'><strong>propter</strong></span> <span class='ocrx_word' id='word_1_431' title='bbox 821 3252 984 3322; x_wconf 74' lang='lat' dir='ltr'><strong>digrdtatenr</strong></span> <span class='ocrx_word' id='word_1_432' title='bbox 1009 3253 1163 3311; x_wconf 84' lang='lat' dir='ltr'><strong>hominum:</strong></span> <span class='ocrx_word' id='word_1_433' title='bbox 1186 3255 1306 3325; x_wconf 90' lang='lat' dir='ltr'><strong>alioquin</strong></span> <span class='ocrx_word' id='word_1_434' title='bbox 1323 3255 1438 3310; x_wconf 89' lang='lat' dir='ltr'><strong>eandem</strong></span> <span class='ocrx_word' id='word_1_435' title='bbox 1457 3257 1590 3312; x_wconf 87' lang='lat' dir='ltr'><strong>rationem</strong></span> <span class='ocrx_word' id='word_1_436' title='bbox 1609 3257 1696 3316; x_wconf 81' lang='lat' dir='ltr'><strong>fuisse</strong></span> 
     </span>
     <span class='ocr_line' id='line_1_35' title="bbox 257 3339 1696 3409; baseline 0.007 -15"><span class='ocrx_word' id='word_1_437' title='bbox 257 3345 286 3394; x_wconf 89' lang='lat' dir='ltr'><strong>et</strong></span> <span class='ocrx_word' id='word_1_438' title='bbox 309 3340 338 3393; x_wconf 92' lang='lat' dir='ltr'><strong>in</strong></span> <span class='ocrx_word' id='word_1_439' title='bbox 363 3339 461 3394; x_wconf 89' lang='lat' dir='ltr'><strong>ceteris</strong></span> <span class='ocrx_word' id='word_1_440' title='bbox 485 3339 583 3395; x_wconf 89' lang='lat' dir='ltr'><strong>rebus:</strong></span> <span class='ocrx_word' id='word_1_441' title='bbox 607 3339 749 3396; x_wconf 89' lang='lat' dir='ltr'><strong>ridiculum</strong></span> <span class='ocrx_word' id='word_1_442' title='bbox 774 3355 891 3409; x_wconf 87' lang='lat' dir='ltr'><strong>namque</strong></span> <span class='ocrx_word' id='word_1_443' title='bbox 915 3357 976 3398; x_wconf 87' lang='lat' dir='ltr'><strong>esse</strong></span> <span class='ocrx_word' id='word_1_444' title='bbox 1000 3343 1109 3398; x_wconf 90' lang='lat' dir='ltr'><strong>tunicae</strong></span> <span class='ocrx_word' id='word_1_445' title='bbox 1126 3341 1241 3399; x_wconf 80' lang='lat' dir='ltr'><strong>fundum</strong></span> <span class='ocrx_word' id='word_1_446' title='bbox 1260 3343 1400 3400; x_wconf 85' lang='lat' dir='ltr'><strong>accedere.</strong></span> <span class='ocrx_word' id='word_1_447' title='bbox 1437 3350 1558 3402; x_wconf 87' lang='lat' dir='ltr'><strong>ceterum</strong></span> <span class='ocrx_word' id='word_1_448' title='bbox 1577 3346 1696 3404; x_wconf 81' lang='lat' dir='ltr'><strong>hominis</strong></span> 
     </span>
     <span class='ocr_line' id='line_1_36' title="bbox 257 3427 1751 3508; baseline 0.009 -26"><span class='ocrx_word' id='word_1_449' title='bbox 257 3427 407 3482; x_wconf 79' lang='lat' dir='ltr'><strong>conditioni</strong></span> <span class='ocrx_word' id='word_1_450' title='bbox 430 3428 539 3498; x_wconf 90' lang='lat' dir='ltr'><strong>quiduis</strong></span> <span class='ocrx_word' id='word_1_451' title='bbox 558 3429 666 3484; x_wconf 85' lang='lat' dir='ltr'><strong>adicere</strong></span> <span class='ocrx_word' id='word_1_452' title='bbox 683 3429 760 3484; x_wconf 90' lang='lat' dir='ltr'><strong>licet:</strong></span> <span class='ocrx_word' id='word_1_453' title='bbox 784 3445 847 3484; x_wconf 91' lang='lat' dir='ltr'><strong>nam</strong></span> <span class='ocrx_word' id='word_1_454' title='bbox 867 3434 895 3485; x_wconf 91' lang='lat' dir='ltr'><strong>et</strong></span> <span class='ocrx_word' id='word_1_455' title='bbox 912 3431 1072 3501; x_wconf 87' lang='lat' dir='ltr'><strong>plerumque</strong></span> <span class='ocrx_word' id='word_1_456' title='bbox 1090 3431 1151 3502; x_wconf 90' lang='lat' dir='ltr'><strong>plus</strong></span> <span class='ocrx_word' id='word_1_457' title='bbox 1169 3433 1197 3488; x_wconf 87' lang='lat' dir='ltr'><strong>ia</strong></span> <span class='ocrx_word' id='word_1_458' title='bbox 1214 3432 1323 3502; x_wconf 89' lang='lat' dir='ltr'><strong>peculio</strong></span> <span class='ocrx_word' id='word_1_459' title='bbox 1341 3437 1385 3487; x_wconf 89' lang='lat' dir='ltr'><strong>est</strong></span> <span class='ocrx_word' id='word_1_460' title='bbox 1402 3448 1484 3502; x_wconf 86' lang='lat' dir='ltr'><strong>quarn</strong></span> <span class='ocrx_word' id='word_1_461' title='bbox 1503 3435 1531 3489; x_wconf 91' lang='lat' dir='ltr'><strong>in</strong></span> <span class='ocrx_word' id='word_1_462' title='bbox 1549 3451 1644 3508; x_wconf 89' lang='lat' dir='ltr'><strong>seruo,</strong></span> <span class='ocrx_word' id='word_1_463' title='bbox 1666 3442 1696 3492; x_wconf 90' lang='lat' dir='ltr'><strong>et</strong></span> <span class='ocrx_word' id='word_1_464' title='bbox 1713 3454 1751 3498; x_wconf 70' lang='lat' dir='ltr'><strong>ss</strong></span> 
     </span>
    </p>

    <p class='ocr_par' dir='ltr' id='par_1_15' title="bbox 224 3518 1748 4038">
     <span class='ocr_line' id='line_1_37' title="bbox 224 3518 1696 3593; baseline 0.006 -20"><span class='ocrx_word' id='word_1_465' title='bbox 224 3528 238 3574; x_wconf 90' lang='lat'>1</span> <span class='ocrx_word' id='word_1_466' title='bbox 257 3532 461 3586; x_wconf 86' lang='lat' dir='ltr'><strong>nonnumquam</strong></span> <span class='ocrx_word' id='word_1_467' title='bbox 481 3519 600 3572; x_wconf 89' lang='lat' dir='ltr'><strong>uicarius</strong></span> <span class='ocrx_word' id='word_1_468' title='bbox 617 3519 666 3588; x_wconf 91' lang='lat' dir='ltr'><strong>qui</strong></span> <span class='ocrx_word' id='word_1_469' title='bbox 683 3518 791 3573; x_wconf 88' lang='lat' dir='ltr'><strong>accedit</strong></span> <span class='ocrx_word' id='word_1_470' title='bbox 807 3519 893 3589; x_wconf 91' lang='lat' dir='ltr'><strong>pluris</strong></span> <span class='ocrx_word' id='word_1_471' title='bbox 912 3523 955 3576; x_wconf 84' lang='lat' dir='ltr'><strong>cet</strong></span> <span class='ocrx_word' id='word_1_472' title='bbox 972 3536 1054 3589; x_wconf 89' lang='lat' dir='ltr'><strong>quam</strong></span> <span class='ocrx_word' id='word_1_473' title='bbox 1071 3520 1096 3576; x_wconf 87' lang='lat' dir='ltr'><strong>is</strong></span> <span class='ocrx_word' id='word_1_474' title='bbox 1114 3535 1211 3576; x_wconf 87' lang='lat' dir='ltr'><strong>seruus</strong></span> <span class='ocrx_word' id='word_1_475' title='bbox 1229 3521 1275 3592; x_wconf 93' lang='lat' dir='ltr'><strong>qui</strong></span> <span class='ocrx_word' id='word_1_476' title='bbox 1287 3522 1371 3576; x_wconf 84' lang='lat' dir='ltr'><strong>uenit</strong></span> <span class='ocrx_word' id='word_1_477' title='bbox 1399 3523 1564 3593; x_wconf 86' lang='lat' dir='ltr'><strong>Proponitur</strong></span> <span class='ocrx_word' id='word_1_478' title='bbox 1575 3526 1648 3582; x_wconf 85' lang='lat' dir='ltr'><strong>aetio</strong></span> <span class='ocrx_word' id='word_1_479' title='bbox 1660 3541 1696 3582; x_wconf 85' lang='lat' dir='ltr'><strong>ex</strong></span> 
     </span>
     <span class='ocr_line' id='line_1_38' title="bbox 256 3603 1697 3680; baseline 0.008 -21"><span class='ocrx_word' id='word_1_480' title='bbox 256 3603 309 3660; x_wconf 91' lang='lat' dir='ltr'><strong>boc</strong></span> <span class='ocrx_word' id='word_1_481' title='bbox 327 3605 418 3661; x_wconf 91' lang='lat' dir='ltr'><strong>edicto</strong></span> <span class='ocrx_word' id='word_1_482' title='bbox 437 3605 464 3660; x_wconf 94' lang='lat' dir='ltr'><strong>in</strong></span> <span class='ocrx_word' id='word_1_483' title='bbox 482 3621 544 3661; x_wconf 90' lang='lat' dir='ltr'><strong>enm</strong></span> <span class='ocrx_word' id='word_1_484' title='bbox 563 3607 642 3662; x_wconf 88' lang='lat' dir='ltr'><strong>euius</strong></span> <span class='ocrx_word' id='word_1_485' title='bbox 660 3607 782 3663; x_wconf 83' lang='lat' dir='ltr'><strong>maxima</strong></span> <span class='ocrx_word' id='word_1_486' title='bbox 798 3624 863 3677; x_wconf 85' lang='lat' dir='ltr'><strong>pare</strong></span> <span class='ocrx_word' id='word_1_487' title='bbox 881 3608 909 3663; x_wconf 90' lang='lat' dir='ltr'><strong>in</strong></span> <span class='ocrx_word' id='word_1_488' title='bbox 928 3609 1085 3664; x_wconf 88' lang='lat' dir='ltr'><strong>uenditione</strong></span> <span class='ocrx_word' id='word_1_489' title='bbox 1103 3609 1192 3679; x_wconf 80' lang='lat' dir='ltr'><strong>fuerit,</strong></span> <span class='ocrx_word' id='word_1_490' title='bbox 1212 3609 1276 3678; x_wconf 91' lang='lat' dir='ltr'><strong>quia</strong></span> <span class='ocrx_word' id='word_1_491' title='bbox 1292 3610 1453 3680; x_wconf 87' lang='lat' dir='ltr'><strong>plerumque</strong></span> <span class='ocrx_word' id='word_1_492' title='bbox 1471 3613 1639 3669; x_wconf 86' lang='lat' dir='ltr'><strong>uenaliciarii</strong></span> <span class='ocrx_word' id='word_1_493' title='bbox 1656 3616 1697 3671; x_wconf 82' lang='lat' dir='ltr'><strong>its</strong></span> 
     </span>
     <span class='ocr_line' id='line_1_39' title="bbox 256 3694 1697 3776; baseline 0.007 -27"><span class='ocrx_word' id='word_1_494' title='bbox 256 3694 417 3750; x_wconf 86' lang='lat' dir='ltr'><strong>societatem</strong></span> <span class='ocrx_word' id='word_1_495' title='bbox 436 3701 544 3765; x_wconf 73' lang='lat' dir='ltr'><strong>cocum,</strong></span> <span class='ocrx_word' id='word_1_496' title='bbox 562 3699 594 3750; x_wconf 92' lang='lat' dir='ltr'><strong>ut</strong></span> <span class='ocrx_word' id='word_1_497' title='bbox 612 3695 746 3776; x_wconf 90' lang='lat' dir='ltr'><strong>quidquid</strong></span> <span class='ocrx_word' id='word_1_498' title='bbox 764 3703 850 3766; x_wconf 83' lang='lat' dir='ltr'><strong>agunt</strong></span> <span class='ocrx_word' id='word_1_499' title='bbox 867 3698 895 3752; x_wconf 93' lang='lat' dir='ltr'><strong>in</strong></span> <span class='ocrx_word' id='word_1_500' title='bbox 913 3712 1057 3754; x_wconf 87' lang='lat' dir='ltr'><strong>commune</strong></span> <span class='ocrx_word' id='word_1_501' title='bbox 1073 3699 1218 3754; x_wconf 87' lang='lat' dir='ltr'><strong>uideantur</strong></span> <span class='ocrx_word' id='word_1_502' title='bbox 1230 3713 1325 3768; x_wconf 78' lang='lat' dir='ltr'><strong>agere:</strong></span> <span class='ocrx_word' id='word_1_503' title='bbox 1344 3713 1462 3768; x_wconf 60' lang='lat' dir='ltr'><strong>mcum</strong></span> <span class='ocrx_word' id='word_1_504' title='bbox 1474 3701 1548 3756; x_wconf 89' lang='lat' dir='ltr'><strong>enim</strong></span> <span class='ocrx_word' id='word_1_505' title='bbox 1561 3703 1697 3759; x_wconf 83' lang='lat' dir='ltr'><strong>aeddibns</strong></span> 
     </span>
     <span class='ocr_line' id='line_1_40' title="bbox 256 3783 1697 3859; baseline 0.008 -22"><span class='ocrx_word' id='word_1_506' title='bbox 256 3783 347 3838; x_wconf 88' lang='lat' dir='ltr'><strong>uisum</strong></span> <span class='ocrx_word' id='word_1_507' title='bbox 372 3789 414 3838; x_wconf 91' lang='lat' dir='ltr'><strong>est</strong></span> <span class='ocrx_word' id='word_1_508' title='bbox 437 3783 481 3838; x_wconf 93' lang='lat' dir='ltr'><strong>uel</strong></span> <span class='ocrx_word' id='word_1_509' title='bbox 504 3783 532 3838; x_wconf 93' lang='lat' dir='ltr'><strong>in</strong></span> <span class='ocrx_word' id='word_1_510' title='bbox 556 3799 640 3839; x_wconf 91' lang='lat' dir='ltr'><strong>unum</strong></span> <span class='ocrx_word' id='word_1_511' title='bbox 664 3799 699 3840; x_wconf 85' lang='lat' dir='ltr'><strong>er</strong></span> <span class='ocrx_word' id='word_1_512' title='bbox 722 3785 778 3855; x_wconf 91' lang='lat' dir='ltr'><strong>his,</strong></span> <span class='ocrx_word' id='word_1_513' title='bbox 802 3787 879 3841; x_wconf 90' lang='lat' dir='ltr'><strong>cuius</strong></span> <span class='ocrx_word' id='word_1_514' title='bbox 900 3787 987 3842; x_wconf 88' lang='lat' dir='ltr'><strong>maior</strong></span> <span class='ocrx_word' id='word_1_515' title='bbox 1004 3803 1068 3857; x_wconf 88' lang='lat' dir='ltr'><strong>pars</strong></span> <span class='ocrx_word' id='word_1_516' title='bbox 1087 3793 1135 3842; x_wconf 91' lang='lat' dir='ltr'><strong>aut</strong></span> <span class='ocrx_word' id='word_1_517' title='bbox 1152 3789 1227 3843; x_wconf 88' lang='lat' dir='ltr'><strong>nulla</strong></span> <span class='ocrx_word' id='word_1_518' title='bbox 1244 3793 1322 3858; x_wconf 86' lang='lat' dir='ltr'><strong>parte</strong></span> <span class='ocrx_word' id='word_1_519' title='bbox 1340 3787 1428 3843; x_wconf 92' lang='lat' dir='ltr'><strong>minor</strong></span> <span class='ocrx_word' id='word_1_520' title='bbox 1446 3794 1533 3859; x_wconf 82' lang='lat' dir='ltr'><strong>esset,</strong></span> <span class='ocrx_word' id='word_1_521' title='bbox 1556 3791 1697 3848; x_wconf 79' lang='lat' dir='ltr'><strong>aedilicias</strong></span> 
     </span>
     <span class='ocr_line' id='line_1_41' title="bbox 257 3873 1748 3950; baseline 0.01 -24"><span class='ocrx_word' id='word_1_522' title='bbox 257 3873 379 3928; x_wconf 87' lang='lat' dir='ltr'><strong>actiones</strong></span> <span class='ocrx_word' id='word_1_523' title='bbox 398 3877 562 3942; x_wconf 88' lang='lat' dir='ltr'><strong>competere,</strong></span> <span class='ocrx_word' id='word_1_524' title='bbox 582 3887 616 3928; x_wconf 89' lang='lat' dir='ltr'><strong>nc</strong></span> <span class='ocrx_word' id='word_1_525' title='bbox 634 3878 779 3944; x_wconf 86' lang='lat' dir='ltr'><strong>cogeretur</strong></span> <span class='ocrx_word' id='word_1_526' title='bbox 797 3879 904 3945; x_wconf 91' lang='lat' dir='ltr'><strong>emptor</strong></span> <span class='ocrx_word' id='word_1_527' title='bbox 922 3891 983 3930; x_wconf 90' lang='lat' dir='ltr'><strong>cum</strong></span> <span class='ocrx_word' id='word_1_528' title='bbox 1002 3877 1096 3932; x_wconf 88' lang='lat' dir='ltr'><strong>multis</strong></span> <span class='ocrx_word' id='word_1_529' title='bbox 1113 3877 1229 3946; x_wconf 80' lang='lat' dir='ltr'><strong>litigare,</strong></span> <span class='ocrx_word' id='word_1_530' title='bbox 1248 3877 1374 3948; x_wconf 81' lang='lat' dir='ltr'><strong>quamuis</strong></span> <span class='ocrx_word' id='word_1_531' title='bbox 1392 3878 1465 3932; x_wconf 85' lang='lat' dir='ltr'><strong>actio</strong></span> <span class='ocrx_word' id='word_1_532' title='bbox 1479 3893 1514 3934; x_wconf 84' lang='lat' dir='ltr'><strong>ex</strong></span> <span class='ocrx_word' id='word_1_533' title='bbox 1526 3885 1621 3950; x_wconf 87' lang='lat' dir='ltr'><strong>empto</strong></span> <span class='ocrx_word' id='word_1_534' title='bbox 1633 3897 1697 3937; x_wconf 89' lang='lat' dir='ltr'><strong>cum</strong></span> <span class='ocrx_word' id='word_1_535' title='bbox 1713 3900 1748 3942; x_wconf 78' lang='lat' dir='ltr'><strong>ao</strong></span> 
     </span>
     <span class='ocr_line' id='line_1_42' title="bbox 257 3960 1696 4038; baseline 0.008 -24"><span class='ocrx_word' id='word_1_536' title='bbox 257 3961 372 4029; x_wconf 85' lang='lat' dir='ltr'><strong>singulis</strong></span> <span class='ocrx_word' id='word_1_537' title='bbox 390 3960 426 4014; x_wconf 90' lang='lat' dir='ltr'><strong>sit</strong></span> <span class='ocrx_word' id='word_1_538' title='bbox 444 3977 493 4030; x_wconf 93' lang='lat' dir='ltr'><strong>pro</strong></span> <span class='ocrx_word' id='word_1_539' title='bbox 511 3962 646 4032; x_wconf 90' lang='lat' dir='ltr'><strong>portione,</strong></span> <span class='ocrx_word' id='word_1_540' title='bbox 664 3977 719 4032; x_wconf 92' lang='lat' dir='ltr'><strong>qua</strong></span> <span class='ocrx_word' id='word_1_541' title='bbox 737 3963 804 4018; x_wconf 90' lang='lat' dir='ltr'><strong>socii</strong></span> <span class='ocrx_word' id='word_1_542' title='bbox 821 3961 944 4020; x_wconf 85' lang='lat' dir='ltr'><strong>fuerunt:</strong></span> <span class='ocrx_word' id='word_1_543' title='bbox 963 3981 1026 4020; x_wconf 89' lang='lat' dir='ltr'><strong>nam</strong></span> <span class='ocrx_word' id='word_1_544' title='bbox 1044 3965 1072 4021; x_wconf 91' lang='lat' dir='ltr'><strong>id</strong></span> <span class='ocrx_word' id='word_1_545' title='bbox 1089 3981 1177 4036; x_wconf 85' lang='lat' dir='ltr'><strong>genus</strong></span> <span class='ocrx_word' id='word_1_546' title='bbox 1195 3965 1334 4022; x_wconf 90' lang='lat' dir='ltr'><strong>hominum</strong></span> <span class='ocrx_word' id='word_1_547' title='bbox 1353 3966 1390 4021; x_wconf 87' lang='lat' dir='ltr'><strong>ad</strong></span> <span class='ocrx_word' id='word_1_548' title='bbox 1407 3967 1512 4022; x_wconf 86' lang='lat' dir='ltr'><strong>lucrum</strong></span> <span class='ocrx_word' id='word_1_549' title='bbox 1528 3969 1620 4038; x_wconf 83' lang='lat' dir='ltr'><strong>potius</strong></span> <span class='ocrx_word' id='word_1_550' title='bbox 1633 3971 1696 4026; x_wconf 79' lang='lat' dir='ltr'><strong>nsl⁸</strong></span> 
     </span>
    </p>
   </div>
   <div class='ocr_carea' id='block_1_3' title="bbox 255 4065 422 4137">
    <p class='ocr_par' dir='ltr' id='par_1_16' title="bbox 255 4065 422 4137">
     <span class='ocr_line' id='line_1_43' title="bbox 255 4065 422 4137; baseline 0.006 -1"><span class='ocrx_word' id='word_1_551' title='bbox 255 4065 422 4137; x_wconf 81' lang='lat' dir='ltr'><strong>FlP(VU)]</strong></span> 
     </span>
    </p>
   </div>
   <div class='ocr_carea' id='block_1_4' title="bbox 256 4227 1698 4368">
    <p class='ocr_par' dir='ltr' id='par_1_17' title="bbox 256 4227 1698 4368">
     <span class='ocr_line' id='line_1_44' title="bbox 257 4227 1698 4296; baseline 0.008 -16"><span class='ocrx_word' id='word_1_552' title='bbox 257 4228 319 4280; x_wconf 87' lang='lat' dir='ltr'><strong>¹eo</strong></span> <span class='ocrx_word' id='word_1_553' title='bbox 339 4235 385 4280; x_wconf 82' lang='lat' dir='ltr'><strong>lna.</strong></span> <span class='ocrx_word' id='word_1_554' title='bbox 474 4227 598 4282; x_wconf 80' lang='lat' dir='ltr'><strong>’demit</strong></span> <span class='ocrx_word' id='word_1_555' title='bbox 687 4228 801 4296; x_wconf 75' lang='lat' dir='ltr'><strong>³quare</strong></span> <span class='ocrx_word' id='word_1_556' title='bbox 819 4238 867 4284; x_wconf 78' lang='lat' dir='ltr'><strong>lae.</strong></span> <span class='ocrx_word' id='word_1_557' title='bbox 956 4229 1165 4288; x_wconf 81' lang='lat' dir='ltr'><strong>⁴redhiberet?</strong></span> <span class='ocrx_word' id='word_1_558' title='bbox 1254 4231 1433 4288; x_wconf 82' lang='lat' dir='ltr'><strong>‘redhibeti</strong></span> <span class='ocrx_word' id='word_1_559' title='bbox 1520 4233 1631 4292; x_wconf 82' lang='lat' dir='ltr'><strong>⁶actio</strong></span> <span class='ocrx_word' id='word_1_560' title='bbox 1649 4237 1698 4291; x_wconf 79' lang='lat' dir='ltr'><strong>del.</strong></span> 
     </span>
     <span class='ocr_line' id='line_1_45' title="bbox 256 4297 829 4368; baseline 0.005 -17"><span class='ocrx_word' id='word_1_561' title='bbox 256 4297 267 4334; x_wconf 78' lang='lat'>⁷</span> <span class='ocrx_word' id='word_1_562' title='bbox 285 4297 337 4351; x_wconf 91' lang='lat' dir='ltr'><strong>iuri</strong></span> <span class='ocrx_word' id='word_1_563' title='bbox 355 4297 454 4365; x_wconf 66' lang='lat' dir='ltr'><strong>(addit</strong></span> <span class='ocrx_word' id='word_1_564' title='bbox 525 4301 537 4334; x_wconf 81' lang='lat'>⁸</span> <span class='ocrx_word' id='word_1_565' title='bbox 555 4299 601 4353; x_wconf 89' lang='lat' dir='ltr'><strong>uel</strong></span> <span class='ocrx_word' id='word_1_566' title='bbox 616 4299 709 4368; x_wconf 91' lang='lat' dir='ltr'><strong>potins</strong></span> <span class='ocrx_word' id='word_1_567' title='bbox 727 4299 829 4368; x_wconf 64' lang='lat' dir='ltr'><strong>(Helii</strong></span> 
     </span>
    </p>
   </div>
   <div class='ocr_carea' id='block_1_5' title="bbox 255 4407 421 4416">
    <p class='ocr_par' dir='ltr' id='par_1_18' title="bbox 255 4407 421 4416">
     <span class='ocr_line' id='line_1_46' title="bbox 255 4407 421 4416; baseline -0.012 0"><span class='ocrx_word' id='word_1_568' title='bbox 255 4407 421 4416; x_wconf 47' lang='lat' dir='ltr'>...nn-——Q</span> 
     </span>
    </p>
   </div>
   <div class='ocr_carea' id='block_1_6' title="bbox 187 4454 1698 5104">
    <p class='ocr_par' dir='ltr' id='par_1_19' title="bbox 187 4454 1698 5104">
     <span class='ocr_line' id='line_1_47' title="bbox 187 4454 1698 4536; baseline 0.01 -29"><span class='ocrx_word' id='word_1_569' title='bbox 187 4513 192 4520; x_wconf 54' lang='grc'>,</span> <span class='ocrx_word' id='word_1_570' title='bbox 256 4454 435 4510; x_wconf 91' lang='lat' dir='ltr'><strong>luidcuitnr</strong></span> <span class='ocrx_word' id='word_1_571' title='bbox 462 4456 494 4508; x_wconf 63' lang='grc' dir='ltr'><strong>Ρ</strong></span> <span class='ocrx_word' id='word_1_572' title='bbox 515 4457 519 4523; x_wconf 91' lang='grc' dir='ltr'>Ι</span> <span class='ocrx_word' id='word_1_573' title='bbox 540 4471 630 4510; x_wconf 89' lang='lat' dir='ltr'><strong>rerum</strong></span> <span class='ocrx_word' id='word_1_574' title='bbox 655 4476 703 4510; x_wconf 87' lang='lat' dir='ltr'><strong>om.</strong></span> <span class='ocrx_word' id='word_1_575' title='bbox 716 4458 806 4514; x_wconf 84' lang='lat' dir='ltr'><em>PVU·</em></span> <span class='ocrx_word' id='word_1_576' title='bbox 827 4459 831 4526; x_wconf 92' lang='grc' dir='ltr'>Ι</span> <span class='ocrx_word' id='word_1_577' title='bbox 852 4461 947 4529; x_wconf 91' lang='lat' dir='ltr'><strong>quanti</strong></span> <span class='ocrx_word' id='word_1_578' title='bbox 999 4459 1089 4532; x_wconf 87' lang='lat' dir='ltr'><strong>betur]</strong></span> <span class='ocrx_word' id='word_1_579' title='bbox 1107 4463 1152 4527; x_wconf 64' lang='lat'><strong>1⁸¹,</strong></span> <span class='ocrx_word' id='word_1_580' title='bbox 1173 4461 1351 4518; x_wconf 90' lang='lat' dir='ltr'><strong>redhibeatur</strong></span> <span class='ocrx_word' id='word_1_581' title='bbox 1371 4463 1474 4528; x_wconf 83' lang='lat' dir='ltr'><strong>F²PU,</strong></span> <span class='ocrx_word' id='word_1_582' title='bbox 1495 4466 1546 4536; x_wconf 71' lang='lat' dir='ltr'><strong>defi</strong></span> <span class='ocrx_word' id='word_1_583' title='bbox 1562 4465 1597 4520; x_wconf 86' lang='lat' dir='ltr'><strong>V·</strong></span> <span class='ocrx_word' id='word_1_584' title='bbox 1618 4467 1623 4532; x_wconf 86' lang='lat' dir='ltr'><strong>l</strong></span> <span class='ocrx_word' id='word_1_585' title='bbox 1643 4466 1698 4522; x_wconf 89' lang='lat' dir='ltr'><strong>nisi</strong></span> 
     </span>
     <span class='ocr_line' id='line_1_48' title="bbox 255 4525 1698 4604; baseline 0.009 -25"><span class='ocrx_word' id='word_1_586' title='bbox 255 4525 394 4594; x_wconf 91' lang='lat' dir='ltr'><strong>damnum]</strong></span> <span class='ocrx_word' id='word_1_587' title='bbox 416 4527 460 4592; x_wconf 78' lang='lat' dir='ltr'><strong>F1,</strong></span> <span class='ocrx_word' id='word_1_588' title='bbox 483 4532 615 4596; x_wconf 88' lang='lat' dir='ltr'><strong>quantum</strong></span> <span class='ocrx_word' id='word_1_589' title='bbox 639 4527 768 4584; x_wconf 89' lang='lat' dir='ltr'><strong>damnum</strong></span> <span class='ocrx_word' id='word_1_590' title='bbox 793 4531 946 4597; x_wconf 74' lang='lat' dir='ltr'><strong>F’P0V0ll,</strong></span> <span class='ocrx_word' id='word_1_591' title='bbox 999 4534 1171 4604; x_wconf 88' lang='lat' dir='ltr'><strong>redemptum</strong></span> <span class='ocrx_word' id='word_1_592' title='bbox 1266 4536 1302 4590; x_wconf 81' lang='lat'><strong>24</strong></span> <span class='ocrx_word' id='word_1_593' title='bbox 1323 4534 1483 4591; x_wconf 87' lang='lat' dir='ltr'><strong>redhibetur</strong></span> <span class='ocrx_word' id='word_1_594' title='bbox 1511 4556 1560 4590; x_wconf 84' lang='lat' dir='ltr'><strong>om.</strong></span> <span class='ocrx_word' id='word_1_595' title='bbox 1584 4537 1698 4592; x_wconf 81' lang='lat' dir='ltr'><em>PVU·?</em></span> 
     </span>
     <span class='ocr_line' id='line_1_49' title="bbox 398 4597 1574 4738; baseline 0.009 -15.702"><span class='ocrx_word' id='word_1_596' title='bbox 255 4597 827 4738; x_wconf 69' lang='grc' dir='ltr'>ιιιιιιιιιιι</span> <span class='ocrx_word' id='word_1_597' title='bbox 858 4604 947 4728; x_wconf 80' lang='grc' dir='ltr'><strong>ιι</strong></span> <span class='ocrx_word' id='word_1_598' title='bbox 1000 4604 1153 4730; x_wconf 77' lang='grc' dir='ltr'><strong>ιιι</strong></span> <span class='ocrx_word' id='word_1_599' title='bbox 1314 4607 1318 4672; x_wconf 76' lang='lat'><strong>¹</strong></span> <span class='ocrx_word' id='word_1_600' title='bbox 1333 4605 1574 4733; x_wconf 71' lang='grc' dir='ltr'>ιιιι</span> 
     </span>
     <span class='ocr_line' id='line_1_50' title="bbox 254 4667 1697 4815; baseline 0.008 -20"><span class='ocrx_word' id='word_1_601' title='bbox 254 4667 368 4808; x_wconf 52' lang='grc' dir='ltr'>ἓυὲἒέςιι</span> <span class='ocrx_word' id='word_1_602' title='bbox 380 4690 488 4809; x_wconf 50' lang='lat' dir='ltr'><strong>necim‘exn]</strong></span> <span class='ocrx_word' id='word_1_603' title='bbox 502 4738 568 4808; x_wconf 84' lang='lat' dir='ltr'><strong>lnge</strong></span> <span class='ocrx_word' id='word_1_604' title='bbox 577 4757 632 4795; x_wconf 90' lang='lat' dir='ltr'><strong>non</strong></span> <span class='ocrx_word' id='word_1_605' title='bbox 641 4691 753 4808; x_wconf 45' lang='lat' dir='ltr'><strong>Philia</strong></span> <span class='ocrx_word' id='word_1_606' title='bbox 765 4743 947 4814; x_wconf 72' lang='lat' dir='ltr'><strong>mgereP¹U⁸</strong></span> <span class='ocrx_word' id='word_1_607' title='bbox 1000 4693 1089 4815; x_wconf 56' lang='lat' dir='ltr'><strong>nlelque</strong></span> <span class='ocrx_word' id='word_1_608' title='bbox 1112 4694 1207 4812; x_wconf 59' lang='lat' dir='ltr'><strong>P0&#39;V011</strong></span> <span class='ocrx_word' id='word_1_609' title='bbox 1222 4696 1477 4814; x_wconf 40' lang='lat' dir='ltr'><strong>‘eigilisp‘tliierattaciffq</strong></span> <span class='ocrx_word' id='word_1_610' title='bbox 1495 4685 1697 4808; x_wconf 45' lang='lat' dir='ltr'><strong>ciuillinsi&#39;riblul‘l·</strong></span> 
     </span>
     <span class='ocr_line' id='line_1_51' title="bbox 255 4812 1695 4904; baseline 0.009 -38"><span class='ocrx_word' id='word_1_611' title='bbox 255 4813 289 4866; x_wconf 87' lang='lat'><strong>18</strong></span> <span class='ocrx_word' id='word_1_612' title='bbox 308 4812 421 4896; x_wconf 39' lang='lat' dir='ltr'><strong>nulliusl·</strong></span> <span class='ocrx_word' id='word_1_613' title='bbox 438 4812 527 4896; x_wconf 80' lang='lat' dir='ltr'><strong>nullus</strong></span> <span class='ocrx_word' id='word_1_614' title='bbox 547 4812 632 4896; x_wconf 69' lang='lat' dir='ltr'><strong>F·P·,</strong></span> <span class='ocrx_word' id='word_1_615' title='bbox 651 4814 730 4868; x_wconf 90' lang='lat' dir='ltr'><strong>nullis</strong></span> <span class='ocrx_word' id='word_1_616' title='bbox 752 4815 812 4884; x_wconf 81' lang='lat' dir='ltr'><strong>U⁰·l</strong></span> <span class='ocrx_word' id='word_1_617' title='bbox 833 4815 945 4902; x_wconf 79' lang='lat' dir='ltr'><strong>domini]</strong></span> <span class='ocrx_word' id='word_1_618' title='bbox 999 4819 1034 4902; x_wconf 76' lang='lat'><strong>3:⁹¹</strong></span> <span class='ocrx_word' id='word_1_619' title='bbox 1048 4817 1183 4886; x_wconf 84' lang='lat' dir='ltr'><strong>suisseet]</strong></span> <span class='ocrx_word' id='word_1_620' title='bbox 1197 4815 1353 4883; x_wconf 77' lang='lat' dir='ltr'><strong>irriseetP·,</strong></span> <span class='ocrx_word' id='word_1_621' title='bbox 1367 4817 1565 4904; x_wconf 32' lang='lat' dir='ltr'><strong>fuisselP‘VU</strong></span> <span class='ocrx_word' id='word_1_622' title='bbox 1605 4824 1695 4879; x_wconf 74' lang='lat' dir='ltr'><strong>34re</strong></span> 
     </span>
     <span class='ocr_line' id='line_1_52' title="bbox 253 4882 1695 4956; baseline 0.01 -20"><span class='ocrx_word' id='word_1_623' title='bbox 253 4883 322 4947; x_wconf 85' lang='lat' dir='ltr'><em>FP·‚</em></span> <span class='ocrx_word' id='word_1_624' title='bbox 349 4883 461 4938; x_wconf 83' lang='lat' dir='ltr'><strong>dominu</strong></span> <span class='ocrx_word' id='word_1_625' title='bbox 492 4883 532 4946; x_wconf 70' lang='grc' dir='ltr'><strong>θ’,</strong></span> <span class='ocrx_word' id='word_1_626' title='bbox 559 4882 670 4939; x_wconf 88' lang='lat' dir='ltr'><strong>dommo</strong></span> <span class='ocrx_word' id='word_1_627' title='bbox 697 4885 788 4940; x_wconf 71' lang='lat' dir='ltr'><em>P‘U‘:</em></span> <span class='ocrx_word' id='word_1_628' title='bbox 820 4887 884 4942; x_wconf 73' lang='lat' dir='ltr'><strong>inea</strong></span> <span class='ocrx_word' id='word_1_629' title='bbox 911 4907 945 4943; x_wconf 77' lang='lat' dir='ltr'><strong>aa</strong></span> <span class='ocrx_word' id='word_1_630' title='bbox 999 4889 1119 4944; x_wconf 77' lang='lat' dir='ltr'><strong>duculum</strong></span> <span class='ocrx_word' id='word_1_631' title='bbox 1141 4889 1175 4942; x_wconf 83' lang='lat' dir='ltr'><strong>F¹</strong></span> <span class='ocrx_word' id='word_1_632' title='bbox 1196 4893 1201 4956; x_wconf 85' lang='grc' dir='ltr'>Ι</span> <span class='ocrx_word' id='word_1_633' title='bbox 1221 4893 1342 4945; x_wconf 86' lang='lat' dir='ltr'><strong>ceterum</strong></span> <span class='ocrx_word' id='word_1_634' title='bbox 1362 4889 1478 4946; x_wconf 87' lang='lat' dir='ltr'><strong>bomrms</strong></span> <span class='ocrx_word' id='word_1_635' title='bbox 1496 4892 1651 4950; x_wconf 88' lang='lat' dir='ltr'><strong>uenditioni</strong></span> <span class='ocrx_word' id='word_1_636' title='bbox 1669 4904 1695 4949; x_wconf 79' lang='lat' dir='ltr'><strong>la</strong></span> 
     </span>
     <span class='ocr_line' id='line_1_53' title="bbox 255 4951 1693 5034; baseline 0.01 -27"><span class='ocrx_word' id='word_1_637' title='bbox 255 4954 377 5024; x_wconf 73' lang='grc' dir='ltr'>ογιιφὲρει</span> <span class='ocrx_word' id='word_1_638' title='bbox 397 4956 436 5022; x_wconf 85' lang='grc' dir='ltr'><strong>τῷ</strong></span> <span class='ocrx_word' id='word_1_639' title='bbox 455 4951 582 5032; x_wconf 64' lang='lat' dir='ltr'><strong>dropacrri</strong></span> <span class='ocrx_word' id='word_1_640' title='bbox 602 4954 669 5024; x_wconf 78' lang='grc' dir='ltr'>ἒχεικ</span> <span class='ocrx_word' id='word_1_641' title='bbox 689 4954 768 5017; x_wconf 63' lang='lat' dir='ltr'><strong>airon</strong></span> <span class='ocrx_word' id='word_1_642' title='bbox 789 4959 815 5012; x_wconf 94' lang='lat' dir='ltr'><em>B</em></span> <span class='ocrx_word' id='word_1_643' title='bbox 834 4959 945 5030; x_wconf 83' lang='lat' dir='ltr'><strong>(Tipuc.)</strong></span> <span class='ocrx_word' id='word_1_644' title='bbox 998 4962 1135 5026; x_wconf 77' lang='lat' dir='ltr'><strong>lituraF²,</strong></span> <span class='ocrx_word' id='word_1_645' title='bbox 1155 4962 1252 5017; x_wconf 54' lang='grc' dir='ltr'><strong>ΜΡ</strong></span> <span class='ocrx_word' id='word_1_646' title='bbox 1296 4963 1332 5016; x_wconf 84' lang='grc'><strong>36</strong></span> <span class='ocrx_word' id='word_1_647' title='bbox 1350 4963 1510 5018; x_wconf 55' lang='lat' dir='ltr'><strong>acediari</strong></span> <span class='ocrx_word' id='word_1_648' title='bbox 1525 4963 1581 5034; x_wconf 79' lang='lat' dir='ltr'><strong>lis]</strong></span> <span class='ocrx_word' id='word_1_649' title='bbox 1599 4965 1630 5020; x_wconf 92' lang='lat' dir='ltr'><strong>id</strong></span> <span class='ocrx_word' id='word_1_650' title='bbox 1647 4967 1693 5031; x_wconf 86' lang='lat' dir='ltr'><strong>P·‚</strong></span> 
     </span>
     <span class='ocr_line' id='line_1_54' title="bbox 254 5008 1350 5104; baseline 0.008 -27"><span class='ocrx_word' id='word_1_651' title='bbox 254 5023 551 5096; x_wconf 62' lang='lat' dir='ltr'><strong>alfraudarewr’dt,</strong></span> <span class='ocrx_word' id='word_1_652' title='bbox 564 5008 775 5083; x_wconf 62' lang='lat' dir='ltr'><strong>lurocurte·</strong></span> <span class='ocrx_word' id='word_1_653' title='bbox 811 5030 946 5086; x_wconf 73' lang='lat' dir='ltr'><strong>aereru-</strong></span> <span class='ocrx_word' id='word_1_654' title='bbox 1000 5039 1048 5086; x_wconf 66' lang='lat' dir='ltr'><strong>ae.</strong></span> <span class='ocrx_word' id='word_1_655' title='bbox 1065 5031 1099 5086; x_wconf 87' lang='lat' dir='ltr'><strong>u·</strong></span> <span class='ocrx_word' id='word_1_656' title='bbox 1151 5033 1186 5088; x_wconf 81' lang='lat' dir='ltr'><strong>aa</strong></span> <span class='ocrx_word' id='word_1_657' title='bbox 1204 5048 1305 5104; x_wconf 64' lang='lat' dir='ltr'><strong>quum</strong></span> <span class='ocrx_word' id='word_1_658' title='bbox 1323 5034 1350 5086; x_wconf 80' lang='lat' dir='ltr'><strong>a</strong></span> 
     </span>
    </p>
   </div>
   <div class='ocr_carea' id='block_1_7' title="bbox 0 0 1888 5554">
    <p class='ocr_par' dir='ltr' id='par_1_20' title="bbox 0 0 1888 5554">
     <span class='ocr_line' id='line_1_55' title="bbox 0 0 1888 5554; baseline 0 2"><span class='ocrx_word' id='word_1_659' title='bbox 0 0 1888 5554; x_wconf 95' lang='lat' dir='ltr'><strong> </strong></span> 
     </span>
    </p>
   </div>
  </div>
 </body>
</html>
