3696 5568
853 975 1134 1055 EXPLICATIO

687 1140 934 1199 erouoeuu
964 1141 1303 1208 uorsseuouu

915 1326 1073 1334 ————-

273 1396 294 1450 I.
319 1395 350 1450 ln
369 1398 457 1450 textui.

308 1509 418 1556 omisis
436 1503 527 1556 littere
545 1499 569 1556 si
587 1514 642 1569 qua
659 1514 792 1571 expressa
810 1504 875 1554 eunt
892 1499 921 1554 in
938 1497 1084 1554 uerborum
1104 1499 1200 1555 ordine
1218 1499 1322 1556 scilicet
1333 1497 1501 1568 Latinorum,
1520 1497 1557 1554 ibi
1576 1499 1710 1570 scriptura

431 1591 460 1646 in
478 1589 627 1646 editionem
644 1593 756 1660 recepta
779 1588 898 1645 discedit
921 1589 1112 1644 aFlorentinn
1131 1587 1214 1658 libro,
1238 1589 1278 1643 ita
1294 1591 1401 1659 tamen,
1419 1593 1464 1658 ut,
1482 1588 1541 1644 siue
1559 1588 1634 1658 prior
1650 1589 1709 1643 sine

430 1680 566 1750 posterior
584 1679 643 1735 eius
661 1679 796 1749 scriptura
815 1678 935 1734 admissa
953 1679 998 1748 sit,
1017 1694 1050 1735 ea
1068 1679 1237 1750 exprimatur
1252 1679 1334 1734 rectis
1347 1678 1454 1747 litteris,
1472 1677 1572 1733 deinde
1584 1679 1709 1734 cursiuae

430 1784 465 1824 ne
488 1767 681 1840 adhibeantur,
705 1767 752 1824 ubl
776 1769 892 1823 mutatio
915 1782 970 1823 non
993 1773 1036 1823 est
1058 1769 1110 1824 nisi
1134 1767 1353 1838 orthographica
1387 1773 1507 1823 ceterum
1530 1782 1584 1822 non
1602 1772 1708 1822 tantum

430 1857 478 1914 ubi
499 1859 606 1914 litterae
629 1856 765 1928 quaedam
790 1856 901 1913 additae
919 1861 984 1913 sunt
1001 1857 1046 1912 nel
1065 1863 1201 1928 mumtae,
1226 1873 1275 1912 eae
1294 1857 1469 1926 inclinantur,
1492 1856 1643 1912 sedetiam
1661 1855 1709 1912 ubi

431 1947 565 2018 quaedam
596 1946 722 2004 sublatae
748 1953 813 2003 suut
837 1949 872 2015 (e.
890 1961 914 2001 o.
933 1945 960 2015 l,
979 1947 1046 2016 310,
1063 1947 1103 2016 l),
1131 1962 1166 2002 ne
1189 1945 1317 2002 fallantur
1339 1947 1386 2016 qui
1408 1947 1517 2016 legunt,
1545 1946 1709 2002 inclinantur

449 2051 571 2091 roxrmae
608 2051 660 2092 nac
679 2050 723 2091 ue.

308 2127 318 2148 ’
338 2052 500 2181 perlapsum
518 2126 547 2182 iu
564 2052 749 2196 primaqparte
767 2123 858 2196 operis
876 2123 1041 2194 praescripsi
1053 2122 1195 2179 uocabulis
1207 2123 1249 2193 iis,
1270 2138 1341 2193 quae
1353 2124 1381 2178 in
1393 2127 1499 2178 textum
1512 2126 1623 2192 recepta
1635 2125 1708 2192 sunt,

430 2230 492 2270 cum
511 2230 600 2284 neque
619 2215 681 2270 ullis
699 2213 775 2270 libris
793 2229 882 2284 neque
898 2215 1005 2270 Graeca
1022 2215 1149 2270 uersione
1166 2214 1234 2269 satis
1252 2213 1472 2270 defenderentur.
1499 2212 1552 2269 boc
1569 2217 1662 2268 umen
1680 2216 1709 2268 et

321 2290 324 2296 ’
429 2303 468 2360 ibi
485 2305 658 2375 paucissimis
676 2305 743 2360 locis
761 2304 814 2360 ieci
833 2310 862 2360 et
879 2321 943 2360 mor
963 2304 1051 2373 omisi,
1069 2303 1292 2360 secundariorum
1309 2303 1438 2359 librorum
1457 2303 1573 2359 edoctus
1591 2301 1707 2357 auctori·

428 2399 514 2450 tatem
532 2395 615 2450 etiam
635 2394 765 2450 minorem
784 2408 946 2463 essequam
965 2394 1030 2449 olim
1048 2397 1183 2463 putaram.

269 2554 305 2609 ΙΙ.
327 2555 359 2609 In
378 2555 500 2624 margine
519 2555 637 2610 sinistro.

304 2678 330 2733 q.
341 2663 365 2731 1,
384 2662 449 2717 item
468 2661 487 2717 l.
501 2663 525 2718 1.
541 2660 574 2717 1'.
587 2660 650 2718 M
671 2666 700 2717 et
721 2645 763 2717 sic
781 2661 911 2732 deinceps
933 2663 1038 2718 numeri
1056 2662 1188 2732 adscripti
1205 2659 1361 2732 significant
1378 2658 1534 2729 quiniones,
1557 2660 1622 2714 item
1641 2657 1706 2715 folia

427 2756 503 2806 recta
521 2755 549 2805 et
566 2765 648 2806 nerea
666 2751 830 2820 exemplaris
847 2750 1005 2821 Florentini,
1024 2751 1062 2806 ita
1080 2754 1112 2806 ut
1130 2751 1205 2820 prius
1220 2749 1301 2806 buius
1313 2748 1440 2804 editionis
1453 2748 1581 2804 uolumen
1593 2762 1704 2818 respon-

427 2839 492 2896 deat
510 2840 642 2895 uolumini
660 2841 720 2894 eins
737 2841 834 2910 priori,
858 2840 995 2910 posterius
1019 2840 1171 2910 posteriori.
1206 2843 1234 2894 et
1256 2839 1354 2910 prioris
1372 2837 1481 2908 quidem
1500 2837 1646 2893 uoluminis
1664 2833 1704 2892 so-

425 2929 523 2984 liorum
541 2929 647 2984 numeri
665 2930 718 2998 ipsi
736 2934 801 2985 sunt
824 2928 896 2984 soliis
913 2928 995 2984 bodie
1019 2929 1158 2999 inscripti:
1181 2928 1340 2998 posterioris
1364 2931 1456 2982 autern
1476 2926 1557 2982 buius
1576 2925 1703 2982 editionis

426 3017 571 3073 uoluminis
595 3018 700 3073 numeri
724 3017 760 3074 ab
778 3017 916 3089 inscriptis
939 3018 1026 3074 codici
1048 3019 1088 3073 ita
1106 3015 1251 3087 recedunt,
1275 3023 1305 3074 ut
1323 3015 1471 3072 t1-162
1489 3016 1517 3070 in
1535 3013 1630 3071 codice
1654 3030 1703 3069 nu·

425 3113 563 3164 merentur
586 3109 734 3178 11-172,
757 3106 776 3163 l'.
796 3109 847 3164 163
871 3106 910 3163 ibi
932 3108 969 3163 sit
995 3107 1066 3177 172⁶,
1091 3105 1110 3162 l'.
1125 3107 1276 3162 tet-465
1299 3105 1337 3162 ibi
1356 3109 1532 3162 numerentur
1551 3104 1704 3172 tle-474

425 3199 463 3264 (u.
476 3213 503 3267 p.
517 3196 618 3264 XXX).

300 3285 321 3340 S
339 3305 373 3333 =
392 3283 541 3341 Sabiniana
559 3289 689 3356 excerpta

300 3373 328 3428 E
340 3395 374 3422 ε
393 3373 521 3430 edictalis
539 3379 669 3444 excerpta
756 3301 766 3448 ἒ

300 3463 327 3516 Ρ
340 3484 374 3512 =
393 3463 544 3534 Papiniano
561 3467 692 3533 excerpta
757 3453 767 3604 S

301 3553 327 3605 Δ
341 3572 375 3600 =
394 3551 533 3622 appendix
554 3556 744 3622 excerptorum

300 3639 401 3694 SEPA
420 3639 573 3710 similiaque
591 3639 669 3695 iuxta
680 3638 817 3695 rubricam
829 3638 951 3695 indicant
964 3639 1095 3709 ordinem,
1114 3655 1168 3710 quo
1183 3640 1211 3695 in
1223 3655 1256 3696 eo
1270 3641 1357 3710 titulo,
1375 3639 1411 3696 de
1423 3653 1477 3709 quo
1491 3640 1590 3710 agitor,
1609 3637 1700 3694 dictae

421 3733 514 3800 partes
533 3729 683 3784 collocatae
701 3728 884 3784 inueniuntur.

289 3821 316 3892 s
328 3821 391 3888 post
409 3818 431 3872 8
442 3817 470 3872 E
480 3819 506 3872 A
522 3818 549 3871 P
564 3815 703 3887 significat
720 3818 747 3872 in
766 3817 817 3872 bac
835 3818 896 3887 lege
914 3815 992 3872 finire
1009 3817 1224 3888 uniuscuiusque
1241 3817 1313 3872 tituli
1332 3821 1437 3888 partem
1450 3817 1510 3872 siue
1522 3814 1698 3872 sabinianam

422 3907 482 3961 siue
499 3905 644 3962 edictalem
663 3906 723 3960 sine
740 3905 918 3975 Papinianum
937 3905 997 3961 siue
1015 3905 1194 3976 appendicem
1213 3913 1413 3976 excerptorum.

298 3995 311 4019 ¹
329 3999 394 4050 ants
412 3995 509 4050 SEA
525 3996 553 4049 P
572 3993 710 4065 significat
732 3994 808 4064 leges
831 3993 866 4050 ab
887 3994 982 4050 ordino
1000 4010 1047 4065 eo,
1072 4011 1153 4066 quem
1172 3997 1362 4067 compilatores
1381 3997 1409 4052 in
1426 3994 1502 4051 libris
1519 3995 1699 4066 excerpendis

420 4084 542 4140 tenubse
561 4084 696 4154 uidentur,
715 4083 755 4138 ita
772 4085 909 4155 recedere,
928 4091 959 4140 ut
977 4100 1012 4141 er
1030 4101 1081 4141 sna
1098 4091 1176 4155 parte
1194 4087 1222 4140 in
1240 4086 1321 4142 aliam
1338 4086 1487 4142 translatae
1505 4085 1568 4140 sint

297 4174 392 4243 'post
410 4172 471 4228 SE
483 4175 509 4227 Δ
522 4174 550 4227 Ρ
568 4171 706 4243 significat
727 4173 804 4242 leges
828 4171 863 4228 ab
886 4173 981 4230 ordine
1005 4173 1102 4230 eodem
1126 4176 1166 4230 ita
1188 4175 1330 4245 recedere,
1357 4181 1388 4231 ut
1410 4191 1489 4232 suam
1512 4181 1619 4246 partem
1643 4190 1699 4230 non

420 4261 604 4332 egrediantur.

294 4349 441 4406 Praeterea
458 4350 487 4405 in
504 4350 602 4407 eodem
622 4350 744 4420 margine
758 4351 920 4421 paginarum
932 4353 1101 4422 singularum
1113 4368 1211 4408 uersus
1223 4354 1440 4410 numerauimus:
1459 4353 1487 4408 in
1505 4353 1696 4409 altercantem

419 4438 616 4509 adscripsimus
634 4452 762 4493 numeres
780 4439 872 4509 legem
891 4440 1178 4512 paragrapborumque
1196 4457 1267 4510 quae
1285 4442 1421 4512 dicuntur,
1439 4447 1471 4498 ut
1482 4442 1697 4512 uniuscuiusque

418 4529 583 4599 paragraphi
601 4527 766 4598 principium
783 4528 812 4582 in
829 4529 891 4599 ipso
909 4529 1055 4586 uerborum
1074 4531 1169 4587 ordine
1187 4531 1372 4602 distinguatur
1388 4533 1480 4588 littera
1496 4531 1656 4587 maiuscula

293 4614 470 4685 Digestorum
488 4618 540 4674 loci
558 4619 583 4674 ei
601 4618 649 4689 qui
666 4619 733 4672 item
752 4621 831 4673 extra
849 4634 883 4674 ea
900 4624 996 4676 cutam
1013 4626 1062 4676 aut
1079 4621 1107 4677 in
1121 4621 1188 4690 ipsis
1201 4621 1285 4690 libris,
1304 4621 1377 4677 unde
1390 4620 1543 4696 deprompti
1555 4627 1628 4692 sunt,
1647 4627 1697 4676 aut

418 4705 492 4777 apud
510 4707 578 4762 alios
597 4711 724 4762 auctores
743 4706 879 4762 Codiceue
893 4707 945 4775 (G.)
964 4709 1220 4765 Institutionibusue
1238 4709 1281 4775 (l.)
1300 4709 1442 4765 Iustiniani
1460 4714 1509 4765 ant
1526 4709 1591 4765 alibi
1608 4709 1635 4765 in
1655 4709 1695 4764 di-

417 4795 504 4864 gestis
523 4794 620 4851 eadem
639 4796 684 4850 uel
701 4796 830 4865 leguntur
847 4797 892 4852 nel
910 4802 984 4853 certe
1002 4799 1155 4869 allegantur
1173 4797 1270 4854 eodem
1288 4803 1401 4854 anctore
1418 4799 1566 4868 nominato,
1587 4798 1651 4854 item
1670 4799 1696 4853 si

412 4898 473 4953 ona
489 4883 640 4941 afferuntur
658 4898 694 4940 ex
712 4883 828 4954 digestis
845 4885 920 4955 apud
938 4891 1064 4942 auctores
1082 4887 1154 4943 sexti
1167 4887 1212 4942 uel
1229 4886 1339 4957 septimi
1358 4887 1468 4957 saeculi,
1488 4887 1541 4942 looi
1552 4885 1580 4942 bi
1591 4886 1694 4957 gemini

416 4972 536 5030 citantur
555 4975 590 5030 ad
611 4989 660 5031 cos
686 4971 787 5042 quibua
810 4973 977 5044 respondent
1001 4977 1121 5032 numeris
1145 4976 1243 5048 positis
1266 4977 1295 5032 in
1318 4976 1440 5046 margine
1463 4977 1535 5032 intra
1558 4975 1694 5032 cancellos

416 5063 455 5132 (u.
469 5080 496 5135 p.
509 5063 654 5120 marr.
670 5061 837 5130 xxxxur).

798 3433 825 3474 u.
845 3419 898 3474 nor.
911 3417 937 3473 ιι
955 3435 982 3488 p.
995 3418 1145 3474 ιιι-ιιι
