3696 5568
258 437 271 481 Γ
309 419 338 472 ii
364 417 406 472 De
425 417 611 473 aestimatoria
629 417 745 474 actione.

258 515 273 558 n
309 507 338 560 it
365 507 406 561 De
425 520 514 561 rerum
533 508 744 576 permutatione.

258 613 271 648 ε
310 595 336 649 it
365 594 407 649 De
425 596 601 666 praescriptis
619 595 712 652 uerbis
730 602 759 652 et
778 597 804 652 in
823 594 926 652 iactum
947 595 1109 682 actionibus.

416 703 557 789 Explicit
580 725 619 771 cx
644 704 755 772 ordine
778 705 971 788 digestorum
995 705 1077 773 liber
1098 726 1199 774 nonus
1222 707 1361 776 decimus
1384 707 1526 776 feliciter.

224 939 238 981 s
357 918 471 1005 Incipit
493 939 532 984 ex
556 918 666 985 ordine
689 919 880 1002 digestorum
906 918 986 986 liber
1008 920 1210 1006 uicensimus,
1234 921 1439 1006 singularium
1463 923 1594 1010 primus.

257 1059 272 1093 a
307 1041 335 1094 it
361 1041 404 1096 De
422 1039 583 1110 pignoribus
601 1046 629 1094 et
647 1039 809 1112 hypothecis
828 1046 856 1096 et
874 1041 991 1110 qualiter
1009 1056 1043 1096 ea
1061 1042 1256 1098 contrahantur
1273 1049 1301 1098 et
1319 1042 1353 1098 de
1372 1045 1461 1114 pactis
1480 1060 1583 1100 eorum.

258 1138 272 1183 e
308 1130 333 1182 ii
364 1129 394 1184 ln
413 1129 513 1199 quibus
532 1131 623 1185 causis
642 1132 726 1184 tacite
745 1129 912 1186 contrahitur
930 1130 1031 1199 pignus
1050 1131 1093 1186 uel
1112 1131 1277 1203 hypotheca.

257 1237 270 1282 Γ
307 1219 334 1271 it
362 1216 438 1282 Quae
457 1233 500 1273 res
519 1219 628 1288 pignori
647 1219 691 1274 uel
711 1218 880 1290 hypothecae
898 1218 980 1273 datae
999 1217 1115 1289 obligari
1132 1235 1187 1276 non
1204 1225 1328 1290 possunt.

256 1315 272 1358 1
308 1306 336 1359 ii
363 1305 414 1371 Qui
433 1307 553 1377 potiores
570 1307 598 1361 in
617 1307 731 1376 pignore
750 1307 793 1362 uel
812 1305 968 1378 hypotheca
989 1306 1142 1362 habeantur
1165 1308 1250 1363 etde
1273 1307 1315 1365 his
1339 1309 1386 1380 qrri
1410 1310 1438 1365 in
1462 1308 1582 1380 priorum
1606 1309 1691 1365 credi·

210 1411 238 1450 ro
398 1400 487 1450 torum
506 1397 596 1452 locum
615 1396 775 1450 succedunt.

256 1503 270 1537 ε
308 1485 334 1537 it
363 1483 404 1538 De
423 1483 600 1540 distractione
618 1485 764 1554 pignorum
783 1485 827 1540 uel
846 1483 1073 1554 hypothecarum.

256 1595 272 1638 ς
307 1573 333 1625 ii
361 1571 465 1637 Quibus
483 1573 572 1629 modis
590 1574 690 1643 pignus
709 1573 753 1628 uei
773 1572 929 1644 hypotheca
947 1573 1063 1629 soluitur
1081 1573 1125 1627 nei
1144 1588 1207 1628 non.

345 1680 524 1768 Explicitus
548 1687 657 1751 estex
680 1682 790 1750 ordine
813 1682 893 1749 liber
916 1682 1118 1766 uicensimus,
1141 1681 1347 1766 singularium
1370 1682 1450 1751 liber
1473 1684 1604 1771 primus.

372 1895 487 1982 Incipit
509 1916 548 1962 ex
572 1895 681 1964 ordine
704 1895 783 1964 liber
806 1895 998 1963 uicensimua
1021 1896 1153 1982 primus,
1177 1895 1384 1981 singularium
1407 1896 1571 1964 secundus.

208 2032 237 2073 re
257 2035 273 2070 a
308 2017 337 2070 R'
362 2018 405 2072 De
424 2017 549 2073 aedilicio
567 2017 657 2074 edicto
676 2017 757 2073 etde
776 2017 956 2073 redhibitione
975 2021 1004 2072 et
1021 2018 1117 2089 quanti
1136 2017 1256 2074 minoris.

258 2115 272 2159 Β
308 2107 336 2159 it·
362 2105 405 2160 De
422 2105 606 2162 edictionibus
624 2112 653 2162 et
669 2105 770 2178 duplae
789 2107 974 2176 stipulatione.

258 2213 271 2258 Γ
308 2195 336 2248 it
361 2194 405 2249 De
423 2195 584 2264 exceptione
600 2205 641 2250 rer
659 2194 796 2265 nandino,
814 2201 843 2250 et
860 2195 988 2250 traditae.

357 2302 500 2389 Explicit
523 2324 562 2370 ex
585 2304 695 2371 ordine
717 2303 798 2372 liber
820 2304 1011 2371 uicensimus
1034 2304 1167 2391 primus,
1191 2302 1399 2388 singularium
1422 2303 1587 2371 secundus.

272 2516 387 2605 incipit
410 2507 449 2584 e'x
472 2517 582 2584 ordine
606 2516 798 2600 digestorum
822 2517 902 2585 liber
924 2517 1115 2586 uicensimus
1138 2517 1304 2602 secundus,
1329 2517 1535 2602 singularium
1558 2517 1680 2585 tertius.

208 2656 237 2697 so
257 2659 272 2693 a
307 2641 336 2693 ir
363 2639 404 2694 De
421 2639 512 2695 usuris
530 2643 559 2694 et
576 2638 703 2696 omnibus
722 2639 926 2697 emersionibus
944 2643 973 2697 et
991 2656 1075 2696 mora.

258 2739 272 2784 u
309 2730 337 2784 il
364 2728 406 2784 De
424 2729 534 2783 nauhco
552 2727 672 2784 faenore.

257 2837 270 2883 Γ
306 2819 335 2872 ii
361 2817 404 2873 De
422 2815 629 2887 probationibus
647 2821 676 2871 et
693 2817 969 2887 praesumptionibus.

256 2917 272 2960 u
307 2909 336 2962 it
363 2907 405 2962 De
422 2905 477 2961 fide
495 2905 746 2962 instrumentorum.

257 3016 270 3050 e
308 2997 337 3050 it
363 2995 406 3051 De
424 2993 551 3050 testibus.

207 3101 236 3144 as
255 3107 272 3152 ς
306 3086 335 3139 it
363 3083 405 3140 De
424 3082 490 3139 iuris
508 3089 537 3138 et
554 3081 620 3139 iacti
638 3083 801 3152 ignorantia.

336 3299 453 3386 incipit
476 3320 514 3367 ex
539 3299 648 3366 ordine
671 3298 751 3366 liber
773 3298 965 3366 uicensimus
988 3297 1111 3381 tertius,
1133 3295 1342 3380 singularium
1364 3295 1444 3364 liber
1467 3302 1607 3382 quartur.

255 3441 271 3475 a
305 3422 334 3477 R
359 3421 402 3477 De
421 3419 605 3491 sponsalibus.

256 3521 270 3565 e
306 3511 335 3565 R
362 3511 404 3566 De
422 3511 475 3565 ritu
493 3509 658 3579 nuptiarum.

253 3617 303 3670 FP

256 3756 507 3814 ldeestimatoria
521 3757 567 3820 F1,
585 3755 774 3811 destimatoria
794 3757 819 3808 P
869 3756 946 3810 2re·
1000 3753 1071 3810 citus
1092 3755 1131 3822 1Ἰ
1147 3754 1215 3811 libro
1234 3755 1400 3811 uicensimus
1419 3755 1453 3808 P
1514 3754 1549 3808 14
1565 3751 1635 3808 libro
1656 3754 1690 3806 1⁵⁷

254 3829 325 3898 rum]
343 3844 403 3883 rum
423 3829 463 3883 P·
518 3827 717 3897 3explicitur⁴
730 3829 766 3880 Ρ
782 3828 786 3892 Ι
802 3825 871 3881 libro
885 3825 945 3894 ΡΙ
1002 3827 1035 3881 15
1057 3828 1086 3880 et
1108 3825 1144 3881 de
1166 3826 1296 3882 rebitoria
1313 3825 1340 3880 P
1400 3826 1434 3881 16
1456 3823 1539 3894 duple
1560 3824 1691 3894 astipula-

143 3925 146 3932 v
253 3907 312 3972 port
330 3898 446 3955 feliciter
461 3897 581 3953 inalibri
596 3899 749 3968 singulares
762 3898 798 3950 Ρ
845 3895 946 3952 51ibro
999 3897 1075 3952 tione
1093 3897 1120 3952 P
1165 3899 1198 3954 17
1217 3899 1266 3967 rei]
1286 3897 1357 3952 reF
1406 3897 1439 3951 18
1457 3896 1619 3966 explicitur
1632 3896 1689 3963 ΡΙ

255 3972 290 4024 F¹
345 3972 471 4040 equare*
484 3970 521 4023 Γ)
537 3971 541 4036 Ι
557 3968 713 4040 hypotheca
732 3969 779 4022 FP
829 3967 946 4024 eahsn-
1000 3966 1069 4023 libre
1091 3969 1125 4022 F¹
1180 3970 1214 4024 19
1233 3968 1301 4024 libro
1320 3969 1355 4021 F*
1409 3969 1446 4022 20
1463 3971 1492 4022 et
1510 3967 1544 4023 de
1563 3965 1691 4022 omnibus

254 4048 300 4097 tnr
319 4043 362 4111 ΡΙ
378 4043 406 4097 in
424 4041 555 4110 priorum]
574 4042 691 4110 priorem
713 4041 749 4092 F⁰
804 4041 837 4094 13
857 4039 947 4109 expie-
1001 4040 1089 4108 Plet
1107 4055 1183 4094 mora
1202 4040 1290 4094 onnP
1340 4040 1375 4094 26
1393 4039 1491 4094 tertius
1509 4039 1607 4092 om.F¹

252 4143 308 4152 -—-
591 4143 653 4148 ...-

254 4209 312 4255 ante
330 4203 345 4254 i.
358 4200 421 4255 XX
436 4199 528 4269 *incip
540 4199 587 4254 lib.
601 4208 646 4254 xx⁴
660 4201 698 4252 F’
716 4201 754 4273 (J.
767 4199 842 4262 288).
868 4199 979 4270 explicit
997 4215 1032 4254 ex
1050 4199 1144 4255 ordine
1162 4199 1332 4268 digestorum
1345 4213 1394 4254 seu
1406 4196 1602 4268 pandectarum
1621 4195 1691 4252 iiber

308 4286 397 4327 nonus
415 4271 538 4326 decimus
555 4275 559 4336 1
575 4272 656 4340 incip.
669 4286 703 4325 ex
717 4271 812 4325 ordine
825 4271 881 4339 dig.
895 4285 944 4325 seu
956 4271 1151 4340 pandectarum
1165 4270 1212 4328 lib.
1224 4288 1261 4325 xx
1274 4271 1463 4340 (singularium
1476 4269 1484 4323 i
1497 4269 1558 4323 cdd.
1571 4289 1604 4321 m.
1617 4270 1645 4335 1)
1657 4269 1689 4333 Ρ,

308 4344 406 4413 explic.
425 4342 471 4397 lib.
486 4342 561 4398 xuiiii
580 4343 662 4411 incip.
681 4341 727 4396 lib.
747 4341 803 4407 (lib.
822 4362 871 4395 om.
885 4343 924 4407 V)
942 4359 978 4397 xx
996 4343 1047 4397 VU

254 4439 313 4485 nate
330 4433 345 4484 1.
359 4431 422 4486 XX
423 4432 439 4484 1
458 4431 556 4500 explic.
574 4429 743 4498 digestorum
765 4432 770 4498 Ι
791 4429 860 4485 liber
877 4430 1025 4486 uicesimua
1034 4434 1062 4504 s.
1074 4431 1136 4485 297:
1158 4431 1254 4502 incipit
1271 4430 1339 4487 liber
1356 4429 1403 4486 xxi
1412 4433 1440 4501 s.
1453 4428 1512 4482 297'
1534 4427 1561 4481 F.
1590 4427 1687 4497 explic.

307 4517 342 4556 ex
364 4503 459 4556 ordine
483 4501 651 4569 digestorum
677 4518 727 4558 seu
748 4501 946 4572 pandectarum
970 4502 1015 4558 lib.
1034 4519 1070 4556 xx
1095 4505 1247 4574 (sequnntur
1264 4503 1382 4557 rubricae
1400 4504 1415 4555 1.
1427 4499 1518 4564 XXI)
1540 4499 1621 4568 incip.
1641 4497 1687 4553 lib.

307 4573 363 4642 dig.
383 4589 432 4628 seu
451 4572 648 4642 pandectarum
667 4574 714 4627 xxi
733 4574 921 4642 (singularium
940 4573 960 4628 ii
977 4575 1038 4628 odd.
1052 4594 1084 4626 m.
1099 4575 1125 4638 1)
1145 4573 1174 4638 Ρ,
1194 4574 1291 4643 explic.
1310 4573 1356 4628 lib.
1370 4589 1407 4628 xx
1424 4570 1521 4640 incipit
1539 4570 1585 4625 xxi
1604 4569 1655 4624 VU

254 4670 312 4716 narr
330 4662 451 4716 LXXII
468 4662 520 4715 ine.
533 4660 579 4715 lib.
593 4661 649 4715 xxii
668 4661 694 4714 F
707 4665 715 4720 1
718 4664 746 4730 s.
758 4662 831 4730 312).
850 4663 947 4732 explic.
960 4661 1006 4717 lib.
1020 4661 1196 4730 degestorum
1210 4677 1259 4717 seu
1272 4661 1467 4732 pandectarum
1482 4659 1528 4714 xxi
1541 4660 1688 4743 (sequuntur

306 4733 425 4788 rubricae
442 4735 458 4786 l.
470 4732 576 4799 XXII)
596 4732 691 4802 incipit
708 4731 776 4786 liber
794 4732 849 4802 dig.
863 4749 912 4788 seu
930 4733 1127 4803 pandectarum
1147 4733 1203 4788 xxii
1221 4735 1252 4798 P,
1270 4733 1353 4804 incip.
1367 4733 1423 4788 xxii
1440 4732 1471 4797 V,
1489 4730 1603 4801 explicrt
1619 4728 1689 4785 liber

306 4817 341 4859 ex
360 4803 455 4859 ordine
473 4803 529 4872 dig.
543 4803 588 4857 xxi
607 4804 704 4874 incipit
721 4803 776 4858 xxii
799 4803 823 4858 U

253 4900 312 4947 nate
329 4895 344 4945 i.
356 4891 468 4946 xxm
481 4891 593 4960 explicit
611 4891 780 4960 digestorum
797 4893 802 4958 Ι
818 4891 885 4947 liber
897 4892 954 4947 xxii
964 4893 1066 4968 s.321:
1076 4889 1175 4961 s.321‘
1190 4901 1281 4948 amat:
1298 4891 1395 4962 incipit
1410 4890 1458 4946 lib.
1471 4889 1554 4945 xxiii*
1557 4893 1586 4961 s.
1594 4890 1647 4943 322
1660 4889 1687 4942 F.

307 4963 404 5032 explic.
417 4961 463 5016 lib.
478 4963 534 5031 dig.
553 4978 603 5019 sen
621 4963 779 5032 pandentur.
793 4962 838 5018 lib.
851 4964 908 5018 xxii
924 4967 930 5032 Ι
944 4964 1026 5033 incip.
1043 4962 1090 5018 lib.
1104 4964 1170 5019 xxiii
1188 4963 1355 5034 digestorum
1375 4977 1424 5019 seu
1441 4960 1637 5033 pandectarum
1656 4960 1688 5025 P,

307 5034 405 5104 explic.
419 5033 464 5088 lib.
478 5035 534 5090 xxii
553 5034 634 5106 incip.
648 5033 693 5090 lib.
707 5032 763 5102 (lib.
777 5054 825 5089 om.
837 5035 898 5104 LU)
917 5034 983 5090 xxiii
1002 5033 1079 5089 VLU
