3690 5558
231 221 292 289 xx
314 224 334 288 6
353 227 450 282 e-rr
913 207 1001 290 600
1265 229 1390 289 eumue
1413 229 1521 278 uoors
1543 229 1669 279 ereans

231 382 324 434 autem
342 376 515 432 consensisse
533 373 665 444 creditor,
685 373 710 428 si
728 372 832 428 sciente
850 386 883 427 eo
902 369 1010 426 debitor
1027 384 1083 425 rem
1102 369 1265 440 condiderit,
1283 385 1345 425 cum
1363 369 1426 425 ideo
1443 383 1544 439 passus
1560 372 1606 424 est
1622 383 1668 425 ue

231 468 290 536 niri,
309 465 383 536 quod
401 464 506 520 sciebat
523 463 625 532 ubique
643 463 744 533 pignus
762 461 814 516 sibi
833 459 940 514 durare.
969 457 1019 514 sed
1036 459 1060 513 si
1076 458 1267 529 subscripserit
1278 457 1349 513 iorte
1361 459 1390 514 in
1401 457 1502 514 tabulis
1514 458 1671 530 emptionis,

232 555 404 612 consensisse
422 553 547 623 uidetur,
571 551 623 606 nisi
642 547 786 604 manifeste
805 554 937 620 appareat
954 547 1100 616 deceptum
1119 563 1189 602 esse.
1221 547 1296 617 quod
1313 546 1454 602 obseruari
1473 551 1582 618 oportet
1599 553 1629 602 et
1646 548 1671 604 si

185 654 213 701 16
232 645 291 701 sine
315 645 423 714 scriptis
447 640 624 698 consenserit.
661 638 692 693 Si
713 637 830 693 debitori
848 653 1008 693 concessum
1028 637 1064 692 sit
1082 641 1110 692 et
1127 636 1207 692 heres
1226 638 1285 692 eius
1303 636 1470 706 pendiderit,
1493 640 1586 706 potest
1603 633 1672 691 sacti

231 734 356 804 quaestio
375 747 446 802 esse,
463 730 530 800 quid
548 727 682 785 intellexit
699 727 825 782 creditor.
851 727 898 782 sed
912 731 985 781 recte
998 726 1108 780 uenisse
1120 725 1265 781 dicendum
1278 729 1335 781 est:
1354 724 1407 780 hae
1418 725 1491 780 enim
1502 726 1671 795 suptilitates
1689 734 1703 776 s

184 831 214 878 17
233 822 268 878 ab
289 821 425 877 iudicibus
448 835 502 876 non
526 819 715 874 admittuntur.
753 816 782 871 Si
805 815 912 871 debitor
933 814 1003 870 forte
1028 829 1160 870 concessa
1177 815 1334 871 uenditione
1353 815 1465 870 desierit
1481 813 1624 884 possidere
1642 821 1672 869 et

232 927 321 967 nouus
339 923 481 981 possessor·
499 905 666 975 pendiderit,
686 921 720 959 an
739 905 819 960 duret
835 905 949 974 pignus,
968 903 1046 974 quasi
1064 919 1197 974 personae
1216 903 1370 974 permiserit
1386 903 1524 960 creditor?
1549 902 1625 972 quod
1641 907 1672 958 et

233 1000 321 1068 magis
340 1003 397 1053 eat:
416 1014 478 1052 nam
497 997 522 1051 si
539 1011 612 1050 nouo
629 993 790 1064 possessori,
809 1008 864 1049 non
883 993 998 1048 debitori
1016 1009 1033 1048 a
1050 1008 1105 1063 quo
1123 993 1305 1064 hypothecam
1325 993 1439 1062 accepit,
1457 993 1595 1047 concessit
1612 1007 1671 1047 ere·

185 1098 215 1144 18
233 1089 305 1144 ditor
325 1087 458 1156 uendere,
483 1083 628 1140 ffleendum
652 1087 696 1137 est
717 1097 815 1137 nocere
840 1083 866 1136 ei
887 1083 1086 1152 exceptionem.
1122 1081 1178 1137 Sed
1201 1083 1225 1137 si
1248 1083 1321 1137 intra
1342 1097 1444 1137 annum
1463 1085 1512 1136 aut
1528 1079 1670 1135 biennium

185 1186 214 1233 le
233 1177 403 1232 consenserit
425 1174 542 1230 creditor
565 1170 699 1241 uendere,
723 1175 787 1246 post
808 1169 861 1226 hoc
878 1175 988 1241 tempus
1007 1169 1151 1226 uendendo
1168 1185 1224 1226 non
1241 1170 1332 1226 aufert
1348 1170 1449 1241 pignus
1466 1169 1604 1225 creditori.
1642 1167 1672 1224 Si
1691 1179 1719 1220 ro

233 1265 352 1321 creditor
369 1261 564 1335 hypothecaria
582 1276 649 1314 usus
668 1276 684 1314 a
701 1274 861 1329 possessore
878 1259 934 1314 litis
952 1260 1170 1315 aestimationem
1189 1266 1352 1316 consecutus
1370 1257 1453 1314 inerit
1469 1262 1499 1313 et
1516 1256 1672 1313 adebitore

232 1359 311 1424 petat
328 1352 459 1421 debitum,
478 1355 546 1421 puto
564 1349 620 1404 doli
638 1349 702 1404 mali
721 1348 909 1418 exceptionem
929 1349 954 1403 ei
972 1347 1152 1403 obstaturam.

196 1442 214 1500 9
286 1442 479 1498 Moonsrmus
505 1439 574 1494 libro
601 1441 699 1508 quarto
726 1451 927 1506 responsomm.
963 1437 1054 1491 Titius
1076 1435 1236 1506 Sempronio
1262 1435 1376 1491 fundum
1399 1435 1508 1506 pignori
1531 1429 1673 1519 Q
1690 1440 1717 1492 u

234 1529 310 1585 dedit
327 1535 355 1585 et
374 1529 491 1586 eundem
508 1527 624 1583 fundum
641 1530 740 1596 postea
758 1524 827 1581 Gaio
845 1524 909 1581 Seio
926 1525 1033 1595 pignori
1052 1525 1137 1594 dedit,
1156 1531 1239 1594 atque
1257 1526 1296 1579 ita
1312 1525 1385 1580 idem
1401 1525 1492 1580 'litius
1509 1523 1673 1595 Sempronio

233 1623 263 1672 et
280 1617 349 1673 Gaio
368 1618 431 1674 Seio
453 1616 568 1672 fundum
591 1614 709 1671 eundern
735 1614 764 1669 in
782 1629 871 1670 assem
891 1613 1027 1684 uendidit,
1051 1612 1151 1684 quihus
1169 1614 1276 1683 pignori
1293 1617 1358 1669 anto
1375 1613 1491 1668 dederat
1507 1613 1536 1668 in
1553 1613 1672 1668 solidam
1691 1623 1718 1663 rs

233 1707 356 1776 siugulis.
384 1721 495 1776 quaero,
514 1721 550 1759 an
567 1702 725 1758 uenditione
743 1703 905 1772 interposita
922 1703 966 1757 ius
982 1702 1106 1772 pignoris
1124 1703 1289 1758 exstinctum
1308 1702 1344 1758 sit
1358 1717 1392 1757 ae
1403 1717 1453 1772 per
1464 1701 1517 1757 hoc
1528 1702 1572 1758 ius
1582 1702 1673 1758 solum

233 1795 378 1864 emptionis
405 1793 479 1865 apud
507 1791 603 1848 ambos
627 1791 815 1861 permanserit.
851 1791 1021 1846 Modestinus
1045 1790 1187 1861 respondit
1210 1791 1359 1846 dominium
1381 1789 1418 1846 ad
1440 1805 1488 1846 eos
1511 1790 1547 1845 de
1571 1789 1673 1860 quibus

233 1884 373 1954 quaeritur
391 1881 537 1952 emptionis
554 1881 613 1935 iure
630 1881 779 1950 pertinere:
802 1896 864 1935 cum
884 1894 1047 1934 eonsensum
1066 1884 1162 1935 mutuo
1178 1878 1329 1934 uenditioni
1347 1878 1458 1934 dedisse
1475 1884 1672 1950 proponantur,

200 1980 214 2026 1
233 1972 350 2027 inuicem
374 1969 581 2042 pignoratitiam
605 1969 741 2023 actionem
760 1983 808 2024 eos
826 1984 881 2024 non
899 1968 1008 2024 habere.
1040 1969 1130 2023 Titius
1149 1967 1212 2024 Seio
1229 1963 1374 2038 pecuniam
1393 1965 1445 2022 sub
1462 1969 1577 2038 pignore
1595 1965 1673 2023 fundi

233 2060 361 2116 dederat:
380 2060 427 2129 qui
445 2058 546 2114 fundus
563 2073 625 2113 cum
644 2061 718 2112 esset
734 2058 774 2112 rei
791 2056 917 2128 publicae
935 2061 999 2112 ante
1017 2056 1164 2128 obligatus,
1183 2055 1321 2112 secundus
1339 2055 1457 2112 creditor
1474 2057 1621 2126 pecuniam
1633 2057 1673 2112 rei
1690 2068 1718 2108 ao

233 2148 360 2219 publicae
379 2164 439 2203 eam
452 2148 564 2204 soluit¹:
582 2145 632 2201 sed
644 2146 768 2201 Maeuius
781 2146 894 2217 exstitit,
913 2147 960 2216 qui
977 2145 1088 2201 dicebat
1105 2150 1170 2201 ante
1187 2161 1245 2201 rem
1262 2143 1400 2215 publicam
1419 2144 1472 2200 sihi
1489 2144 1606 2202 fundum
1624 2144 1672 2200 ob·

232 2237 348 2306 ligatum
366 2234 465 2291 fuisse:
483 2233 675 2291 inueniebatur
692 2237 783 2288 autem
802 2234 926 2290 Maenius
943 2235 1137 2304 instrunmento
1155 2234 1289 2290 cautionis
1307 2249 1370 2288 cum
1388 2249 1417 2290 re
1434 2232 1545 2304 publica
1562 2233 1637 2288 facto
1656 2249 1673 2288 a
1688 2239 1706 2287 t.
1715 2239 1757 2288 uti

235 2323 298 2380 Seio
315 2323 472 2379 interfuisse
490 2327 519 2380 et
531 2323 735 2392 subscripsisse,
755 2337 810 2390 quo
822 2327 934 2377 cauerat
946 2321 1026 2378 Seius
1038 2321 1153 2378 handum
1165 2323 1230 2378 nulli
1244 2322 1289 2377 alii
1301 2337 1363 2378 esse
1376 2322 1541 2393 ohhgatum:
1560 2337 1672 2393 quaero,

235 2429 271 2468 an
289 2413 362 2469 actio
380 2413 471 2482 aliqua
488 2413 516 2467 in
533 2425 591 2466 rem
610 2411 717 2466 llaeuio
735 2414 891 2481 competere
908 2415 1009 2482 potest.
1039 2412 1208 2468 Modestinus
1226 2411 1368 2481 respondit
1384 2412 1493 2482 pignus,
1512 2411 1576 2466 cui’
1595 2411 1620 2466 is
1637 2411 1673 2465 de

236 2517 291 2572 quo
309 2501 448 2572 quaeritur
466 2501 613 2570 consensit,
631 2500 741 2555 minime
759 2515 822 2556 eum
840 2501 957 2556 retinere
974 2515 1065 2571 posse.
1691 2509 1720 2551 ss

180 2591 220 2651 10
289 2591 410 2646 Psunus
431 2588 500 2646 libro
521 2589 604 2644 tertio
626 2589 826 2658 quaestionum.
864 2588 1011 2645 Uoluntate
1029 2589 1170 2644 creditoris
1187 2589 1288 2660 pignus
1305 2588 1413 2644 debitor
1431 2604 1496 2644 uen-
1515 2583 1674 2672 [How
1690 2592 1717 2646 P

237 2679 307 2734 didit
324 2683 353 2734 et
368 2684 466 2750 postea
482 2678 586 2748 placuit
602 2677 673 2733 inter
690 2693 753 2734 eum
772 2684 801 2733 et
817 2682 977 2748 emptorem,
995 2683 1028 2733 ut
1044 2693 1062 2732 a
1078 2676 1236 2734 uenditione
1254 2676 1435 2734 discederent
1464 2679 1508 2734 ius
1525 2665 1674 2748 pi‘go'c‘rum

236 2769 343 2824 saluum
362 2769 414 2823 erit
431 2767 573 2823 creditorit
596 2783 660 2822 nam
678 2767 751 2822 sicut
767 2766 899 2836 debitori,
923 2767 963 2822 ita
980 2770 1010 2821 et
1027 2766 1155 2822 creditori
1172 2767 1316 2836 pristinum
1333 2766 1377 2822 ins
1394 2767 1561 2838 restituitur,
1584 2781 1674 2837 neque

237 2857 310 2912 omni
334 2856 416 2914 modo
439 2855 558 2911 creditor
579 2855 679 2926 pignus
702 2855 828 2926 remittit,
852 2855 902 2910 sed
924 2855 965 2910 ita
981 2855 1106 2925 demum,
1132 2854 1155 2910 ai
1172 2859 1279 2925 emptor
1295 2871 1353 2910 rem
1372 2857 1489 2912 retineat
1506 2871 1559 2912 nee
1575 2854 1674 2911 reddat

236 2945 381 3002 uenditori.
412 2949 441 3000 et
462 2943 526 2999 ideo
548 2944 572 2999 si
595 2943 695 3000 iudicio
712 2959 822 3014 quoque
840 2949 955 3013 accepto
972 2943 1100 2999 uenditor
1116 2942 1258 3000 absolutus
1276 2945 1374 3000 situel
1391 2945 1457 3014 quia
1473 2959 1528 3000 non
1546 2943 1721 3000 tradebatur

236 3034 266 3089 in
288 3033 317 3089 id
338 3033 412 3104 quod
436 3035 551 3088 interest
566 3032 779 3104 condemnatus,
803 3033 911 3088 saluum
928 3031 987 3089 iore
1003 3033 1104 3102 pignus
1121 3033 1249 3088 creditori
1267 3032 1413 3089 dicendum
1431 3037 1488 3088 est:
1513 3033 1582 3088 haee
1600 3033 1673 3088 enim

237 3121 362 3178 accidere
379 3123 542 3192 potuissent,
560 3121 669 3176 etiamsi
686 3137 742 3178 non
758 3123 902 3178 uoluntate
919 3121 1061 3177 creditoris
1073 3121 1251 3177 uendidisset.
1278 3121 1404 3178 Creditur
1416 3137 1525 3192 quoqne
1537 3123 1561 3176 si
1572 3123 1674 3192 pignus

238 3211 366 3266 distraxit
389 3213 418 3266 et
439 3209 492 3264 ex·
514 3208 673 3265 uenditione
691 3225 829 3266 recessum
848 3209 931 3266 fuant
948 3211 993 3266 uel
1010 3210 1092 3266 homo
1109 3209 1274 3282 redhibitus,
1298 3209 1447 3266 dominium
1465 3209 1502 3266 ad
1519 3210 1673 3267 debitorem

237 3299 393 3355 reuertitur.
419 3297 547 3368 idemque
566 3302 609 3354 est
625 3299 654 3354 in
672 3299 807 3370 omnibus,
826 3297 925 3369 quibus
944 3313 1103 3356 eoncessum
1122 3305 1166 3354 est
1182 3313 1240 3355 rem
1253 3299 1368 3356 alienam
1382 3299 1515 3356 uendere:
1533 3315 1589 3356 non
1601 3301 1673 3355 enirn

238 3389 303 3461 quia
326 3387 475 3444 dominium
497 3384 678 3459 transferunt,
703 3387 766 3444 ideo
789 3387 825 3444 ab
847 3391 971 3459 emptore
994 3388 1037 3444 ius
1055 3389 1203 3460 recipiunt:
1225 3389 1275 3444 sed
1293 3389 1321 3444 in
1338 3389 1480 3459 pristinam
1498 3403 1612 3444 cauam
1629 3402 1674 3444 res
1692 3397 1722 3439 es

237 3477 310 3533 redit
326 3477 447 3532 resoluta
463 3475 630 3531 ueuffltione.

184 3567 219 3622 11
291 3567 370 3621 lusu
391 3564 460 3621 libro
477 3569 575 3634 quarto
593 3580 794 3636 responsorum.
830 3564 932 3620 Lucius
949 3564 1039 3619 Titius
1057 3579 1120 3620 eum
1137 3570 1214 3621 esset
1230 3567 1308 3622 uxori
1326 3581 1393 3623 suae
1412 3566 1497 3623 Gaiae
1515 3561 1673 3652 [Q
1692 3571 1721 3625 P

239 3653 319 3710 Seiae
337 3653 445 3710 debitor
462 3653 514 3710 suh
531 3654 646 3724 pignore
664 3655 724 3709 siue
740 3653 897 3726 hypotheca
912 3653 1096 3723 praediorum,
1114 3654 1209 3710 eadem
1228 3655 1342 3726 praedia
1360 3671 1422 3712 cunr
1434 3671 1520 3713 uxore
1532 3673 1584 3713 sua
1595 3657 1674 3714 Seiae

206 3750 220 3796 1
239 3741 376 3813 Septiciae
394 3743 546 3800 communia
563 3739 635 3798 filiae
653 3742 762 3798 nomine
780 3741 940 3812 Sempronio
958 3742 1056 3798 marito
1073 3742 1133 3798 eius
1150 3742 1242 3800 futuro
1260 3745 1288 3800 in
1304 3745 1398 3800 dotem
1409 3745 1500 3802 dedit:
1517 3751 1618 3818 postea
1629 3747 1674 3803 de-

238 3830 332 3888 funeto
350 3831 436 3887 Lucio
453 3831 527 3887 Titio
545 3829 668 3901 Septicia
689 3829 746 3886 filla
769 3830 901 3886 abstinuit
923 3845 954 3886 se
975 3830 1127 3888 hereditate
1149 3837 1278 3902 paterna:
1302 3849 1419 3905 quaero,
1443 3850 1479 3890 an
1504 3841 1594 3891 mater
1617 3837 1675 3892 eius
1693 3844 1722 3884 ⁴⁰

238 3919 422 3991 hypothecam
445 3920 573 3990 persequi
595 3921 692 3989 possit
724 3921 827 3976 Paulus
851 3919 992 3988 respondit
1012 3920 1134 3990 pignoris
1156 3923 1267 3991 quidem
1289 3921 1483 3993 obligationem
1501 3925 1676 3994 praediorum

239 4007 336 4064 Gaiam
355 4007 455 4078 Seiam,
474 4023 545 4079 quae
563 4009 623 4064 uiro
640 4024 690 4080 pro
708 4007 765 4064 iilia
782 4010 919 4066 communi
935 4009 965 4064 in
979 4009 1072 4068 domm
1085 4011 1182 4067 eadem
1194 4011 1271 4068 danti
1283 4013 1430 4083 consensit,
1448 4027 1512 4069 curn
1523 4015 1677 4071 communis

238 4131 359 4203 army,
377 4133 421 4187 aas
437 4151 529 4188 aaa
544 4112 674 4206 prame
691 4133 759 4189 reso
776 4155 801 4188 a
812 4134 848 4190 ee
865 4135 936 4189 aar.
947 4133 1050 4190 saurus
1066 4134 1145 4206 noro,
1166 4135 1214 4208 ru]

240 4310 250 4346 ¹
268 4323 330 4364 eam
348 4309 439 4379 soluit]
458 4311 577 4366 exsoluit
595 4309 699 4378 (Helii
769 4309 889 4368 ’denuo
908 4309 1055 4381 obligando
1074 4320 1121 4368 tus.
1193 4313 1204 4348 ⁸
1223 4313 1267 4384 ex]
1287 4328 1305 4369 a
1322 4314 1422 4383 (edulii

241 4484 466 4540 lconrsensrssa
484 4485 521 4538 Ρ
542 4485 547 4554 Ι
568 4500 602 4541 eo
619 4505 669 4540 om.
682 4488 722 4541 P‘
743 4487 749 4556 Ι
768 4489 865 4559 ueniri]
884 4489 930 4554 F¹,
983 4488 1174 4561 puthea‘o'e²
1221 4492 1257 4546 23
1274 4497 1348 4547 esset
1366 4493 1407 4546 P·
1452 4493 1488 4548 24
1505 4495 1551 4550 cui
1567 4495 1604 4568 is]
1623 4495 1679 4551 cul·

239 4556 333 4613 uenire
359 4555 451 4610 F'PU
519 4557 536 4612 2
562 4556 612 4612 sed
638 4557 681 4612 si*
703 4557 749 4624 F‘,
776 4559 826 4616 sed
853 4559 931 4615 P⁶U⁰
984 4562 1027 4617 uis
1039 4561 1080 4616 P·
1116 4562 1151 4617 25
1169 4563 1306 4618 concessit
1317 4564 1358 4617 P·
1372 4567 1377 4630 Ι
1393 4565 1551 4620 retineri]il
1589 4567 1679 4623 29η-

239 4625 400 4684 bhae'e’F’
436 4625 603 4683 ddebitores
614 4629 693 4683 P·U⁶
728 4631 781 4685 9si
794 4632 932 4686 orn.P·U·
984 4633 1076 4702 mittit]
1104 4633 1150 4698 F¹‚
1176 4635 1282 4690 remisit
1307 4634 1399 4689 F²Pu
1419 4637 1424 4702 Ι
1447 4651 1503 4691 rem
1531 4655 1581 4692 om.
1600 4639 1680 4693 ΡΨ·

240 4701 275 4755 10
292 4713 348 4754 non
365 4699 446 4754 offert
462 4699 504 4752 P·
556 4699 591 4754 15
612 4700 729 4755 eundem
748 4700 863 4758 fundum
881 4701 929 4761 ΡΙ
984 4703 1304 4760 32uendidissentP⁰U⁰
1322 4705 1505 4762 33dominum
1515 4707 1557 4762 P·
1574 4709 1679 4779 :idqui-

238 4770 403 4841 pignorante
420 4770 462 4825 P·
510 4770 544 4825 16
561 4770 605 4825 ius
622 4771 730 4840 pignori
747 4779 803 4828 ext.
822 4775 870 4839 1³¹,
887 4775 932 4830 ius
983 4774 1045 4844 bus]
1065 4775 1138 4830 sieut
1154 4776 1202 4840 1²⁶,
1221 4777 1244 4832 si
1263 4776 1308 4832 cui
1325 4775 1395 4832 P‘U
1438 4779 1679 4849 coemptorem

239 4845 294 4896 ext
307 4842 415 4912 pignori
436 4842 470 4896 U·
524 4841 569 4896 il‘
579 4843 779 4911 permanserint
797 4845 836 4900 P·
857 4847 862 4914 Ι
883 4845 931 4900 do
983 4845 1154 4916 'eius'reeip
1173 4845 1210 4902 F‘
1264 4849 1298 4903 37
1314 4852 1408 4904 essent
1421 4849 1500 4904 P·U·
1552 4849 1589 4906 ³9
1607 4866 1678 4908 sem·

238 4912 343 4968 minum
357 4914 396 4967 1³⁶
440 4914 475 4968 18
492 4912 625 4983 emptioni
642 4913 695 4968 nisi
712 4915 773 4971 iure
790 4917 837 4981 P‘‚
856 4931 931 4986 emp·
1003 4916 1080 4972 rouie
1103 4917 1143 4970 P‘
1196 4919 1231 4973 te
1253 4919 1334 4990 quae]
1359 4935 1442 4990 quem
1465 4919 1544 4976 PU·
1562 4923 1568 4990 1
1589 4921 1677 4993 dana]

237 4983 321 5040 tionis
339 4984 363 5040 si
380 4984 438 5040 inre
459 4983 493 5039 U‘
514 4987 519 5054 Ι
540 4983 771 5040 consensu‘m'l'²
823 4987 859 5042 20
877 4986 931 5044 re‘i'
1021 4987 1076 5043 ndo
1092 4988 1171 5043 ΡΨ*
