3648 5564
297 273 582 341 illicet-52
968 263 1054 344 138
1469 285 1723 338 »sumemus

296 433 324 487 in
342 431 479 501 integrum
496 429 604 485 restitui
621 433 720 500 potest.
747 427 875 498 respondi
892 429 1003 498 cognite
1019 443 1104 484 causa
1121 429 1329 499 aestimandum,
1346 443 1399 486 nec
1409 427 1519 498 idcirco,
1537 427 1675 483 siinmum
1689 427 1724 482 sit

264 531 277 578 1
296 520 410 590 restitui,
429 519 621 588 denegandum
639 519 667 574 id
686 518 823 587 auxilium,
842 517 916 587 quod
927 523 1003 574 tutor
1014 518 1112 574 delicto
1124 524 1244 574 uacaret.
1263 517 1275 588 ll
1294 519 1410 574 curator
1421 517 1723 587 adulescentiumprae·
1739 527 1795 574 tet

296 609 342 664 dia
360 608 515 665 eommunia
532 607 584 662 sibi
602 612 630 662 et
647 607 698 678 bis,
716 622 832 677 quorum
850 622 944 660 curam
962 607 1176 677 administrabat,
1195 607 1331 664 uendidit:
1349 620 1460 676 quaero,
1479 607 1503 662 si
1520 605 1630 662 decreto
1647 621 1723 676 prae·

295 699 363 755 toris
381 683 570 753 adulescentes
587 697 615 752 in
627 697 763 766 integrum
775 695 892 751 restituti
904 694 1012 765 fuerint,
1030 713 1065 751 an
1078 702 1191 751 eatenus
1203 697 1325 752 uendilio
1336 695 1517 752 rescindenda
1529 695 1573 765 sit,
1591 700 1724 765 qnatenus

296 786 512 842 adulescentium
529 801 578 855 pro
596 791 674 856 parte
692 784 793 840 fundus
811 785 962 839 communis
979 783 1050 839 luit?
1078 785 1204 855 respondi
1223 791 1337 842 eatenus
1354 784 1485 855 rescindi,
1508 784 1560 839 nisi
1579 785 1602 839 si
1619 789 1754 854 emptore

296 893 313 932 e
330 882 390 931 toto
408 880 549 930 contractu
567 876 634 930 uelit
646 874 759 943 discedi,
777 873 851 942 quod
863 878 969 943 partem
981 879 1121 944 empturus
1133 890 1188 930 non
1200 878 1282 929 esset.
1310 875 1374 930 item
1388 889 1498 945 quaero,
1517 878 1624 943 emptor
1634 878 1724 927 utrum

296 982 314 1020 a
331 965 394 1021 Seio
412 969 441 1018 et
459 963 618 1034 Sempronio
636 963 746 1034 pupillis
763 963 880 1032 pretium
898 977 960 1018 cum
978 963 1067 1018 usuris
1085 963 1205 1034 recipere
1223 963 1337 1019 deberet
1354 979 1390 1018 an
1407 978 1473 1018 uero
1490 961 1525 1019 eb
1537 961 1637 1017 herede
1649 947 1725 1017 cura·

296 1054 382 1109 toris?
408 1052 536 1123 respondi
553 1052 668 1107 heredes
686 1051 796 1122 quidem
814 1052 946 1107 curatoris
963 1052 1058 1123 teneri,
1077 1067 1172 1108 uerum
1189 1053 1218 1108 in
1231 1051 1322 1108 Seium
1337 1057 1366 1108 et
1378 1051 1566 1122 Sempronium
1579 1066 1629 1120 pre
1640 1055 1725 1120 parte,

296 1159 351 1213 qua
368 1157 462 1197 eorum
480 1139 581 1197 inndus
600 1139 659 1210 init,
678 1141 798 1196 actiones
817 1140 935 1195 dandas:
953 1140 1048 1210 ntique
1066 1141 1089 1195 si
1108 1141 1144 1196 nd
1161 1155 1210 1196 eos
1227 1147 1343 1212 accepte
1353 1141 1469 1212 pecunia
1479 1155 1529 1210 pro
1542 1139 1637 1196 endem
1649 1145 1726 1210 parte

295 1233 475 1303 peruenisset.
1746 1245 1772 1282 ro

239 1324 279 1383 48
349 1322 468 1376 Pennus
485 1318 554 1375 libro
571 1318 658 1389 primo
676 1318 880 1374 sententiarum.
908 1318 996 1374 Minor
1013 1333 1043 1374 se
1061 1319 1089 1373 in
1102 1317 1140 1389 id,
1158 1318 1231 1389 quod
1242 1317 1378 1374 fideiussit
1395 1306 1471 1393 Paul
1480 1321 1502 1376 1,
1511 1321 1533 1374 s.
1542 1320 1564 1366 n.
1582 1318 1609 1366 Β.
1618 1319 1655 1374 10,
1663 1319 1687 1374 4,
1688 1319 1726 1388 ts
1746 1317 1783 1370 Ῥ

264 1425 277 1471 1
297 1410 341 1466 uel
358 1409 526 1479 mandauit¹,
543 1408 572 1462 in
588 1409 725 1477 integrum
744 1406 912 1463 restituendo
930 1423 1007 1463 rcum
1024 1408 1200 1479 principalem
1219 1423 1274 1464 non
1290 1407 1396 1463 liberat
1427 1409 1514 1462 llinor
1530 1407 1611 1462 ancil·
1631 1400 1727 1488 Q

297 1500 351 1555 lam
373 1498 511 1555 uendiditt
535 1497 558 1552 si
581 1511 642 1552 eam
666 1502 772 1566 emptor
795 1497 994 1566 manumiserit,
1018 1497 1054 1552 ob
1076 1497 1128 1553 boc
1146 1498 1174 1552 in
1191 1498 1328 1566 integrum
1346 1497 1454 1552 restitui
1470 1511 1526 1552 non
1542 1494 1653 1566 poterit,
1676 1493 1728 1549 sed

264 1589 429 1649 andnemun
452 1590 601 1657 emptorem
625 1587 720 1656 quenti
741 1601 793 1641 sua
813 1586 927 1640 interest
949 1586 1084 1641 actionem
1106 1585 1226 1643 habebit.
1262 1587 1358 1641 Mulier
1380 1586 1469 1641 minor
1490 1586 1588 1656 uiginti
1608 1586 1729 1656 quinque

297 1677 375 1733 annis
398 1677 423 1731 si
445 1677 571 1746 pactione
595 1675 667 1730 dotis
691 1673 809 1730 deterior
829 1673 953 1730 condicio
971 1675 1030 1730 eins
1047 1673 1142 1731 liutet
1159 1675 1214 1730 tale
1232 1679 1343 1746 pactum
1360 1675 1465 1745 inierit,
1489 1675 1562 1746 qnod
1580 1689 1729 1745 numquam
1749 1689 1775 1729 15

297 1766 407 1822 maioris
425 1765 524 1820 aetatis
543 1765 708 1820 constitutae
724 1763 936 1833 paciscerentur,
955 1767 1038 1834 atque
1054 1763 1117 1820 ideo
1135 1779 1264 1820 reuocare
1282 1764 1362 1820 uelit:
1381 1763 1518 1820 audienda
1535 1767 1586 1820 est.

239 1859 279 1920 49
350 1854 501 1910 Unnranus
512 1853 581 1909 libro
592 1853 752 1922 trigensimo
764 1853 859 1922 quinto
871 1851 907 1906 sd
919 1851 1047 1908 edictum.
1067 1852 1096 1908 Si
1108 1868 1152 1908 res
1163 1853 1303 1924 pupillaris
1314 1854 1359 1908 uel
1371 1853 1554 1910 adulescentis
1572 1846 1730 1937 Q
1749 1861 1783 1916 ’s

297 1945 429 2001 distenta
440 1942 529 2013 fuerit,
548 1957 631 2013 quem
643 1942 687 1996 lex
699 1940 813 1996 distrahi
824 1955 879 1996 non
890 1939 1024 2013 probibet,
1037 1941 1159 1997 penditio
1171 1942 1282 2012 quidem
1294 1943 1377 2014 ualet,
1389 1945 1577 1998 uerumtamen
1588 1942 1612 1998 si
1623 1942 1729 2012 pende

298 2033 427 2089 demeum
444 2031 539 2102 pupilli
555 2031 600 2086 nel
618 2030 802 2085 adulescentis
819 2036 952 2101 comatur,
971 2031 1054 2086 etiam
1072 2030 1096 2085 si
1114 2023 1226 2086 collusio
1241 2045 1296 2087 non
1307 2032 1470 2102 intercessit,
1488 2031 1628 2088 distentio
1639 2045 1689 2102 per
1699 2031 1730 2086 in

298 2122 434 2191 integrum
452 2120 653 2176 mstitntionem
670 2123 823 2174 reuocetur.
1749 2136 1778 2177 rc

241 2215 282 2276 50
350 2211 521 2266 Postremus
538 2207 607 2264 libro
624 2223 697 2264 nono
715 2208 890 2279 epistularum
909 2207 1086 2263 stnamarum
1097 2207 1252 2264 lectionum.
1277 2207 1373 2264 lunius
1383 2207 1555 2279 Diophantus
1573 2203 1731 2293 Q
1751 2219 1794 2272 Ἀ

297 2300 447 2370 Pomponio
465 2313 516 2354 sno
534 2299 657 2354 sdntem.
685 2297 773 2352 llinor
789 2297 887 2366 uiginti
904 2297 1024 2367 quinque
1041 2295 1120 2352 annis
1137 2296 1258 2352 nouandi
1275 2297 1366 2354 animo
1383 2298 1538 2354 intercessit
1553 2313 1604 2368 pro
1621 2313 1663 2368 eo,
1681 2299 1731 2370 qui

298 2388 440 2458 temporali
458 2388 565 2444 actione
582 2384 735 2455 tenebatur,
752 2391 819 2442 tnnc
836 2401 898 2442 cum
917 2384 1006 2441 sdbnc
1023 2391 1184 2456 supererant
1201 2385 1296 2441 decem
1314 2387 1382 2457 dies,
1401 2391 1430 2442 et
1443 2391 1540 2459 postes
1553 2388 1581 2443 in
1592 2387 1731 2457 integrum

298 2477 441 2533 restitutus
464 2481 520 2532 est:
543 2481 635 2531 utrum
652 2475 801 2546 restitutio,
825 2489 896 2546 quae
914 2474 1041 2530 creditori
1058 2474 1190 2531 aduersus
1208 2475 1327 2545 priorem
1346 2476 1497 2547 debitorem
1514 2476 1608 2547 datm,
1633 2475 1731 2532 decem

298 2566 404 2622 dierum
422 2566 459 2621 sit
476 2581 512 2620 an
529 2563 652 2636 pleniori
678 2579 732 2635 ego
749 2563 833 2620 didici
850 2577 885 2620 ex
903 2569 1026 2634 tempore
1042 2563 1072 2618 iu
1088 2564 1225 2634 integrum
1236 2565 1416 2622 restitutionis
1426 2565 1587 2622 tantundem
1598 2567 1731 2637 temporis
1752 2581 1783 2624 as

298 2655 501 2726 praestandum,
513 2659 646 2725 quantum
658 2656 812 2724 supererat:
829 2658 861 2709 tu
872 2651 938 2723 quid
950 2652 986 2708 de
997 2667 1031 2708 eo
1042 2657 1124 2723 putas
1136 2654 1218 2710 uelim
1229 2653 1373 2710 rescribes.
1400 2655 1554 2726 respondit:
1566 2655 1625 2711 sine
1635 2653 1731 2726 dubio,

299 2744 372 2815 qnod
390 2744 426 2800 de
442 2743 585 2815 temporali
603 2743 718 2813 actione,
736 2742 765 2800 in
782 2757 837 2813 qua
853 2741 1009 2814 intercessit
1025 2741 1120 2812 minor,
1139 2743 1256 2816 sensisti,
1274 2749 1342 2816 puto
1360 2745 1452 2802 uerius
1470 2759 1545 2802 esse:
1566 2743 1683 2816 ideoque
1700 2749 1732 2801 et

298 2834 408 2906 pignus,
430 2832 504 2905 quod
521 2832 635 2888 dederet
652 2833 726 2904 prior
743 2830 857 2902 debitor,
875 2835 969 2886 manet
986 2828 1145 2900 obligatum.

1753 3001 1786 3044 ιο

700 3120 738 3201 ut
777 3119 841 3198 DE
869 2985 1038 3198 CAPITVbi
1065 3119 1256 3200 MINUTIS
1295 3119 1333 3200 it
1770 3138 1803 3193 rt

263 3279 279 3336 1
352 3278 446 3335 Gerus
469 3275 538 3334 libro
560 3281 657 3349 qnnrto
680 3277 717 3334 ed
734 3277 854 3334 edictum
871 3277 1045 3348 prouinciale.
1082 3276 1187 3349 (lapids
1204 3277 1318 3335 minutio
1335 3283 1380 3334 est
1396 3281 1486 3334 status
1503 3271 1732 3364 Q
1770 3280 1800 3334 Ε

299 3367 472 3439 permutatio.

262 3455 281 3515 θ
352 3457 504 3512 Unrmnus
526 3453 595 3512 libro
616 3454 781 3512 duodecimo
798 3455 834 3511 sd
852 3455 981 3512 edictum.
1015 3455 1137 3511 Pertinet
1153 3454 1205 3512 boc
1222 3455 1341 3512 edictum
1359 3455 1396 3512 ed
1412 3469 1461 3512 ees
1477 3453 1575 3526 capitis
1593 3448 1732 3540 [Q
1771 3460 1803 3514 E

300 3544 508 3615 deminutiones,
527 3559 598 3615 quse
616 3543 694 3600 sclua
711 3545 823 3602 sinuata
835 3545 1005 3616 contingunt
1032 3549 1154 3600 ceterum
1166 3545 1226 3601 sinc
1237 3545 1383 3601 amissione
1395 3546 1515 3601 ciuitatis
1526 3544 1585 3600 sine
1596 3543 1732 3600 libertatis

300 3634 446 3690 amissione
464 3635 606 3704 contingat
623 3633 720 3705 capitis
738 3632 896 3704 deminutio,
915 3632 1034 3690 cessabit
1044 3634 1164 3690 edictum
1181 3639 1397 3706 sequepcssnnt
1412 3635 1441 3690 hi
1455 3634 1566 3705 penitis
1576 3632 1731 3688 conuenirI:
1755 3645 1791 3686 ss

267 3733 279 3778 1
300 3721 410 3778 dabitur
426 3723 507 3794 plane
531 3723 603 3779 actio
624 3723 652 3778 in
671 3735 732 3792 eos,
756 3721 792 3777 ad
809 3737 878 3792 qnos
900 3722 973 3779 bona
987 3727 1173 3794 peruenerunt
1189 3737 1292 3780 eorum.
1328 3723 1377 3779 Ait
1394 3729 1516 3794 praetor:
1538 3721 1597 3790 'Qui
1614 3735 1732 3793 quaeue,

300 3811 487 3882 ‘posbaqnnm
505 3811 571 3882 quid
589 3827 649 3869 snm
664 3811 708 3868 bis
724 3817 815 3866 actum
828 3816 1034 3868 conbeetnmus
1049 3813 1094 3883 sit,
1112 3813 1200 3884 capite
1212 3813 1344 3868 deminuti
1356 3812 1512 3868 deminutae
1524 3826 1585 3867 esse
1597 3809 1732 3882 fflcentn,

267 3910 282 3956 a
300 3899 335 3956 'in
353 3914 401 3956 eos
419 3915 503 3956 essue
521 3900 641 3971 perinde,
659 3900 738 3971 quasi
755 3899 785 3956 id
802 3899 905 3956 lectum
923 3917 978 3958 non
995 3901 1040 3972 sit,
1057 3900 1189 3959 iudicium
1202 3899 1290 3958 dnbo'.
1317 3901 1354 3958 Hi
1365 3902 1413 3973 qui
1425 3902 1514 3972 capita
1525 3901 1685 3957 mmnnntnr
1696 3915 1732 3954 ex

299 3988 342 4044 bis
359 3990 463 4061 censis,
483 4005 555 4061 quae
572 3990 669 4061 cepitis
687 3988 900 4046 deminutionem
917 3995 1137 4062 praecesserunt,
1155 3994 1268 4046 manent
1283 3989 1397 4060 obligati
1414 3991 1585 4047 naturaliter:
1608 3993 1732 4045 ceterum

299 4079 324 4134 si
340 4085 450 4150 postea,
470 4079 606 4150 imputare
624 4078 686 4154 quis
703 4076 757 4134 sibi
775 4077 886 4134 debebit
903 4095 952 4136 cnr
968 4079 1147 4150 mannent,
1165 4083 1297 4150 qnantum
1315 4077 1352 4134 ad
1369 4078 1456 4135 uerba
1472 4078 1553 4136 buius
1570 4077 1653 4136 edicti
1670 4093 1732 4150 por·
1755 4092 1794 4133 ec

297 4184 477 4256 amisum]

300 4329 308 4362 ¹
327 4326 356 4380 ln
374 4325 417 4380 bis
435 4341 505 4398 quae
523 4324 661 4382 fideiussit
676 4329 721 4383 nel
738 4325 918 4397 fldepromisit
933 4328 978 4383 nel
997 4327 1144 4400 spopondit
1162 4327 1206 4384 nel
1225 4327 1365 4382 mandauit
1381 4326 1461 4382 Pauli
1476 4327 1537 4382 libri

300 4451 378 4505 lest
395 4449 580 4506 extimendum
598 4451 640 4506 P·
683 4449 995 4522 2‘ne'denegandan
1040 4452 1101 4508 PL·
1135 4453 1171 4508 2³
1183 4456 1314 4522 superant
1323 4450 1397 4507 ΡΨ
1427 4451 1603 4521 bbsnliP·
1637 4451 1733 4506 issu·

297 4519 436 4589 tfuerint]
449 4521 505 4576 sint
515 4522 548 4586 L,
559 4526 624 4578 sunt
632 4522 730 4592 PVUl
746 4522 943 4579 rescindenda
951 4523 989 4578 F'
1040 4528 1119 4596 perat
1129 4525 1177 4590 1²⁶,
1189 4526 1320 4594 superant
1333 4523 1361 4577 V
1391 4523 1425 4578 il
1437 4528 1505 4592 puto
1517 4537 1574 4580 uer.
1583 4537 1645 4580 esse
1657 4523 1733 4580 ideo-

298 4593 467 4647 insanus
485 4593 524 4645 F’
567 4593 711 4664 demptus
728 4594 769 4649 P⁰
814 4594 987 4663 iscium
1060 4611 1095 4652 ue
1114 4595 1292 4652 etom.P·V
1342 4593 1376 4650 31
1389 4593 1732 4665 quarto1diPViiiiLl

298 4661 447 4719 edberede
458 4665 514 4729 Ρ,
527 4662 562 4719 ab
574 4662 694 4720 heridem
706 4666 748 4721 P·
782 4665 989 4737 tirespondibe
1063 4668 1188 4724 'minucio
1206 4665 1329 4734 PVLUl
1345 4669 1390 4722 est
1406 4667 1509 4721 oscP·
1556 4667 1591 4722 34
1608 4666 1734 4722 deminu-

298 4735 338 4790 tis
349 4735 398 4788 F·e
414 4736 419 4804 l
434 4735 598 4820 procesif·
639 4735 872 4806 nunquamne*
913 4738 988 4793 121i-
1041 4739 1140 4808 tiones]
1160 4735 1370 4794 deminutionibs
1384 4737 1422 4790 F·
1470 4737 1507 4793 35
1523 4737 1701 4864 edictigeque
1714 4737 1741 4792 F

296 4803 387 4861 beret
408 4813 504 4861 minor*
522 4807 645 4862 ancillam
662 4807 700 4861 Ρ
755 4809 789 4863 14
811 4807 874 4863 hab.
892 4813 947 4863 act
964 4808 993 4863 P
1042 4811 1077 4866 36
1095 4809 1167 4866 ectio
1180 4809 1227 4864 *in
1238 4807 1275 4863 ps
1291 4810 1296 4878 Ι
1311 4809 1356 4879 nd]
1375 4823 1407 4864 as
1424 4809 1469 4875 F,
1488 4813 1518 4864 at
1529 4808 1567 4862 pn
1629 4807 1733 4880 lcum]

299 4877 334 4932 15
350 4875 400 4962 liat
417 4896 467 4931 mn.
479 4878 516 4930 P
535 4879 540 4944 Ι
561 4883 589 4932 et
606 4878 679 4962 *tale
697 4879 734 4932 Γ*
753 4949 760 4966 ·
788 4880 823 4934 16
840 4881 989 4935 constitute
1042 4895 1105 4936 eum
1122 4881 1164 4950 ΕΙ
1179 4880 1290 4968 eniti*
1300 4879 1328 4966 (e
1339 4882 1460 4966 semis)
1476 4881 1481 4948 1
1497 4879 1630 4936 deminuti
1647 4880 1734 4966 demi-

297 4948 990 5092 sustinetsustinet!
1042 4951 1586 5079 inluminasset
1599 4951 1735 5079 istst

298 5091 429 5148 stolarum
452 5091 489 5145 F¹
509 5091 514 5160 Ι
534 5092 644 5148 innius
665 5091 703 5146 Ρ
756 5095 791 5149 22
812 5092 870 5163 qni]
891 5095 939 5163 qni
961 5095 990 5149 in
1042 5093 1173 5165 ga'n'tiF
1197 5093 1502 5165 40sibiqnisPVLUl
1517 5093 1574 5164 eur]
1589 5109 1652 5152 cnm
1662 5093 1739 5150 ΡΨ
