3804 5556
290 267 332 333 III
355 269 375 333 5
395 275 512 328 30-33
736 295 741 310 ·
969 261 1053 340 106
1496 282 1542 328 nn
1564 281 1726 329 uncorus

289 429 346 494 est,
371 424 436 493 quia
458 422 602 478 frustratos
625 422 822 478 condemnatus
841 427 896 479 est:
919 429 1040 478 ceterum
1060 423 1084 477 si
1102 423 1219 491 amicus,
1244 437 1306 477 curn
1325 419 1466 476 absentem
1484 417 1644 476 defenderet
1662 433 1726 474 eon·

289 512 446 582 demnatus,
470 513 641 582 negotiorum
660 517 800 581 gestorum
819 517 896 581 aget,
920 513 1021 582 poterit
1038 512 1064 565 ei
1082 511 1224 582 imputari,
1244 512 1266 565 si
1285 525 1347 564 eum
1364 514 1459 579 posset
1477 525 1531 563 non
1550 508 1725 577 appellasset

256 617 270 660 e
290 601 342 666 Qui
360 602 449 655 aliene
468 601 578 670 negotis
596 601 674 669 gerit,
694 615 791 653 usuras
808 605 948 669 praestare
967 600 1074 669 cogitur
1092 600 1150 653 eius
1169 599 1273 652 scilicet
1290 599 1431 668 pecuniae,
1449 612 1520 668 quae
1537 597 1662 666 purgatis
1679 609 1726 650 ne-

255 704 271 749 4
290 691 415 744 oessuriis
434 689 588 759 sumptibus
607 692 739 758 superest.
767 687 893 743 Libertos
912 694 1014 744 certem
1032 687 1176 758 pecuniam
1195 687 1318 756 accipere
1336 690 1453 742 testator
1469 686 1655 754 adsumptum
1669 698 1726 738 mo-

289 779 412 834 numenti
435 777 536 832 uoluit:
560 777 584 831 si
607 775 673 846 quid
691 777 807 845 amplius
826 775 907 831 fuerit
925 781 1081 846 erogatum,
1104 774 1205 830 iudicio
1223 775 1394 844 negotiorum
1413 779 1552 844 gestorum
1572 771 1606 827 ab
1625 771 1759 828 heredes

256 880 270 926 s
289 881 343 920 non
356 869 430 919 reete
441 869 550 934 petetur
559 885 603 918 nec
612 865 670 918 iure
679 862 890 933 fideicommissi,
903 881 965 919 oum
975 866 1101 920 uoluntas
1110 863 1192 918 finem
1203 863 1367 932 erogationis
1376 861 1480 918 iecerit.
1499 862 1553 917 Tu·
1568 857 1725 944 Q

289 954 355 1009 toris
374 952 452 1007 heres
471 951 599 1022 impubes
614 951 686 1007 lilius
705 953 740 1007 ob
759 968 804 1022 se,
829 969 899 1022 quae
917 959 992 1009 tutor
1010 951 1019 1021 il
1041 953 1099 1006 eius
1117 953 1146 1006 in
1165 950 1246 1007 rebus
1264 951 1383 1021 pupillae
1401 956 1533 1020 paternae
1551 951 1651 1020 gessit,
1670 966 1725 1004 non
1745 960 1761 1006 l.
1772 955 1812 1007 δι’

255 1059 269 1103 s
288 1048 404 1112 tenetur,
417 1041 467 1096 sed
479 1047 554 1095 tutor
565 1041 673 1110 proprio
685 1042 794 1095 nomine
806 1042 906 1096 iudicio
918 1041 1090 1110 negotiorum
1103 1045 1242 1109 gestorum
1252 1040 1437 1095 conuenietur.
1456 1038 1555 1105 Quam-
1583 1050 1725 1107 13.17,1,30

288 1147 370 1201 quam
389 1138 476 1185 mater
493 1129 541 1184 filii
559 1129 670 1198 negotia
688 1129 838 1184 secundum
849 1129 936 1198 patris
946 1129 1114 1183 uoluntatem
1127 1129 1237 1198 pietatis
1249 1126 1350 1183 fiducia
1361 1131 1448 1197 gerat,
1466 1133 1559 1182 temen
1571 1114 1726 1182 ἰιῖιιο-τοῆ

287 1219 407 1288 periculo
426 1233 477 1272 suo
495 1217 582 1272 litium
600 1232 685 1272 eausa
703 1217 885 1272 constituendi
903 1233 959 1271 non
977 1215 1096 1286 hebebit,
1115 1217 1180 1286 quie
1197 1232 1249 1271 nec
1267 1217 1328 1286 ipss
1341 1214 1388 1270 lilii
1401 1216 1510 1271 nomine
1522 1222 1596 1272 recto
1607 1219 1666 1286 agit
1677 1222 1726 1271 ant
1745 1229 1774 1269 10

255 1320 269 1366 7
287 1322 332 1360 res
343 1306 477 1361 bonorum
490 1305 549 1360 eius
561 1305 662 1360 alienat
673 1305 718 1359 uel
731 1305 881 1361 debitorem
890 1305 1038 1375 impuberis
1049 1304 1207 1375 accipiendo
1216 1305 1361 1374 pecuniam
1369 1303 1474 1359 liberat.
1494 1305 1555 1360 Uno
1568 1300 1726 1388 Q]

287 1392 452 1448 defendente
471 1409 581 1448 causam
600 1393 751 1448 communis
770 1409 857 1463 aquae
876 1395 1012 1449 sententia
1028 1393 1140 1463 praedio
1158 1394 1253 1448 detur:
1278 1393 1327 1448 sed
1345 1394 1393 1462 qui
1410 1398 1537 1464 sumptus
1555 1382 1725 1450 necessarios

288 1480 492 1551 reprobabiles
511 1481 539 1536 in
558 1482 694 1536 communi
713 1483 759 1538 lite
778 1481 851 1552 iecit,
870 1484 1040 1552 negotiorum
1060 1487 1199 1552 gestorum
1218 1480 1353 1536 actionem
1371 1480 1462 1536 habet.

143 1574 179 1629 31
204 1573 268 1650 (32)
340 1570 418 1624 Iesu
442 1569 510 1624 libro
532 1571 613 1624 tertio
636 1585 837 1638 responsorum.
874 1570 1031 1626 Fideiussor
1048 1571 1184 1640 imperitia
1199 1570 1293 1638 lapsus
1311 1569 1423 1624 alterius
1441 1584 1549 1640 quoque
1568 1564 1724 1652 [Etr—‚et
1744 1575 1772 1629 P

287 1663 458 1726 contractus,
477 1657 523 1726 qui
541 1673 687 1727 personam
706 1658 764 1712 eius
783 1673 838 1712 non
856 1658 1041 1728 contingebat,
1059 1659 1174 1728 pignora
1191 1658 1235 1711 uel
1253 1655 1422 1728 hypotheses
1440 1659 1561 1728 suscepit
1578 1664 1606 1713 et
1622 1646 1725 1714 u't'r‘affn’·
1744 1671 1773 1712 rs

286 1761 339 1816 que
357 1746 502 1816 pecuniam
521 1746 649 1800 creditori
667 1745 761 1815 soluit,
785 1746 943 1801 existimans
961 1747 1133 1802 indemnitati
1150 1761 1217 1801 suae
1235 1743 1356 1800 confessis
1373 1745 1493 1814 praediis
1510 1747 1615 1802 consuli
1631 1762 1724 1818 posse.

286 1834 322 1890 ob
343 1850 391 1889 eas
409 1849 454 1888 res
472 1834 572 1890 iudicio
591 1833 713 1888 mandati
730 1832 831 1888 frustra
849 1835 1028 1890 conuenietur
1045 1839 1074 1890 et
1091 1835 1151 1904 ipse
1169 1832 1319 1888 debitorem
1338 1831 1440 1888 frustra
1457 1835 1617 1905 conueniet,
1639 1851 1724 1905 nego·

285 1923 384 1978 tiorum
404 1927 496 1977 eutem
514 1927 654 1992 gestorum
674 1922 746 1976 aetio
763 1922 872 1991 utrique
889 1925 1047 1978 necessaria
1064 1925 1128 1979 erit:
1147 1923 1176 1977 in
1194 1937 1249 1992 qua
1262 1922 1311 1976 lite
1322 1921 1430 1990 culpam
1442 1922 1580 1977 aestimari
1591 1924 1659 1978 satis
1671 1929 1724 1993 est,

286 2025 341 2066 non
359 2011 440 2066 etiam
460 2026 569 2080 essum,
588 2011 653 2080 quia
669 2010 772 2080 praedo
790 2008 935 2067 fideiussor
952 2028 1007 2068 non
1025 2012 1142 2068 uidetur.
1169 2009 1287 2065 creditor
1305 2009 1340 2066 ob
1358 2010 1386 2065 id
1404 2008 1506 2065 iactum
1525 2011 1561 2065 ad
1578 2013 1723 2067 testimen-

286 2099 351 2154 dnm
369 2099 478 2168 iudicio,
497 2099 571 2168 quod
588 2099 624 2153 de
642 2099 756 2168 pignore
775 2098 840 2154 dato
858 2099 988 2170 redditur,
1007 2116 1069 2156 cum
1088 2099 1214 2154 uideatur
1231 2099 1275 2153 ius
1293 2114 1373 2153 suum
1390 2098 1556 2168 uendidisse,
1575 2114 1630 2155 non
1647 2105 1723 2156 tene·
1743 2113 1772 2152 ao

253 2197 266 2241 1
286 2187 367 2243 bitur.
404 2188 551 2258 Ignorante
569 2189 676 2257 uirgine
694 2193 781 2242 mater
800 2203 816 2240 a
834 2203 935 2257 sponso
953 2189 1025 2244 filiae
1043 2205 1086 2245 res
1104 2189 1220 2244 donatas
1235 2188 1374 2256 suscepit:
1392 2187 1457 2258 quie
1474 2187 1596 2242 mandati
1613 2188 1658 2244 uel
1676 2189 1723 2244 de·

286 2277 369 2345 positi
386 2280 478 2330 cessat
496 2277 576 2346 actio,
595 2277 766 2346 negotiorum
785 2283 926 2346 gestorum
944 2279 1043 2346 egitur.

142 2359 180 2416 32
202 2358 267 2438 (33)
339 2363 416 2418 lnrru
438 2363 507 2418 libro
529 2364 636 2420 decimo
655 2380 855 2434 responsorum.
892 2367 979 2422 Heres
996 2366 1048 2422 uiri
1065 2363 1186 2420 deinneti
1204 2379 1326 2434 uxorem,
1344 2378 1416 2434 quac
1433 2377 1478 2418 res
1495 2362 1548 2418 uiri
1566 2357 1723 2448 Q
1743 2371 1771 2426 P

285 2457 408 2522 tempore
432 2453 588 2522 nuptiarum
612 2454 641 2507 in
664 2468 716 2508 sua
738 2457 875 2522 potestate
898 2453 1005 2523 hebuit,
1029 2454 1191 2524 compilatae
1215 2451 1373 2508 hereditatis
1395 2451 1534 2523 postulare
1555 2467 1612 2508 ¹non
1630 2451 1722 2508 debet

285 2541 446 2611 prudentius
465 2542 558 2611 itaque
577 2540 667 2610 saciet,
687 2542 710 2596 si
728 2540 764 2595 sd
783 2541 965 2598 exhibendum
984 2548 1013 2598 et
1031 2543 1201 2612 negotiorum
1219 2545 1367 2612 gestorum,
1387 2540 1539 2610 sinegotia
1550 2556 1660 2611 qnoque
1671 2543 1723 2597 uiri
1742 2556 1772 2597 ss

285 2630 379 2700 gessit,
399 2645 460 2684 eum
479 2645 513 2684 ea
530 2627 613 2684 fuerit
629 2635 767 2700 expertus.

141 2713 179 2770 33
202 2713 267 2792 (34)
338 2717 458 2774 Psunus
475 2717 544 2774 libro
561 2719 649 2788 primo
667 2719 867 2788 quaestionum.
899 2719 1052 2775 Nesennlus
1069 2717 1233 2789 Apollinaris
1251 2718 1320 2773 Iulio
1337 2718 1422 2774 Paulo
1441 2714 1606 2801 [erutae.
1624 2729 1724 2791 spes
1741 2727 1768 2782 P

286 2806 410 2861 salutem.
439 2805 513 2861 Auia
530 2808 637 2877 nepotis
656 2807 699 2862 sui
717 2807 828 2876 negotia
845 2809 946 2877 gessit:
965 2807 1102 2864 defunctis
1118 2808 1241 2876 utrisque
1260 2807 1339 2862 auiae
1356 2806 1472 2862 heredes
1489 2808 1724 2864 conueniebentur

285 2910 303 2949 a
319 2895 427 2965 nepotis
445 2893 591 2951 heredibus
609 2896 781 2965 negotiorum
799 2901 939 2966 gestorum
958 2897 1078 2952 actione:
1097 2896 1261 2966 reputabant
1277 2895 1394 2951 heredes
1412 2895 1491 2951 auiee
1502 2897 1723 2966 alimentspree·

285 2984 351 3038 etita
368 2983 470 3053 nepoti.
498 2983 714 3055 respondebatur
726 2985 816 3039 auiam
828 2985 887 3040 iure
899 2986 1008 3056 pietatis
1021 2985 1056 3040 de
1069 2999 1119 3040 suo
1131 2985 1314 3055 praestitisse:
1333 2985 1468 3039 necerim
1481 2989 1529 3040 eut
1540 2985 1721 3056 desiderasse,
1742 2995 1770 3037 so

284 3079 316 3127 ut
335 3072 547 3128 decernerentur
565 3073 701 3142 elimenta,
720 3079 768 3128 aut
785 3073 896 3128 decreta
913 3079 1014 3130 essent
1041 3079 1183 3142 praeterea
1201 3074 1377 3129 constiurtum
1396 3087 1458 3128 esse
1475 3071 1630 3143 dicebatur,
1648 3078 1681 3128 at
1697 3075 1722 3128 si

285 3167 373 3216 mater
390 3161 510 3229 aluisset,
529 3176 584 3216 non
601 3167 696 3231 posset
713 3161 850 3231 alimenta,
869 3176 939 3230 quae
958 3162 1060 3231 pietate
1079 3168 1195 3230 cogente
1206 3162 1241 3217 de
1254 3177 1304 3217 sno
1316 3161 1507 3231 praestitisset,
1524 3165 1658 3231 repetere.
1686 3176 1722 3216 ex

284 3250 420 3304 cornerio
439 3248 582 3304 dicebatur
599 3254 665 3305 usuc
682 3248 734 3304 hoc
752 3254 827 3304 reete
847 3249 909 3318 dici,
928 3253 959 3304 ut
976 3248 1011 3304 de
1029 3264 1079 3304 suo
1098 3251 1198 3306 aluisse
1211 3256 1298 3305 mater
1309 3248 1482 3320 probaretur:
1501 3255 1530 3304 at
1541 3250 1569 3304 in
1580 3249 1722 3319 proposito

284 3339 383 3408 auiam,
402 3353 473 3408 quae
491 3339 603 3407 negotia
620 3336 835 3406 administrabat,
854 3337 1000 3392 uerisimile
1019 3353 1080 3392 esse
1099 3338 1134 3393 de
1152 3354 1181 3393 re
1193 3339 1278 3409 ipsius
1290 3339 1398 3408 nepotis
1410 3354 1473 3393 eum
1485 3337 1594 3393 aluisse.
1621 3343 1721 3393 tracta

283 3432 342 3482 tum
361 3432 411 3496 est,
431 3425 580 3496 numquid²
599 3429 715 3495 utroque
733 3426 895 3496 patrimonio
914 3431 1027 3496 erogata
1043 3427 1196 3482 uideantur.
1223 3441 1325 3498 quaero
1337 3427 1402 3496 quid
1413 3425 1463 3481 tibi
1475 3425 1573 3481 iustius
1584 3425 1721 3482 uideatur.
1741 3439 1770 3481 ss

283 3515 426 3584 respondi:
445 3513 514 3570 haee
532 3514 695 3584 disceptatio
713 3515 741 3568 in
759 3511 861 3568 iactum
880 3515 1016 3569 constitit:
1035 3531 1099 3569 narn
1117 3520 1145 3570 et
1158 3515 1234 3585 illud,
1251 3515 1326 3586 quod
1337 3516 1366 3570 in
1378 3519 1464 3570 matre
1477 3515 1654 3570 constitutum
1668 3520 1721 3585 est,

283 3618 338 3659 non
356 3607 424 3672 puto
443 3602 482 3657 ita
499 3607 632 3672 perpetuo
650 3599 860 3656 obseruandum.
889 3601 955 3671 qnid
973 3603 1046 3658 enim
1064 3604 1088 3658 si
1106 3604 1188 3660 etiam
1206 3608 1358 3674 protestata
1370 3609 1413 3659 est
1424 3619 1455 3660 se
1466 3601 1552 3659 tilium
1563 3603 1626 3658 ideo
1638 3603 1720 3674 alere,

282 3695 315 3746 ut
332 3696 381 3746 aut
398 3691 488 3760 ipsum
507 3695 555 3744 ant
573 3695 678 3746 tutores
696 3690 755 3744 eius
767 3690 945 3744 conueniret?
971 3707 1042 3761 pone
1054 3707 1169 3762 peregre
1181 3698 1286 3764 petrem
1297 3693 1356 3748 eius
1369 3692 1460 3748 obisse
1472 3696 1501 3747 et
1512 3697 1635 3760 matrem,
1653 3692 1720 3748 dum

283 3779 312 3834 in
335 3778 452 3848 patriam
475 3779 634 3847 reuertitur,
660 3781 716 3832 tam
739 3775 825 3832 filium
843 3791 925 3848 quern
944 3776 1073 3836 familiam
1092 3781 1150 3837 eius
1168 3779 1339 3836 exhibuisse:
1362 3782 1391 3836 in
1408 3795 1464 3852 qua
1481 3781 1573 3850 specie
1591 3781 1674 3835 etism
1691 3781 1721 3836 in

283 3867 372 3936 ipsum
396 3866 528 3936 pupillum
551 3867 723 3936 negotiorum
747 3871 886 3936 gestorum
910 3866 1029 3924 dandam
1053 3870 1188 3925 sotionem
1212 3870 1293 3925 diuus
1311 3870 1376 3924 Pius
1393 3869 1549 3925 Antoninus
1570 3869 1720 3924 constituit
1739 3882 1768 3923 so

283 3954 367 4026 igitur
389 3956 419 4010 in
437 3969 466 4010 re
484 3953 550 4010 iacti
569 3952 675 4010 facilius
693 3953 796 4024 putabo
815 3953 905 4009 auiam
923 3957 967 4011 uel
986 3955 1100 4013 heredes
1118 3959 1178 4014 eius
1196 3957 1359 4027 audiendos,
1384 3959 1408 4012 si
1424 3962 1552 4027 reputare
1568 3957 1656 4012 uelint
1672 3957 1718 4012 ali·

282 4053 433 4122 muru)

284 4187 292 4219 ¹
312 4183 346 4238 de
365 4181 492 4264 tns.·(P⁵)

284 4304 485 4362 lbnstrator
508 4307 545 4359 F²
603 4307 680 4362 iiim
700 4309 771 4362 uteri
792 4307 829 4362 1³¹
853 4309 858 4373 Ι
882 4307 974 4378 appal—
1027 4306 1122 4362 ieosrit
1146 4309 1183 4373 L,
1206 4306 1321 4365 iecerint
1344 4309 1371 4362 P
1420 4309 1455 4364 15
1477 4309 1636 4380 contigebat
1652 4312 1718 4384 Ρ·Ι

282 4377 451 4444 1ιιιιιοΡ(ιιιι
463 4397 496 4430 m.
504 4377 532 4444 3)
576 4377 658 4447 iqui]
700 4379 800 4444 cumB,
812 4379 975 4449 papinianus
1028 4378 1143 4448 suscipit
1164 4380 1201 4432 F¹
1226 4380 1232 4449 Ι
1255 4383 1417 4450 utramque
1439 4379 1477 4433 ps
1543 4382 1577 4436 li
1601 4380 1722 4438 instra

281 4447 350 4502 libro
373 4448 393 4501 ii
417 4451 507 4511 (sexta
531 4445 590 4513 PV,
615 4449 634 4503 ii
657 4467 706 4504 om.
722 4449 757 4516 U)
783 4465 974 4520 responsorum
1028 4449 1155 4504 ιιιιιιιι]3
1190 4451 1224 4504 18
1234 4449 1352 4520 qualite]
1363 4450 1494 4517 meist,
1503 4453 1636 4522 qualitate
1644 4455 1721 4509 ΡΠ·

282 4519 328 4588 qni
354 4518 462 4573 PVLU
517 4519 734 4588 bnegotiarum
762 4521 798 4574 ΡΙ
856 4522 974 4590 lipete·
1030 4522 1062 4575 19
1072 4519 1387 4592 praedioF⁸lath⁰
1418 4524 1589 4579 asseret?
1614 4525 1720 4595 24sus]

281 4594 343 4644 *tur⁴
361 4590 399 4642 F²
422 4590 427 4658 Ι
451 4589 511 4660 nec]
536 4589 571 4644 dc
592 4591 620 4642 F
618 4631 627 4656 ,
652 4590 714 4652 cire
737 4591 785 4645 rs'trr
805 4591 975 4661 ncrorrbpotts
1028 4591 1071 4646 sui
1089 4591 1125 4644 F¹
1180 4591 1373 4662 regestorum
1392 4595 1489 4648 ΜΡ
1544 4596 1578 4650 29
1592 4601 1722 4665 *reputa-

280 4659 973 4801 ,surrrecturus
1026 4657 1168 4801 tenluz
1508 4666 1722 4822 triste:

282 4803 316 4857 10
333 4800 404 4857 habe
424 4802 446 4856 it
459 4807 564 4857 ...aut
580 4818 625 4857 res
644 4804 683 4857 bis
697 4803 744 4854 Ρ*
799 4805 831 4858 11
850 4803 974 4858 unlo⁴F³
1026 4803 1061 4860 35
1079 4808 1140 4858 est⁴
1153 4804 1190 4856 Ρ
1242 4805 1278 4859 36
1297 4806 1499 4861 consistitPW
1552 4809 1587 4863 37
1605 4813 1645 4863 tta
1658 4823 1721 4880 per·

281 4875 316 4928 12
340 4871 480 4928 deferente
499 4872 579 4927 P0U·
603 4875 607 4940 Ι
632 4877 756 4943 sumptos
779 4875 806 4926 F
823 4877 881 4940 (em.
899 4895 932 4928 m.
944 4875 973 4940 3)
1045 4878 1109 4928 etuo
1132 4875 1171 4928 dis
1195 4876 1242 4928 Μ
1263 4875 1268 4943 1
1288 4875 1490 4932 obserbandum
1512 4879 1540 4931 F
1587 4880 1622 4934 39
1646 4879 1720 4935 exhi·

282 4942 526 5030 13eeprobabiles
538 4943 668 5014 (probiles
676 4943 737 5012 P⁶)]
751 4943 834 5010 PLU,
847 4944 973 5016 probabi·
1009 4891 1137 5018 ¹fluisse
1155 4944 1192 4998 Fi
1243 4946 1385 5002 lorsam
1404 4949 1441 5002 Ρ
1489 4947 1524 5004 41
1543 4949 1571 5004 ἰιι
1589 4949 1662 5005 re‘m'
1675 4951 1718 5022 rt

280 5014 357 5080 leel}
368 5015 511 5080 sacraticos
522 5015 560 5068 asi
570 5015 800 5069 aeaolrnseuesec
808 5016 835 5070 B
846 5016 955 5084 (Aaron.)
966 5015 971 5086 Ι
1025 5015 1098 5085 faeti]
1118 5016 1183 5082 HJ,
1200 5014 1275 5072 faeta
1321 5017 1412 5072 VL‘U
