3734 5578
208 327 213 344 .
263 268 367 336 XXVI
390 270 407 333 7
430 274 464 328 61
485 301 517 312 -
538 267 594 331 85
934 255 1023 334 774
1202 279 1248 324 nn
1270 275 1511 325 snouoarrsnn
1534 277 1579 323 nn
1600 276 1691 324 cosa

263 427 361 482 ditoril
378 423 538 479 hereditatis
556 420 737 491 praestandas
756 433 825 487 esse,
847 419 927 472 sicuti
946 417 1024 472 beree
1042 417 1088 472 uel
1104 416 1238 472 bonorum
1256 431 1399 485 possessor
1416 415 1440 470 si
1457 414 1525 470 nibil
1543 413 1623 484 culpa
1639 415 1693 469 eins

263 513 366 570 iactum
384 515 421 568 sit
444 511 541 576 (ueluti
559 512 583 565 si
601 509 686 565 fundo
705 507 867 563 hereditario
891 507 919 562 ni
942 506 1066 561 deiectus
1088 507 1125 561 sit
1147 511 1195 560 ant
1217 520 1314 560 aeruna
1336 504 1516 560 hereditarius
1539 503 1694 558 uulneratus

264 603 300 658 ab
319 604 409 672 aliquo
427 603 464 657 sit
481 603 540 656 sine
559 601 640 669 culpa
657 598 844 669 possessoris),
863 595 930 651 nibil
941 596 1003 665 plus
1019 610 1101 664 quam
1114 595 1245 664 actiones,
1265 609 1333 663 quaa
1346 607 1378 648 eo
1391 593 1501 648 nomine
1513 591 1605 660 babet,
1621 606 1694 662 prae·

264 697 338 747 stare
356 691 464 746 debeat.
492 690 565 744 idem
584 688 730 743 dicendum
750 691 793 741 est
810 691 839 740 et
857 685 947 755 siper
966 689 1118 739 curatorem
1137 681 1232 738 furiosi
1251 683 1331 752 culpa
1342 682 1387 736 uel
1399 681 1461 737 dolo
1474 681 1543 750 quid
1554 681 1695 736 amissnm¹

263 779 354 850 fuerit,
373 779 603 849 quemadmodum
622 777 645 832 si
663 775 730 846 quid
748 775 894 844 stipulatus
912 777 987 828 tutor
1004 773 1050 827 uel
1068 777 1176 828 curator
1194 770 1293 826 fnisset
1310 776 1359 826 aut
1373 770 1545 826 uendidisset
1555 785 1612 824 rem
1625 769 1696 824 berc·
1712 777 1724 816 ⁶

264 870 399 924 dicaciam.
427 871 537 938 impune
556 873 647 922 antem
666 870 733 934 puto
752 862 950 918 admittendum
957 862 976 930 ⁸,
995 861 1069 930 quod
1086 876 1136 931 per
1152 859 1273 916 furorem
1292 859 1406 915 alicuius
1418 859 1528 929 accidit,
1546 874 1602 929 quo
1619 859 1697 915 modo

265 959 289 1014 si
307 974 374 1014 casu
392 959 482 1028 aliquo
501 957 559 1012 sine
577 953 651 1010 facto
669 969 802 1024 personae
820 951 848 1007 id
866 950 1021 1006 accidisset.

849 1143 851 1148 ⁴
929 1148 1028 1232 Vlll.

371 1290 408 1367 R
447 1289 511 1366 DE
538 1283 877 1365 AUCTORITATE
904 1282 966 1360 ET
996 1281 1240 1360 CONSENSU
1269 1281 1500 1360 TUTORUM
1526 1283 1590 1360 ET
1718 1303 1797 1358 sarr

799 1408 1092 1487 CURATORUM
1131 1409 1169 1484 lt
1718 1435 1742 1476 ιι

230 1581 246 1637 1
319 1578 469 1634 Unersrrus
486 1576 554 1631 libro
573 1574 708 1645 primoad
725 1572 866 1629 Sabinum.
894 1573 1065 1643 Quamquam
1083 1573 1179 1642 regula
1196 1571 1233 1626 sit
1249 1571 1316 1626 luris
1334 1571 1447 1626 ciuilis
1439 1587 1468 1641 ιιι
1485 1587 1544 1626 ram
1563 1567 1736 1656 ΜΒ

265 1681 343 1723 suam
362 1670 501 1721 auctorem
519 1668 638 1720 tutorem
655 1661 714 1718 fieri
732 1679 787 1718 non
804 1677 901 1732 posse,
923 1667 1016 1717 tamen
1038 1665 1131 1731 potest
1153 1664 1228 1716 tutor
1249 1659 1352 1730 proprii
1374 1660 1417 1715 sni
1441 1659 1574 1716 debitoris
1599 1663 1702 1718 beredi-

264 1759 349 1810 tatem
368 1754 481 1809 adeunti
496 1754 598 1823 pupillo
616 1752 806 1808 auctoritatem
825 1749 1047 1820 accommodare,
1070 1749 1195 1820 quamuis
1213 1763 1263 1819 per
1279 1746 1332 1804 boo
1350 1746 1458 1804 debitor
1475 1750 1536 1804 eius
1553 1749 1703 1808 efficiatur:

264 1844 352 1914 prima
370 1844 442 1897 enim
460 1843 529 1898 ratio
549 1841 718 1896 auctoritatis
737 1855 770 1895 ea
787 1844 838 1910 est,
857 1843 889 1894 ut
906 1838 985 1894 heres
1003 1837 1060 1908 fiat,
1079 1854 1129 1909 per
1143 1838 1353 1908 consequentias
1370 1837 1510 1908 contingit,
1529 1843 1561 1893 ut
1579 1839 1703 1896 debitum

264 1931 372 1987 subeat.
400 1947 430 1986 se
448 1937 541 1998 tamen
559 1935 670 1984 auctore
689 1928 725 1984 ab
743 1943 776 1984 eo
795 1928 919 1998 stipulari
936 1943 991 1983 non
1009 1932 1110 1996 potest
1136 1931 1165 1982 et
1183 1943 1246 1982 cum
1264 1926 1374 1996 quidam
1390 1927 1583 1983 auctoritatem
1595 1944 1703 1984 weom-
1720 1940 1745 1980 rs

265 2021 344 2075 daret
366 2020 486 2090 pupillae
510 2034 589 2087 suae,
613 2023 645 2072 ut
667 2032 747 2072 seruo
772 2031 821 2072 suo
845 2016 986 2085 stipulanti
1009 2015 1169 2086 sponderet,
1192 2015 1273 2070 diuus
1294 2015 1360 2070 Pius
1382 2014 1540 2073 Antoninus
1563 2019 1705 2088 rescripsit

265 2108 323 2164 iure
341 2109 470 2178 pupillam
489 2123 543 2163 non
561 2106 661 2175 teneri,
680 2105 730 2160 sed
748 2106 925 2174 inquantum
943 2105 1104 2174 locupietior
1121 2103 1196 2160 facta
1213 2109 1263 2173 est,
1282 2103 1401 2159 dandam
1419 2103 1566 2160 actionem.
1594 2106 1704 2162 sed⁴si

266 2199 362 2251 auctor
379 2195 436 2265 fiat,
454 2202 485 2250 ut
502 2195 558 2250 filio
576 2211 626 2250 suo
644 2193 710 2264 quid
728 2194 860 2263 tradatur,
879 2194 953 2249 nulla
972 2193 1023 2248 erit
1041 2193 1202 2250 auctoritas:
1221 2192 1364 2248 euidenter
1381 2193 1454 2248 enim
1472 2209 1524 2250 sua
1539 2195 1704 2250 anctoritate

235 2298 323 2342 rrem
343 2284 470 2354 adquirit.
506 2285 594 2338 Tutor
612 2284 635 2338 si
652 2283 756 2338 inuitus
774 2287 897 2338 retentus
916 2283 953 2337 sit
970 2297 1020 2352 per
1037 2282 1106 2353 nim,
1131 2297 1186 2337 non
1208 2283 1284 2338 ualet
1300 2281 1374 2352 quod
1392 2282 1496 2350 agitur:
1521 2297 1612 2352 neque
1633 2284 1704 2338 enim

266 2374 422 2443 praesentia
439 2373 559 2442 corporis
581 2369 683 2427 suflicit
707 2370 743 2426 ad
765 2372 969 2442 auctoritatem,
994 2377 1026 2427 nt
1047 2371 1071 2427 si
1090 2386 1185 2428 somno
1209 2375 1258 2426 aut
1279 2370 1375 2426 morbo
1397 2371 1529 2426 comitiali
1552 2377 1706 2442 occupatus
1722 2385 1747 2425 ιι

265 2461 424 2517 tacuisset⁵.

230 2553 248 2611 2
320 2549 397 2603 lnam
418 2549 488 2604 libro
510 2548 641 2603 uicesimo
663 2553 761 2618 quarto
784 2547 820 2602 ad
838 2546 978 2604 Sabinum.
1015 2549 1095 2606 Nulla
1112 2547 1266 2604 differentia
1284 2552 1335 2618 est,
1353 2562 1408 2603 non
1426 2547 1545 2603 interue-
1565 2543 1705 2632 [Β.
1611 2561 1653 2614 37,
1662 2562 1684 2616 Β,
1692 2556 1741 2611 ts

266 2639 325 2694 uiat
343 2639 491 2694 auotoritas
508 2637 607 2692 tutoris
626 2653 661 2691 an
679 2651 821 2707 perperam
839 2637 1009 2694 adhibeatur.

230 2731 280 2800 3
319 2727 438 2782 eamus
456 2726 524 2782 libro
543 2730 642 2781 octauo
657 2725 693 2780 ad
705 2724 845 2781 Sabinum.
872 2726 989 2782 Etiamsi
1006 2741 1062 2782 non
1079 2726 1263 2795 interrogatus
1281 2729 1355 2781 tutor
1372 2731 1470 2780 auctor
1487 2723 1545 2794 fiat,
1565 2721 1704 2811 [Β.
1611 2739 1653 2795 st,
1662 2739 1707 2794 ss
1724 2735 1742 2788 S

267 2817 342 2871 ualet
359 2815 508 2870 auctoritas
527 2815 595 2884 eius,
613 2830 676 2869 cum
695 2829 725 2870 se
743 2814 860 2884 probare
879 2815 889 2888 ΙΙ
909 2815 975 2871 dicit
991 2814 1021 2869 id
1038 2814 1112 2884 quod
1130 2815 1235 2885 agitur:
1253 2813 1305 2870 boc
1323 2819 1366 2869 est
1384 2814 1457 2869 enim
1476 2819 1618 2870 auctorem
1639 2815 1706 2872 fieri
1723 2819 1788 2871 tter·

229 2908 250 2966 4
319 2904 491 2960 Poueourus
509 2903 578 2958 libro
597 2904 714 2973 septimo
733 2903 839 2960 decimo
858 2903 894 2958 ad
911 2902 1051 2959 Sabinum.
1088 2903 1148 2958 Etsi
1166 2902 1289 2973 pluribus
1312 2903 1384 2958 datis
1407 2903 1547 2958 tutoribus
1565 2899 1646 2989 [Β
1612 2917 1655 2972 37,
1663 2919 1685 2972 ι,
1693 2913 1742 2967 48

267 2993 348 3048 unius
366 2993 515 3048 auctoritas
535 2989 662 3062 sufficiat,
681 2997 774 3047 umen
791 2992 816 3047 si
833 2995 908 3046 tutor
926 2996 1091 3062 auctoretnr,
1110 2992 1154 3046 cui
1173 2991 1372 3048 administratio
1383 2992 1487 3046 tutelae
1500 3007 1637 3048 concessa
1653 3011 1708 3050 non
1725 3009 1750 3050 ιι

267 3087 318 3152 est,
336 3081 365 3136 ld
382 3085 472 3136 ratum
490 3098 508 3136 a
525 3086 651 3151 praetore
669 3079 765 3136 haberi
782 3095 837 3136 uon
856 3079 947 3136 debet
975 3087 1003 3136 st
1021 3080 1083 3136 ideo
1100 3086 1167 3152 puto
1186 3081 1277 3136 nerins
1295 3095 1365 3150 esse,
1384 3080 1458 3152 quod
1471 3079 1549 3136 Ofilio
1567 3083 1708 3154 placebat,

267 3171 292 3226 si
309 3185 342 3226 eo
360 3173 451 3225 tutore
469 3174 594 3240 anctore,
618 3170 666 3240 qui
686 3170 800 3226 tutelam
825 3185 879 3225 non
902 3173 993 3240 gerat,
1017 3185 1106 3226 emam
1124 3185 1142 3225 a
1159 3171 1261 3241 pupillo
1285 3170 1375 3224 sciens
1397 3170 1481 3225 alium
1506 3171 1566 3225 eins
1588 3173 1707 3228 tutelam

267 3274 371 3328 gerere,
390 3259 530 3314 dominum
548 3273 592 3313 me
611 3273 666 3313 non
684 3273 766 3328 posss
783 3257 940 3314 fierisitem
960 3259 984 3314 si
1001 3273 1034 3314 eo
1046 3264 1158 3314 auctore
1171 3275 1268 3328 emam,
1287 3258 1334 3328 qni
1347 3273 1365 3313 a
1376 3259 1462 3314 tutela
1474 3257 1707 3317 lusntremotus:
1725 3275 1750 3316 ιι

268 3363 319 3404 nec
337 3347 409 3403 enim
426 3347 455 3402 id
473 3352 562 3402 ratum
581 3345 683 3402 baberi.

231 3441 250 3500 5
323 3437 472 3492 Unemuus
497 3436 567 3492 libro
590 3434 801 3506 quadragesimo
824 3435 860 3490 ad
884 3433 1025 3490 Sabinum.
1066 3435 1188 3506 Pupillus
1211 3435 1326 3505 obligari
1350 3435 1433 3492 tutori
1456 3451 1489 3491 ee
1512 3441 1629 3492 anunm
1653 3439 1744 3494 nenS

266 3528 368 3596 potest.
395 3527 475 3595 plane
494 3526 518 3580 si
536 3525 628 3595 plures
646 3525 702 3579 sint
719 3528 837 3593 tutores,
855 3539 970 3593 quorum
988 3523 1070 3579 nnius
1088 3525 1236 3583 auctoritas
1254 3523 1370 3594 sufficit,
1390 3524 1537 3581 dicendum
1555 3531 1600 3581 est
1619 3528 1708 3584 altero

268 3620 379 3670 anctore
397 3615 530 3684 pupillum
548 3615 574 3669 ei
592 3629 673 3684 posse
692 3613 821 3683 obligari,
845 3613 903 3668 siue
927 3617 1050 3667 mutuam
1073 3613 1217 3682 pecuniam
1240 3613 1266 3668 ei
1290 3613 1338 3668 det
1360 3615 1419 3669 sine
1442 3615 1590 3684 stipuletur
1606 3615 1647 3672 ab
1665 3632 1707 3672 eo.

268 3702 318 3757 scd
337 3704 382 3756 eti
399 3718 462 3758 cum
481 3703 554 3758 solus
573 3703 609 3757 sit
631 3707 704 3758 tutor
728 3707 850 3757 mutuam
874 3702 1018 3772 pecuniam
1040 3701 1144 3772 pupillo
1167 3701 1274 3756 dederit
1291 3703 1336 3758 uel
1354 3703 1389 3758 ab
1409 3719 1442 3759 eo
1466 3705 1628 3775 stipuletur,
1652 3721 1708 3762 non
1726 3721 1752 3763 as

269 3791 321 3846 erit
338 3790 475 3860 obligatus
493 3791 590 3846 tutori:
608 3791 767 3846 naturaliter
784 3795 878 3846 tamen
896 3789 1062 3860 obligabitur
1078 3791 1106 3845 in
1125 3794 1257 3860 quantum
1275 3792 1436 3862 locupletior
1453 3791 1544 3847 iactus
1562 3798 1621 3848 est:
1643 3811 1708 3850 narn

268 3879 296 3934 in
314 3879 446 3948 pupillum
465 3896 520 3935 uon
538 3885 643 3935 tantum
661 3880 758 3950 tutori,
783 3895 878 3934 uerum
902 3881 989 3936 cuiuis
1014 3880 1150 3935 audonem
1168 3881 1196 3934 in
1214 3884 1346 3950 quantum
1368 3881 1530 3951 locupletior
1552 3880 1647 3937 tactus
1665 3887 1710 3938 est

237 3979 249 4024 ι
269 3967 388 4022 dandam
405 3967 486 4023 diuus
504 3968 569 4024 Pius
587 3969 735 4039 rescripsit.
765 3969 888 4038 Pupillus
901 3968 1046 4024 uendendo
1064 3969 1123 4024 sine
1141 3969 1239 4024 tutoris
1257 3974 1350 4026 aucto·
1369 3957 1433 4044 [Β.
1418 3974 1455 4030 37,
1464 3973 1518 4027 ca.
1537 3972 1582 4020 Bs.
1591 3975 1631 4030 ι7,
1644 3977 1667 4028 1
1678 3975 1708 4020 ι7

268 4057 349 4112 ritate
372 4071 426 4110 non
450 4056 603 4126 obligeturl
621 4057 671 4112 sed
694 4073 745 4113 nec
767 4058 812 4112 in⁸
830 4057 957 4142 emendo,
982 4059 1036 4113 nisi
1058 4057 1087 4113 in
1109 4062 1242 4128 quantum
1265 4059 1425 4128 locupletior
1447 4058 1538 4114 factrus
1563 4067 1616 4116 est.
1636 4057 1707 4145 Ues)

237 4145 365 4200 altem
357 4159 417 4216 rpse
435 4149 509 4200 tutor
527 4150 555 4200 et
573 4146 703 4216 emptoris
721 4151 750 4201 et
768 4145 917 4201 uenditoris
935 4144 1025 4202 officio
1043 4145 1120 4218 fungi
1139 4162 1193 4202 uon
1211 4151 1318 4217 potest:
1336 4147 1386 4203 sed
1404 4147 1476 4203 enim
1494 4149 1518 4202 si
1531 4153 1706 4206 centutorem
1725 4168 1752 4206 ιι

269 4232 383 4303 babeat,
407 4235 485 4288 cuius
504 4235 652 4290 auctoritas
670 4233 785 4306 sufficit,
809 4235 904 4304 procul
927 4233 1011 4290 dubio
1035 4251 1125 4290 emere
1142 4241 1242 4306 potest.
1270 4235 1319 4291 ssd
1338 4237 1361 4292 ei
1380 4237 1452 4292 mala
1469 4234 1525 4291 fide
1542 4239 1676 4308 emptio'
1667 4255 1707 4294 rn-

269 4321 432 4392 tumescent,
452 4321 551 4377 nnllius
569 4323 621 4378 erit
639 4325 769 4378 momenti
786 4323 902 4393 ideoque
921 4338 972 4378 nee
989 4339 1141 4394 usucapere
1158 4329 1258 4394 potest
1284 4339 1351 4380 sane
1369 4325 1393 4380 si
1410 4339 1478 4381 suae
1495 4327 1597 4382 aetatis
1614 4325 1708 4382 lactus

236 4421 251 4466 a
270 4409 680 4483 comprobaueritemptionem,
699 4417 855 4468 contactus
874 4413 955 4468 ualet
986 4411 1060 4468 Sed⁹
1073 4415 1097 4468 si
1114 4429 1164 4485 per
1179 4413 1368 4484 interpositam
1380 4428 1526 4484 personam
1538 4431 1597 4471 rem
1608 4417 1708 4487 pupilli

268 4509 461 4588 munero)

270 4666 443 4752 ²uenditori]
461 4666 570 4736 petitori
588 4667 686 4734 (scidit
734 4667 929 4724 'admissnml
979 4668 1152 4724 ⁸admissum
1166 4669 1249 4732 (Kree
1247 4669 1325 4741 ped?
1371 4672 1446 4726 ⁴et
1436 4691 1483 4726 mc
1531 4673 1542 4708 ⁸
1551 4673 1707 4746 ΜΒ

269 4735 600 4876 gipppgcsppddipcuisset
617 4739 682 4805 (Iac.
697 4739 904 4815 Gothsredcffl
956 4739 1023 4810 iet]
1036 4739 1080 4795 si?
1130 4689 1448 4810 ⁷obligatur(WD(7)?
1499 4743 1558 4798 ⁸in
1576 4745 1623 4798 det
1637 4743 1706 4814 (W)

271 4957 388 5013 1esse''t
397 4960 424 5014 F
456 4961 488 5014 13
500 4959 741 5015 accommodaret*
770 4960 804 5016 14
816 4961 919 5030 contr
910 4961 967 5016 tF
1014 4961 1266 5046 ιιιίιιιΡϋιαια)
1281 4983 1356 5036 mcry
1358 4964 1407 5028 ol,
1424 4964 1470 5020 illc
1487 4969 1644 5025 auctorest
1661 4965 1705 5032 W,

268 5031 306 5087 ΩΟ
323 5030 429 5104 corpori
446 5029 592 5090 sufficitF
639 5032 673 5086 27
696 5032 860 5101 auctoretnrl
883 4977 963 5088 ΓΒΕ
1013 5037 1109 5090 auctor
1127 5033 1179 5092 erit
1195 5033 1237 5090 10
1287 5035 1322 5090 36
1338 4984 1506 5106 obligantur
1521 5033 1560 5092 1³¹
