3720 5544
898 259 1057 328 LXXVIII

261 437 480 508 interpunctione
504 440 609 492 ιιιιιιιιι
632 437 673 504 (ιι
691 435 712 505 l,
730 435 792 504 889,
806 435 850 490 27.
869 435 908 512 ιι,
921 436 983 505 807,
994 436 1021 490 4.
1041 435 1101 504 907,
1114 436 1148 490 21
1167 436 1227 502 al.):
1255 436 1307 512 sed
1327 436 1354 490 in
1378 440 1511 506 apparatu
1534 437 1694 508 plenumque

262 543 337 598 tacui
354 543 389 598 do
407 542 542 598 eiusmodi
560 542 718 612 mutatione,
740 556 811 612 quae
830 557 847 596 a
864 541 972 597 tradids
990 556 1055 598 uere
1074 557 1128 598 non
1147 541 1271 597 discedit.

100 653 245 698 conlecturos
315 649 440 720 Denique
458 648 588 705 subsidiis
604 647 794 705 deficientibus
813 648 970 704 coniectura
988 664 1057 720 opus
1075 653 1131 718 ιιι,
1154 654 1186 704 nt
1204 647 1270 704 alibi
1286 654 1433 721 perpetuo,
1457 651 1498 705 ita
1513 650 1559 705 uel
1577 651 1694 706 maxime

263 756 292 812 ιιι
309 756 432 827 digestis.
458 772 522 811 nam
540 756 604 810 licet
622 770 716 811 nerum
735 755 772 811 sit
788 755 891 811 codicis
908 755 1058 812 llorentiui
1077 771 1129 826 ope
1147 755 1255 825 digesta
1272 755 1414 811 Iustiniani
1432 757 1513 826 longe
1531 757 1621 812 minua
1637 772 1694 814 cor·

263 847 347 933 rupta'
360 878 411 919 nos
428 860 530 918 babere
547 877 629 932 quam
649 863 746 918 Latina
764 862 903 933 pleraque,
921 877 992 932 quae
1010 861 1085 918 libris
1103 862 1211 932 scriptis
1229 862 1331 918 tradita
1349 863 1513 933 accepimns,
1531 869 1623 920 tamen
1638 869 1694 920 tam

263 969 370 1026 collatio
388 969 537 1025 llorentini
558 968 620 1025 libri
638 984 700 1025 oum
719 969 906 1039 Neapolitanis
924 966 1085 1038 fragmentis
1102 969 1370 1040 gromaticorumque
1388 970 1524 1041 excerptis
1542 987 1624 1041 quam
1643 971 1694 1027 Ba·

262 1077 400 1132 silicorum
418 1075 586 1146 comparatio
603 1076 671 1132 satis
689 1075 810 1131 ostendit
827 1075 1013 1145 coniecturae,
1037 1075 1119 1132 modo
1140 1075 1175 1131 ad
1195 1076 1261 1132 artis
1279 1076 1355 1146 leges
1373 1080 1481 1133 etcum
1500 1076 1601 1134 iudicio
1619 1092 1695 1133 erer-

263 1187 366 1254 ceatnr,
385 1183 438 1239 etsi
455 1183 483 1239 in
501 1182 616 1254 digestis
631 1197 686 1239 non
698 1182 859 1253 respicimus
876 1181 927 1237 nisi
940 1159 1002 1238 eam
1015 1183 1104 1253 operis
1116 1181 1240 1253 formam,
1259 1199 1341 1253 quam
1360 1184 1404 1240 edi
1423 1185 1507 1240 iussit
1520 1184 1695 1254 lustimanur,

263 1291 308 1346 uel
325 1291 365 1346 sic
383 1291 501 1361 aliquem
518 1291 608 1346 locum
627 1305 698 1346 ease.
724 1289 773 1346 aed
791 1289 858 1345 artIs
875 1288 951 1346 bisce
968 1287 1069 1346 finibus
1087 1291 1259 1346 coniecturae
1275 1305 1342 1346 usus
1354 1290 1382 1346 in
1394 1289 1510 1360 digestis
1522 1305 1694 1362 nequaquem

263 1398 426 1453 contuetur.
458 1413 522 1453 nam
545 1397 715 1454 conditorum
740 1411 803 1453 oum
825 1396 929 1452 incuria
952 1398 1070 1453 maxime
1087 1397 1116 1453 in
1132 1397 1231 1453 litteris
1249 1395 1432 1468 singularibus
1450 1399 1618 1468 explicandis
1637 1403 1695 1454 tum

263 1504 444 1575 interpolatio,
462 1504 536 1560 licita
553 1503 665 1574 quidem
682 1504 716 1559 iia
734 1509 763 1559 et
779 1519 863 1575 saepe
881 1505 1044 1574 necessaria,
1063 1503 1113 1560 sed
1125 1503 1204 1560 nobis
1216 1505 1339 1575 molesta,
1358 1503 1424 1561 lecit
1435 1509 1467 1561 nt
1478 1505 1601 1562 recensio
1613 1519 1696 1576 qnam

263 1611 283 1666 ii
300 1615 501 1682 proposuerunt
518 1627 535 1666 a
551 1611 680 1682 pulmonis
698 1615 841 1667 auctorum
858 1611 994 1681 scriptura
1011 1615 1153 1682 tantopere
1170 1611 1289 1683 recedat,
1309 1615 1340 1668 nt
1357 1612 1405 1683 qui
1422 1612 1491 1668 haee
1505 1613 1568 1670 olitn
1581 1612 1695 1682 scripse·

264 1723 328 1774 runt
345 1718 369 1774 ai
385 1718 509 1788 legerent
525 1717 607 1774 bodie
624 1718 654 1773 in
671 1717 786 1788 digestis
804 1723 918 1788 accepta
936 1716 988 1773 sibi
1006 1719 1100 1788 relata
1119 1717 1247 1774 credibile
1266 1720 1302 1775 sit
1319 1733 1403 1790 saepe
1422 1717 1480 1775 fore
1492 1724 1523 1776 ut
1533 1719 1587 1790 ipsi
1599 1733 1629 1775 se
1641 1733 1696 1774 non

264 1829 454 1896 agnoscerent
486 1824 584 1894 prioris
607 1824 717 1895 generis
739 1839 844 1880 errores
866 1828 898 1880 nt
915 1824 1102 1896 deprehendet
1118 1831 1148 1881 et
1165 1825 1306 1896 emendet,
1329 1826 1388 1882 iure
1405 1826 1528 1897 poscitur
1545 1825 1580 1882 ab
1599 1841 1631 1882 eo
1650 1825 1696 1896 qni

264 1931 374 2003 digesta
396 1931 579 2001 recognoscit:
607 1936 702 1988 contra
722 1932 752 1987 in
775 1931 886 1988 alterius
910 1932 1018 2002 generis
1041 1931 1297 2003 interpolationibus
1319 1933 1518 2004 lnuestigandis
1542 1938 1572 1990 et
1594 1933 1695 2003 aliqua·
1755 2001 1757 2005 ι

264 2044 345 2095 tenus
363 2038 398 2095 ad
417 2039 597 2109 antiquiorem
615 2043 717 2095 statum
735 2038 898 2094 reuocandis
916 2053 977 2094 cum
997 2044 1107 2095 nostrae
1124 2039 1223 2096 aetatis
1235 2040 1446 2110 iurisprudentia
1459 2055 1559 2110 magua
1571 2043 1695 2110 exparte

265 2149 395 2217 ιιιιιιιιιιι,
413 2145 582 2216 digestorum
601 2145 713 2202 editoris
731 2145 759 2202 in
777 2159 812 2200 ea
828 2159 858 2201 re
875 2150 968 2216 partes
986 2150 1036 2201 aut
1052 2146 1142 2203 nullae
1160 2151 1224 2203 sunt
1241 2151 1291 2203 aut
1304 2153 1378 2204 ιιιιι
1389 2147 1576 2204 secundariae.
1603 2160 1656 2217 ego
1667 2146 1696 2202 in

265 2251 318 2308 bac
334 2251 453 2309 editione
470 2252 629 2309 adornanda
646 2268 709 2309 cnm
726 2252 779 2308 boc
796 2253 967 2323 potissimum
986 2252 1051 2309 mibi
1068 2254 1281 2325 proposuissem,
1299 2258 1331 2310 ut
1341 2254 1551 2311 instrumentum
1564 2253 1599 2309 ad
1611 2251 1697 2310 uerba

266 2359 434 2430 digestorum
457 2363 532 2416 recte
547 2348 585 2415 'et
601 2365 666 2431 apte
683 2359 874 2415 constituenda
891 2365 1034 2430 pararetur
1051 2365 1155 2417 certum
1174 2367 1203 2418 ot
1219 2363 1344 2434 plenum,
1368 2362 1589 2420 constitutionem
1607 2361 1695 2432 ipsam

266 2482 322 2523 nou
338 2466 448 2537 neglexi
465 2465 576 2538 quidam
594 2469 694 2536 (neque
712 2466 784 2522 enim
802 2465 873 2522 inter
891 2482 939 2523 eos
957 2481 1057 2523 nomen
1075 2466 1152 2538 dedi,
1174 2469 1221 2539 qui
1242 2485 1304 2524 oum
1324 2469 1425 2525 codicia
1443 2469 1586 2525 cuiusdam
1604 2482 1696 2525 erem·

265 2573 340 2646 plum
358 2574 434 2646 typis
450 2572 569 2630 exscribi
585 2573 738 2644 iusserunt,
761 2576 900 2630 auewram
924 2573 976 2630 sibi
1001 2573 1129 2630 uidentur
1149 2574 1294 2647 edidisse),
1315 2575 1366 2631 ssd
1384 2575 1543 2632 subitariam
1561 2575 1697 2646 mugiret

266 2684 348 2752 prout
364 2695 409 2736 rea
425 2680 522 2737 incidit
538 2695 649 2752 operam
667 2681 693 2736 ei
711 2680 846 2751 impendI:
864 2680 947 2752 idque
964 2686 1032 2751 puto
1050 2681 1097 2752 qni
1114 2680 1166 2738 bac
1184 2681 1304 2740 editione
1321 2687 1433 2739 utentur
1448 2698 1503 2739 non
1513 2686 1571 2739 tam
1582 2697 1696 2739 arcusa·

268 2786 337 2844 bunt
358 2801 441 2858 quam
462 2785 621 2844 laudabunt.
655 2802 719 2843 nam
741 2787 788 2857 qni
811 2787 902 2844 sciunt
923 2787 989 2858 quid
1007 2788 1160 2859 requiratur
1177 2789 1214 2845 ad
1231 2789 1400 2861 digestorum
1418 2789 1631 2862 recognitionem
1649 2787 1696 2845 ab·

267 2894 426 2952 soluendam
445 2899 474 2950 at
490 2895 556 2950 iuria
574 2899 715 2951 auctomm
733 2893 762 2950 in
780 2893 975 2952 uocabulorum
993 2911 1046 2951 ιιιιι
1064 2900 1093 2952 ιι
1109 2900 1247 2952 smnotnra
1264 2902 1294 2953 at
1310 2898 1420 2955 omnino
1435 2897 1464 2954 in
1475 2912 1506 2953 re
1517 2895 1697 2968 grammatias

267 3002 460 3074 proprietatem
484 3000 692 3073 perdiscendam
716 3015 860 3072 rerumque
884 3001 1066 3072 cognitionem
1090 3019 1162 3073 quae
1185 3003 1299 3074 singulis
1316 3005 1385 3062 locis
1402 3003 1521 3061 sufficiat
1538 3019 1696 3074 comparan-

213 3089 218 3099 ⁸
267 3108 341 3181 dana
358 3110 378 3166 ii
396 3109 467 3166 ultro
484 3106 686 3166 confitebuntur
703 3107 838 3165 eiusmodi
855 3109 994 3180 negotium
1014 3109 1050 3166 ab
1068 3125 1123 3168 uno
1140 3110 1249 3168 bomine
1266 3109 1360 3182 perfici
1377 3126 1432 3168 uon
1449 3127 1540 3183 posse,
1560 3111 1608 3168 sed
1620 3109 1697 3182 dagi-

266 3220 327 3272 tare
345 3216 417 3272 ιιιιιι
435 3216 527 3274 noima
544 3229 628 3287 opera
644 3215 742 3272 diuisa
773 3221 847 3272 certe
865 3217 888 3273 ιι
906 3217 968 3288 quis
986 3217 1086 3274 exbtet
1103 3218 1248 3289 aliquando
1266 3219 1313 3288 qui
1331 3218 1410 3275 nobis
1427 3218 1560 3290 depingat
1576 3218 1696 3289 digesto·

267 3338 328 3380 rum
350 3322 483 3380 editorem
505 3323 594 3394 qualia
616 3337 678 3380 esse
701 3321 815 3392 debeat,
842 3327 871 3378 at
893 3324 1026 3394 optimum
1049 3325 1257 3395 grammaticum
1279 3331 1308 3381 et
1330 3325 1397 3382 iuris
1419 3324 1520 3396 publici
1542 3324 1697 3396 priuatique

266 3428 508 3501 prudentissimum
530 3434 683 3501 pergatque
705 3428 769 3484 inde
792 3444 855 3486 cum
879 3430 1013 3487 eiusmodi
1035 3432 1124 3502 operis
1142 3431 1230 3489 torma
1247 3431 1368 3503 perlaeta
1384 3431 1456 3488 hane
1473 3447 1562 3488 meam
1579 3431 1697 3502 opellam

267 3550 440 3607 componere,
458 3535 585 3604 equidem
603 3551 669 3593 sana
688 3533 799 3612 fatebor,
814 3550 859 3592 me
876 3551 932 3593 non
949 3551 1011 3594 ease
1029 3539 1080 3594 nisi
1098 3553 1183 3594 unum
1201 3555 1235 3594 ex
1253 3539 1345 3595 multia
1363 3553 1451 3610 nequa
1469 3538 1632 3610 philolog'ee
1651 3553 1697 3594 ne·

133 3657 245 3704 bottonis
266 3657 321 3712 qua
337 3643 405 3699 iuris
422 3643 553 3700 scientiae
569 3643 652 3713 plane
669 3646 818 3714 expertem,
836 3643 887 3699 ssd
904 3642 1078 3701 nibilominus
1096 3644 1232 3702 hominem
1250 3645 1354 3702 ridebo.
1381 3661 1433 3717 ego
1450 3644 1505 3702 leci
1520 3645 1595 3715 quod
1606 3644 1697 3716 potui:

132 3720 249 3768 ammaus
267 3748 405 3818 quomodo
423 3764 489 3806 uero
507 3749 654 3806 editionem
672 3749 834 3819 adornarim,
853 3751 948 3820 paucis
966 3752 1140 3822 complectar.
1167 3766 1355 3824 quaecumque
1372 3753 1400 3808 in
1412 3751 1556 3810 uerbmum
1575 3752 1698 3809 ordinem

267 3855 359 3926 recepi
377 3871 431 3913 non
449 3853 609 3913 confirmata
626 3859 675 3912 ant
692 3856 781 3927 priore
799 3857 948 3912 FlorentIni
969 3856 1031 3914 libri
1055 3859 1189 3929 scriptura
1212 3865 1261 3915 aut
1283 3859 1446 3931 posteriora,
1470 3859 1584 3916 distinxi
1600 3858 1698 3915 litteris

268 3960 394 4032 obliquis,
413 3968 445 4018 ut
460 3963 508 4033 qui
525 3962 579 4020 bac
595 3963 715 4020 editione
733 3963 820 4020 utitur
837 3963 904 4034 ipsis
922 3965 997 4036 typis
1010 3965 1103 4021 statim
1116 3970 1272 4023 moneretur
1283 3966 1361 4023 aliter
1373 3966 1427 4037 legi
1439 3967 1469 4023 in
1480 3966 1575 4023 codiee
1588 3967 1698 4024 Floren-

267 4068 334 4125 tino.
364 4069 502 4126 rariaaim
518 4074 612 4128 ιιιιιιιι
630 4071 659 4127 in
676 4068 770 4127 uerbis
787 4085 804 4126 a
821 4070 978 4128 Florentino
996 4070 1065 4128 libro
1083 4074 1184 4129 recessi
1201 4087 1253 4130 nec
1270 4072 1327 4130 iere
1345 4074 1374 4128 in
1391 4071 1563 4144 grauioribus
1580 4073 1633 4130 nisi
1651 4071 1699 4130 ubi

268 4175 349 4232 lectio
371 4176 481 4232 diuersa
504 4191 559 4233 non
582 4177 670 4234 solum
692 4192 744 4234 sna
765 4176 852 4247 ipsius
874 4176 1067 4248 probabilitate
1091 4181 1340 4251 commendaretur,
1364 4179 1413 4236 aad
1437 4180 1520 4237 etiam
1542 4179 1699 4236 testimonio

268 4282 361 4354 aliquo
378 4282 485 4352 idoneo,
504 4283 622 4340 maxima
640 4284 818 4354 interpretum
831 4283 1010 4342 Graecorum:
1029 4301 1093 4342 nam
1107 4291 1251 4357 praeterea
1262 4303 1426 4358 quamquam
1439 4286 1602 4358 saepissime
1613 4287 1700 4357 ltqnat

268 4388 304 4444 de
316 4390 478 4461 corruptela,
490 4405 574 4462 saepe
586 4391 668 4446 ιιίιιιι
681 4391 836 4448 emendatio
848 4393 970 4463 suppetit
986 4393 1031 4448 uel
1048 4398 1123 4450 certa
1141 4395 1184 4450 uel
1201 4392 1359 4464 probabilis,
1376 4400 1469 4450 ιιιιιιιι
1487 4394 1647 4464 plerumque
1659 4393 1699 4448 in·

268 4499 374 4552 certunm
392 4499 449 4566 eat,
472 4497 573 4554 menda
590 4502 680 4554 utrum
704 4497 838 4555 recentior
861 4499 898 4556 sit
915 4499 1066 4557 lusdniano
1086 4517 1121 4556 an
1139 4501 1167 4556 in
1185 4501 1246 4570 ipao
1264 4499 1433 4570 digestorum
1451 4499 1600 4572 archetypo
1618 4497 1700 4556 luerit

268 4607 414 4673 propterea
430 4601 467 4659 ab
485 4617 578 4661 eornm
597 4603 701 4662 editore
713 4621 768 4662 nou
780 4605 908 4663 blenda.
932 4607 1027 4677 itaque
1037 4607 1109 4664 hano
1121 4608 1193 4663 niam
1206 4607 1290 4677 ιιιιιιι,
1309 4611 1341 4664 ut
1351 4622 1422 4678 quae
1434 4611 1578 4677 praeterea
1588 4611 1698 4678 praesto

269 4713 363 4765 essent
380 4709 600 4768 emendationum
618 4711 740 4782 pericula
756 4711 940 4782 probabiliora
957 4714 1002 4770 nal
1020 4713 1055 4770 ab
1073 4715 1134 4770 aliia
1152 4714 1265 4770 inuenta
1282 4713 1326 4770 uel
1345 4729 1362 4768 a
1379 4728 1424 4770 me
1441 4714 1606 4785 excogitata,
1624 4726 1658 4769 aa
1670 4712 1698 4768 in

268 4815 325 4871 ima
342 4817 464 4887 margIne
481 4817 521 4872 ita
538 4817 735 4890 adscriberem,
757 4824 787 4875 ut
803 4835 893 4890 neque
911 4821 1048 4875 uariarum
1066 4821 1212 4876 lectionum
1231 4819 1459 4876 immundiciabna
1476 4820 1699 4890 demergerentur

268 4936 320 4978 neo
337 4920 417 4978 facile
434 4923 587 4994 effugerent
604 4938 652 4981 eoa
669 4925 717 4994 qui
734 4929 840 4980 tantum
858 4927 961 4996 legunt.
989 4931 1084 4982 coutm
1097 4926 1321 4998 interpolationes
1333 4933 1475 4984 suetonum
1488 4926 1698 4983 Iustinianorum

269 5030 429 5100 plerumque
452 5046 507 5087 non
526 5030 660 5088 indicaui:
684 5046 718 5089 ea
736 5031 806 5088 enim
826 5047 924 5103 opera,
947 5037 979 5088 nt
996 5031 1067 5102 dixi,
1089 5048 1143 5090 non
1161 5038 1219 5089 tam
1236 5033 1405 5104 digestorum
1425 5033 1537 5090 editoris
1555 5038 1599 5089 eat
1616 5048 1697 5104 qnam
