3832 5542
923 228 1115 297 LXXXXVI

338 406 362 460 T
407 405 584 460 Taurinenais
602 404 710 475 Digesti
729 404 830 460 ueteris
848 420 910 461 eum
929 410 1008 476 parte
1026 404 1160 461 Insortiati
1179 406 1217 472 (ιι.
1231 421 1257 474 p.
1268 405 1475 472 xxxxviiii).

338 494 362 548 Τ
408 493 453 561 (ln
475 499 563 549 const.
581 495 642 549 Deo
665 502 769 551 aaran
792 498 820 548 et
839 494 938 561 Tarta)
961 494 1146 551 BerolinensIn
1163 495 1254 550 Latin.
1273 493 1386 550 (01.272
1405 493 1514 550 Codicis
1531 493 1675 550 Iustiniani
1693 497 1740 562 (ιι.

340 671 366 724 U
406 582 683 740 Patfniffigssn
701 673 802 728 ueteris
820 675 859 739 (ιι.
870 689 899 743 p.
909 671 1118 740 xxxxviiii).

340 759 366 814 V
407 757 557 816 Uaticanus
574 777 602 815 ιι.
616 761 685 816 1406
704 761 812 832 Digesti
830 761 933 818 ueteris
951 765 989 828 (ιι.
1003 779 1030 832 p.
1040 761 1236 828 XXXXVIII).

336 849 375 903 W
408 848 556 905 Uaticanus
576 866 602 904 n.
616 850 686 905 1407
704 849 841 906 Inlortiati
858 854 896 917 (ιι.
909 865 936 920 p.
947 851 1156 918 XXXXVIIII).

335 939 367 994 X
405 937 545 994 Parisinus
563 955 590 993 n.
603 938 674 993 4455
692 938 800 1010 Digesti
819 941 882 996 noui
901 945 939 1006 (ιι.
953 957 980 1010 p.
991 941 1048 1003 LI).

340 1027 368 1082 Y
406 1027 546 1082 Parisinus
565 1043 591 1081 ιι.
604 1027 710 1082 44584
729 1028 837 1098 Digeati
856 1029 920 1085 noui
938 1031 977 1094 (ιι.
990 1045 1018 1098 p.
1029 1029 1084 1094 LI).

336 1117 362 1171 Z
405 1115 555 1173 Uaticanus
573 1115 715 1172 Palatinus
733 1135 759 1172 n.
773 1119 826 1173 754
845 1117 953 1188 Digesti
973 1117 1037 1172 noni
1056 1118 1094 1183 (ιι.
1108 1133 1134 1187 p.
1146 1116 1215 1182 LII).

335 1205 350 1261 i
408 1205 515 1276 signum
542 1205 765 1276 interrogationis
793 1207 882 1261 maius
905 1206 1008 1262 codicis
1030 1210 1112 1260 nome
1135 1205 1318 1275 postpositum
1344 1205 1401 1272 (sic
1422 1203 1462 1258 F?
1481 1203 1523 1257 P?
1541 1202 1612 1271 Fit)
1636 1202 1742 1258 indicat
1807 1195 1811 1202 ’

458 1295 547 1364 ipsam
565 1294 709 1350 lectionem
728 1293 839 1351 dubiam
858 1311 932 1364 esse,
953 1295 1044 1349 minus
1067 1293 1187 1350 dubitari
1211 1293 1245 1348 de
1264 1292 1462 1348 emendationis
1487 1296 1612 1347 auctore:
1636 1291 1675 1346 ita
1693 1290 1742 1347 nbi

460 1388 504 1438 cst
521 1381 582 1448 Ft',
605 1382 734 1452 intellego
752 1384 840 1440 uideri
859 1384 900 1439 sic
917 1383 1080 1439 emendasse
1102 1383 1191 1453 ipsum
1213 1381 1367 1452 librarium,
1391 1380 1451 1436 lieri
1475 1387 1567 1436 tammo
1590 1395 1686 1450 posse,
1710 1387 1743 1435 ut

460 1470 615 1528 emendatio
634 1470 822 1541 proficiscatur
840 1489 858 1526 n
875 1477 1028 1528 correctore
1046 1473 1206 1543 posteriorc.
1234 1477 1378 1542 praetcrea
1402 1469 1550 1526 tenendum
1570 1474 1613 1525 est
1631 1470 1741 1540 signum

460 1560 489 1616 id
508 1576 562 1616 non
581 1558 675 1616 referri
699 1561 750 1616 nisi
774 1560 810 1616 ad
834 1567 926 1616 notam
951 1563 1075 1632 proxime
1099 1561 1324 1632 praecedentem:
1354 1561 1393 1615 ita
1416 1558 1465 1615 ubi
1487 1560 1588 1630 legitur
1610 1558 1742 1623 Ptine,

460 1650 519 1705 sola
537 1648 662 1705 Uaticani
680 1649 741 1705 libri
759 1650 840 1706 lectio
857 1650 942 1706 dubia
960 1649 1087 1706 habenda
1105 1657 1156 1705 est.

336 1739 391 1773 ⁸³·
409 1738 445 1794 ad
463 1737 566 1794 codicis
584 1742 678 1794 notam
697 1739 806 1794 adiecta
822 1739 942 1795 litterula
960 1739 1106 1809 distinguit
1118 1739 1263 1795 lectionem
1276 1739 1442 1809 primitiuam
1461 1741 1496 1803 (e.
1507 1753 1530 1792 c.
1541 1737 1590 1803 P·)
1603 1736 1638 1792 ab
1651 1750 1742 1791 ernen-

461 1828 528 1883 data
544 1827 607 1894 (pr)
629 1833 657 1884 et
675 1829 822 1884 emendata
839 1830 938 1884 iterum
957 1831 1017 1898 (P‘)
1041 1834 1071 1884 ct
1093 1829 1133 1884 sic
1156 1828 1295 1898 deinceps.
1331 1829 1360 1883 in
1378 1825 1615 1882 emendationibus
1634 1825 1677 1880 his
1695 1840 1743 1880 ex·

462 1921 543 1987 cepto
560 1917 717 1972 Florentino
734 1916 803 1972 libro
822 1917 985 1988 scriptorum
1003 1933 1102 1974 manus
1120 1933 1175 1973 uon
1193 1917 1399 1987 distinguuntur
1417 1921 1455 1983 (ιι.
1471 1933 1499 1987 p.
1512 1916 1581 1982 LII).

338 2009 450 2082 deflerit)
463 2011 528 2062 ante
541 2005 643 2060 codicis
655 2010 748 2061 notam
761 2005 899 2076 significat
912 2006 1005 2077 uerba,
1015 2005 1050 2062 de
1062 2005 1162 2077 quibus
1175 2007 1274 2078 agitur,
1287 2007 1316 2062 in
1328 2023 1362 2063 eo
1375 2005 1471 2063 codice
1484 2011 1533 2061 aut
1545 2004 1625 2075 primi
1637 2001 1743 2058 librarii

462 2095 544 2166 culpa
561 2093 755 2150 membranaue
774 2094 867 2152 hiante
885 2097 1037 2166 intercepta
1055 2111 1116 2151 esse
1135 2100 1184 2152 aut
1206 2101 1318 2167 propter
1336 2097 1467 2151 maiorem
1486 2097 1595 2152 lituram
1614 2094 1668 2149 iam
1689 2106 1745 2148 non

463 2184 587 2253 dignosci
606 2187 645 2247 (ιι.
657 2200 685 2252 p.
695 2184 777 2250 LIII).

340 2283 387 2331 iac.
405 2271 543 2344 elgnificat
564 2273 696 2328 incertam
721 2287 783 2328 esse
806 2274 951 2329 lectionem
975 2273 1078 2330 codicis
1102 2273 1162 2328 cius
1187 2274 1221 2328 de
1245 2289 1300 2344 quo
1320 2275 1410 2344 agitur
1429 2275 1472 2330 uel
1490 2277 1602 2344 propter
1620 2271 1744 2342 recogni-

462 2361 544 2418 tionis
562 2360 700 2418 deioctum
720 2363 763 2418 uel
783 2363 917 2432 scriptura
934 2364 1064 2433 primaria
1081 2363 1239 2418 oblitterata
1256 2371 1368 2434 propter
1385 2363 1615 2419 emendationem.

339 2455 412 2518 aaa,
435 2451 464 2508 id
486 2457 531 2508 est
552 2454 690 2507 delatores
713 2451 770 2507 dixi
792 2452 905 2507 secundi
928 2452 1032 2506 ordinis
1055 2450 1139 2507 libros
1162 2453 1222 2507 siue
1241 2467 1338 2507 omnes
1355 2452 1415 2508 sinc
1433 2452 1540 2522 aliquot
1557 2456 1672 2522 excepto
1691 2451 1745 2521 pri·

464 2541 550 2597 mario
572 2541 759 2611 primariisue:
781 2541 821 2596 ita
845 2541 872 2596 io
895 2542 987 2611 priore
1009 2547 1089 2611 parte
1110 2541 1172 2597 libri
1197 2542 1278 2612 primi
1300 2543 1340 2597 Ita
1362 2539 1551 2610 significantur
1567 2539 1630 2596 libri
1648 2539 1745 2610 reliqui

463 2645 594 2687 eorumne
612 2630 724 2700 quidam
743 2633 859 2700 excepto
879 2630 910 2700 It,
929 2629 957 2685 in
975 2630 1080 2700 reliquo
1099 2629 1207 2700 digesto
1223 2631 1323 2686 Uetere
1340 2629 1403 2687 libri
1421 2631 1518 2702 reliqui
1537 2646 1668 2687 eorumne
1686 2630 1745 2699 qoi-

463 2719 526 2774 dam
545 2724 661 2790 excepto
682 2721 712 2790 P,
729 2719 757 2774 in
775 2718 918 2775 lniortiato
937 2724 966 2774 et
984 2719 1063 2776 Nouo
1081 2718 1169 2776 codex
1182 2719 1328 2776 codicesue
1340 2718 1451 2790 quidam
1464 2720 1567 2776 diuersi
1580 2719 1615 2776 ab
1628 2720 1662 2776 iis
1675 2734 1746 2789 qnos

463 2807 503 2864 ibi
520 2807 642 2864 adhibui.
673 2824 741 2864 ιιιιιι
759 2813 851 2864 autem
870 2824 930 2863 sum
944 2808 1079 2864 eiusmodi
1092 2815 1158 2865 nota
1170 2809 1361 2866 tautummodo
1374 2809 1403 2865 ln
1413 2809 1567 2865 indicandis
1580 2809 1746 2865 coniecturis

464 2897 511 2967 iis,
536 2913 609 2967 qnae
632 2904 714 2953 natae
737 2898 766 2952 in
787 2895 883 2952 schola
899 2898 1066 2954 Bononiensi
1089 2897 1153 2954 inde
1171 2899 1199 2954 iu
1217 2897 1352 2954 editiones
1370 2903 1540 2970 propagatae
1559 2905 1637 2968 sunt,
1660 2903 1689 2952 et
1706 2895 1746 2952 ibi

464 2991 584 3056 motum,
612 2985 659 3042 ubi
682 3001 778 3058 parum
803 2984 899 3056 refert,
926 2987 955 3042 iu
981 3002 1035 3056 quo
1063 2985 1157 3043 codice
1185 2987 1266 3043 lectio
1292 2988 1328 3043 de
1351 3003 1407 3058 qna
1429 2988 1569 3058 quaeritur
1593 2987 1747 3058 reperiatur

465 3079 503 3141 (ιι.
516 3092 544 3146 p.
557 3074 669 3142 LXIII).

341 3167 406 3232 edd„
422 3164 452 3221 id
470 3169 514 3220 est
531 3167 653 3220 cultilem
671 3164 795 3220 almititer
812 3163 869 3220 dixi
887 3163 1034 3220 editionem
1055 3165 1225 3236 digestorum
1243 3165 1371 3236 aliquam,
1389 3166 1551 3235 praesertim
1565 3180 1599 3220 ex
1611 3163 1746 3235 antiquio-

464 3253 548 3324 ribus,
566 3253 595 3309 in
613 3268 668 3324 qna
685 3253 830 3310 lectionem
848 3269 910 3310 earo
927 3254 964 3310 de
981 3270 1037 3325 qua
1054 3256 1146 3326 agitur
1164 3255 1322 3312 coniectura
1335 3254 1475 3311 inuentam
1489 3269 1541 3324 ego
1554 3255 1673 3325 primurn
1684 3269 1747 3322 rep·

463 3343 580 3414 pererim
600 3345 637 3411 (ιι.
650 3359 678 3414 p.
687 3343 798 3412 LXIII).

341 3436 371 3501 ()
388 3433 515 3490 cancellis
539 3431 736 3503 comprehensa
753 3447 824 3502 quae
842 3433 1053 3501 interponuntur
1069 3433 1195 3489 codicum
1219 3433 1306 3503 notis,
1330 3449 1364 3489 ea
1383 3434 1522 3502 pertinent
1539 3433 1575 3488 ad
1594 3433 1683 3488 solum
1701 3446 1747 3487 oo·

465 3521 553 3577 dicem
578 3521 701 3591 proxime
725 3521 949 3592 praecedentem:
974 3537 1000 3576 ιι.
1014 3537 1038 3576 c.
1053 3521 1088 3577 ad
1107 3522 1128 3592 I,
1140 3524 1203 3593 859,
1216 3525 1251 3579 39
1269 3523 1344 3594 quod
1362 3522 1462 3593 legitur
1486 3525 1524 3590 (in
1542 3529 1671 3595 marytre:
1694 3519 1748 3576 hoc

465 3614 553 3667 totum
572 3609 651 3666 deest
668 3609 778 3680 Pi[sis])‚
795 3609 915 3681 pertinet
932 3609 969 3666 ad
987 3610 1110 3666 codicem
1130 3612 1163 3666 li.

340 3701 401 3769 ips)
419 3701 539 3770 impu).

342 3790 458 3856 omma).

342 3878 515 3944 emundant).

342 3967 475 4032 adduae.

341 4056 499 4128 ,φριωιιι
