3664 5570
295 249 379 316 Vllll
400 253 420 316 a
443 257 557 312 a1-aa
963 242 1049 323 282
1537 260 1583 307 aa
1602 257 1704 306 mera

1407 392 1703 427 Γ-..ὔ-

263 410 441 478 aluliauum,
470 423 505 462 ex
526 425 581 477 quo
602 409 758 463 uulneratus
782 411 836 476 est,
862 407 925 460 licet
948 405 1043 460 Celsus
1067 410 1164 460 contra
1186 404 1291 460 scribit.
1325 401 1382 459 Sed
1406 410 1509 488 qffor.)
1525 407 1704 464 litterata

294 502 383 552 utrum
397 512 495 566 corpus
508 498 566 551 eius
578 499 665 552 solum
678 497 860 563 aestimamus,
879 495 972 564 quanti
991 492 1071 548 tirerit
1088 511 1150 548 cum
1165 495 1348 564 occideretur,
1368 509 1404 548 an
1421 493 1514 563 potius
1531 487 1621 556 quanti
1636 485 1704 539 iuter·

294 584 346 641 fuit
362 591 455 640 nostra
472 602 526 640 uon
544 601 605 640 esse
623 585 763 640 occisum?
790 589 817 638 et
835 583 885 637 hoc
903 584 960 638 iure
978 584 1087 651 utimur,
1105 589 1137 637 ut
1155 584 1214 638 eius
1233 584 1309 654 quod
1327 585 1443 638 interest
1460 579 1510 634 fiat
1526 574 1676 631 aestimatio.

238 669 276 725 22
346 675 464 728 Paunus
482 673 550 728 libro
568 675 715 727 uicensimo
734 673 852 727 secundo
870 671 905 724 ad
923 671 1052 726 edictum.
1084 672 1202 727 Proinde
1213 674 1250 726 'si
1275 688 1388 727 seruum
1411 668 1544 736 occidisti,
1580 669 1741 728 lacusculi

263 770 273 812 1
294 777 374 832 quem
393 762 444 817 sub
462 777 552 832 poena
569 762 728 816 uadendum
746 761 868 830 promisi,
892 761 996 813 utilitas
1020 761 1097 815 uenit
1119 763 1148 815 iu
1166 761 1218 816 hoc
1236 761 1379 816 iudicium.
1413 760 1484 814 item
1501 770 1598 812 causae
1614 751 1732 821 remouit

295 851 470 906 cohaerentes
488 851 678 917 aestimantur,
699 852 722 904 si
740 851 800 918 quis
818 865 852 903 er
870 849 1008 904 comoedis
1027 854 1074 904 ant
1092 850 1297 920 symphoniacis
1318 854 1368 905 aut
1385 847 1509 918 gemellis
1526 849 1573 898 ant
1588 839 1709 911 quadriga

294 946 342 994 aut
360 955 394 994 ex
411 940 470 1009 pari
488 940 620 993 mularum
640 954 720 992 unum
740 939 782 992 uel
801 953 881 992 unam
900 937 1042 992 occiderit:
1067 953 1121 993 uon
1145 940 1233 993 solum
1258 940 1330 994 eninr
1353 936 1489 1008 perempti
1505 933 1622 1003 corporis
1638 929 1708 984 aaa

294 1029 379 1084 matio
397 1027 521 1084 facienda
538 1032 588 1094 est,
607 1027 655 1080 sed
674 1033 701 1082 et
719 1028 777 1080 eius
794 1027 863 1080 ratio
881 1025 975 1081 haberi
993 1026 1083 1096 debet,
1102 1043 1157 1096 quo
1176 1033 1269 1083 cetera
1288 1041 1404 1096 corpora
1421 1023 1574 1094 depretiata
1590 1023 1659 1075 sunt

236 1109 276 1168 23
347 1116 495 1172 Uarmuus
513 1115 580 1170 libro
599 1121 697 1169 octauo
715 1116 820 1169 decimo
839 1115 874 1169 ad
892 1116 1019 1170 edictum.
1050 1116 1117 1170 Inde
1136 1117 1264 1172 Neratius
1283 1117 1392 1183 scribit,
1412 1115 1435 1169 si
1453 1127 1549 1168 seruus
1567 1100 1746 1194 ΜΕ

263 1211 274 1254 1
294 1204 372 1259 heres
389 1206 529 1259 institutus
547 1205 652 1259 occisus
671 1205 713 1272 sit,
733 1205 814 1258 ctiam
833 1203 990 1260 hereditatis
1009 1205 1227 1260 aestimationem
1246 1206 1349 1260 ueuhe.
1379 1203 1502 1258 lulianus
1520 1201 1565 1268 ait,
1583 1199 1606 1254 si
1623 1211 1711 1252 seruos
1726 1207 1749 1246 10

293 1293 361 1348 liber
378 1299 405 1347 et
423 1293 500 1348 heres
518 1308 579 1347 esse
597 1294 687 1347 iussus
706 1293 813 1346 occisus
830 1291 922 1363 tirerit,
948 1309 1035 1363 neque
1053 1293 1232 1349 substitutum
1251 1309 1341 1364 neque
1358 1294 1511 1362 legitimum
1528 1289 1633 1344 actione
1649 1285 1712 1354 lagia

293 1381 418 1451 Aquiliae
436 1382 592 1436 hereditatis
611 1382 826 1436 aestimationem
845 1387 1067 1451 consecuturum,
1088 1397 1159 1450 quae
1178 1397 1260 1437 seruo
1278 1388 1436 1453 competere
1454 1395 1509 1435 nou
1526 1378 1626 1448 potnit:
1648 1388 1713 1444 quae

293 1471 427 1524 sententia
445 1487 510 1524 uera
527 1477 578 1524 est.
612 1470 690 1539 pretii
710 1471 793 1539 igitur
809 1470 978 1524 solummodo
997 1469 1054 1525 lieri
1074 1471 1305 1541 aestimationem,
1329 1472 1395 1541 quis
1415 1470 1468 1526 hoc
1485 1469 1614 1523 interesse
1632 1464 1713 1518 solnm

292 1558 432 1613 substituti
449 1559 598 1613 uideretur:
621 1573 672 1626 ego
691 1563 781 1612 autem
800 1563 866 1628 puto
884 1573 936 1613 nec
953 1559 1033 1628 pretii
1050 1557 1108 1614 fieri
1127 1561 1361 1628 aestimationem,
1385 1559 1464 1628 quia,
1487 1556 1604 1611 siberes
1621 1553 1714 1620 assae,

260 1653 274 1696 2
292 1653 320 1701 et
337 1647 405 1702 liber
422 1653 503 1701 esset.
534 1646 609 1700 ldem
629 1647 750 1701 Iulianus
768 1646 870 1716 scribit,
891 1649 914 1701 si
932 1648 1074 1703 institutus
1092 1648 1170 1705 fuero
1189 1648 1241 1704 sub
1260 1649 1421 1704 condicione
1440 1645 1470 1702 'si
1489 1645 1609 1701 Stichum
1626 1649 1753 1696 manu-1⁵

292 1734 398 1790 misero*
417 1741 445 1790 et
462 1734 571 1790 Stichus
593 1736 629 1788 sit
647 1736 753 1789 occisus
777 1739 840 1804 post
862 1741 976 1790 mortem
1001 1740 1152 1809 testatoris,
1177 1741 1205 1794 in
1224 1739 1444 1794 aestimationem
1462 1737 1545 1791 etiam
1562 1729 1714 1788 hereditatis

291 1825 408 1894 pretinm
427 1839 470 1878 me
489 1829 711 1878 consecuturum:
737 1829 849 1892 propter
865 1825 1028 1880 occisionem
1050 1827 1122 1882 enim
1140 1825 1242 1882 deiecit
1259 1827 1398 1882 candido:
1421 1824 1495 1895 qnod
1513 1825 1537 1878 si
1554 1823 1618 1877 uiuo
1635 1823 1715 1873 testa

291 1919 349 1966 tore
368 1913 474 1967 occisus
492 1913 541 1981 sit,
564 1911 723 1966 hereditatis
742 1913 957 1968 aestimationem
976 1929 1098 1986 cessam,
1122 1918 1187 1986 quia
1206 1923 1357 1971 retrorsum
1373 1915 1470 1984 quanti
1486 1911 1593 1983 plurimi
1611 1907 1664 1963 fuit
1680 1907 1715 1960 in·

259 2007 273 2050 3
291 2001 411 2070 spicitur.
438 2001 513 2055 Idem
532 1999 654 2054 Iulianus
671 1999 765 2054 scribit
783 2001 997 2058 aestimationem
1016 2003 1132 2059 hominis
1150 2005 1234 2060 occisi
1252 2005 1289 2059 ad
1306 2004 1335 2059 id
1348 2010 1457 2073 tempus
1468 2000 1570 2069 referri,
1589 2013 1642 2069 qno
1660 1996 1715 2066 plu·

292 2090 351 2143 rimi
369 2090 397 2144 in
414 2105 447 2143 eo
466 2103 537 2143 anno
554 2087 619 2143 fuit:
644 2092 673 2141 et
690 2088 751 2142 ideo
770 2095 799 2144 et
817 2090 840 2144 si
858 2091 977 2159 pretioso
996 2093 1092 2161 pictori
1111 2094 1201 2162 pollex
1218 2092 1301 2148 fuerit
1318 2093 1458 2163 praecisus
1477 2095 1505 2144 et
1522 2091 1592 2144 intra
1609 2099 1715 2151 annum,
1733 2091 1756 2130 ²⁰

292 2193 345 2247 quo
367 2177 581 2247 praecideretur,
605 2175 688 2230 t'uerit
705 2179 825 2248 occisus,
847 2194 929 2248 posse
952 2182 1032 2234 eum'
1050 2181 1161 2250 Aquilia
1184 2197 1266 2251 agere
1289 2183 1432 2252 pretioque
1455 2196 1488 2236 eo
1512 2174 1716 2240 aestimandum,

258 2271 274 2317 t
291 2266 386 2336 quanti
403 2264 455 2321 tuit
471 2267 627 2336 priusquam
646 2270 732 2319 artem
751 2281 811 2320 cum
829 2268 927 2336 pollice
945 2270 1104 2324 amississet.
1132 2269 1187 2326 Sed
1206 2274 1235 2326 et
1252 2272 1276 2326 ai
1288 2285 1394 2340 seruus,
1413 2271 1461 2340 qui
1478 2283 1592 2337 magnas
1608 2261 1717 2318 fraudet

292 2356 319 2411 in
338 2355 405 2410 meis
423 2353 572 2409 rationibus
590 2354 769 2422 commiserat,
787 2353 868 2410 fuerit
886 2358 1001 2427 occisus,
1019 2359 1120 2429 dequo
1135 2360 1323 2429 quaestionem
1342 2358 1443 2414 habere
1461 2358 1672 2422 destinaueram,
1689 2355 1719 2404 nt

292 2443 427 2499 fraudium
445 2443 591 2513 participes
610 2449 774 2513 eruerentur,
792 2446 942 2500 rectissime
954 2445 1047 2502 Labeo
1062 2446 1156 2502 scribit
1173 2450 1243 2504 tanti
1260 2448 1470 2516 aestimandum,
1488 2445 1583 2516 quanti
1599 2456 1664 2496 mea
1680 2440 1717 2494 iu·

259 2536 274 2583 t
291 2537 393 2587 tererat
410 2531 519 2587 fraudes
537 2533 625 2588 serui⁸
642 2547 691 2603 per
708 2548 770 2587 eum
789 2535 949 2590 commissas
966 2536 1072 2605 detegh
1091 2552 1144 2592 uon
1163 2537 1258 2606 quanti
1276 2552 1349 2593 noxa
1366 2537 1426 2592 eius
1444 2535 1516 2592 senui
1532 2533 1632 2588 ualeat.
1664 2527 1718 2584 Sed
1735 2536 1760 2577 ¹⁵

292 2626 320 2677 et
338 2622 361 2675 si
378 2619 467 2676 bonae
485 2619 557 2690 frugi
574 2636 670 2676 seruus
687 2621 759 2676 intra
776 2638 876 2678 annum
895 2625 1007 2679 mutatis
1026 2624 1146 2681 moribus
1158 2627 1266 2681 occisus
1278 2627 1321 2695 sit,
1340 2626 1457 2695 pretium
1475 2624 1504 2679 id
1522 2619 1718 2684 aestimabitur,

258 2715 273 2761 6
291 2715 394 2779 quanto
413 2710 530 2778 ualeret,
553 2711 710 2780 priusquam
729 2726 818 2766 mores
835 2717 962 2767 mutaret.
992 2713 1024 2767 In
1043 2729 1150 2768 summa
1166 2713 1258 2769 omnis
1280 2715 1449 2782 commoda⁴,
1473 2727 1543 2783 quae
1576 2701 1720 2791 'porr-„fi

291 2799 362 2854 intra
379 2815 488 2868 annum,
507 2815 561 2868 quo
579 2797 736 2854 interiectus
754 2805 804 2870 est,
823 2802 1009 2870 pretiosiorem
1028 2817 1137 2858 seruum
1154 2801 1285 2872 facerent,
1303 2803 1371 2858 haec
1389 2803 1520 2858 accedere
1538 2801 1574 2855 ad
1591 2799 1719 2853 aestinm

258 2889 273 2936 7
291 2888 392 2942 donem
411 2888 470 2942 eius
488 2887 633 2942 fficendum
651 2892 702 2942 est.
729 2887 759 2944 Si
776 2887 866 2944 infans
884 2890 920 2944 sit
937 2891 1044 2945 occisus
1060 2891 1180 2946 nondum
1193 2893 1343 2962 anniculus,
1362 2891 1454 2946 uenus
1472 2895 1516 2945 est
1533 2887 1588 2944 sur*-
1607 2871 1721 2973 Q

258 2979 272 3026 8
291 2975 371 3031 licere
390 2975 460 3031 hanc
478 2977 627 3046 actionem,
645 2980 677 3032 ut
694 2979 848 3033 aestimatio
865 2975 998 3032 referatur
1015 2978 1051 3033 ad
1068 2979 1097 3034 id
1114 2985 1236 3050 tempus,
1253 2995 1309 3050 quo
1327 2981 1399 3035 intra
1416 2995 1516 3035 anuum
1534 2979 1612 3033 uixit.
1638 2976 1720 3031 Hanc
1738 2981 1763 3021 ⁸⁰

291 3066 425 3121 actionem
444 3065 582 3120 etheredi
600 3066 750 3136 ceterisque
769 3066 971 3122 successoribus
989 3067 1049 3122 dari
1064 3073 1185 3124 constat:
1204 3068 1254 3124 sed
1271 3069 1300 3125 in
1317 3068 1446 3124 heredem
1464 3068 1509 3122 uel
1527 3071 1632 3122 ceteros
1649 3065 1720 3122 haec

257 3158 272 3204 9
291 3154 363 3208 actio
381 3168 435 3209 nou
454 3153 570 3224 dabitur,
589 3170 651 3208 cum
671 3157 682 3227 l!
701 3155 738 3209 sit
753 3157 884 3225 poenalis,
903 3156 955 3210 nisi
972 3154 1042 3211 lorte
1061 3171 1095 3210 ex
1114 3157 1214 3213 damno
1232 3159 1392 3228 locupletior
1408 3157 1488 3213 heres
1505 3156 1595 3212 sactus
1612 3155 1659 3209 sit.
1692 3153 1721 3208 Si
1738 3153 1801 3200 till

290 3241 352 3298 dolo
371 3257 468 3297 seruus
486 3243 593 3298 occisus
611 3243 656 3312 sit,
674 3247 703 3298 et
720 3245 781 3313 lege
800 3243 925 3299 Cornelis
942 3259 1024 3314 agere
1041 3244 1180 3300 dominum
1199 3261 1281 3316 posse
1298 3251 1419 3303 constat:
1440 3251 1470 3302 et
1486 3247 1510 3301 si
1526 3247 1589 3315 lege
1606 3243 1721 3313 Aquilia

242 3337 272 3382 10
290 3332 389 3400 egerit,
413 3331 609 3401 praeiudicium
626 3330 686 3386 lieri
704 3333 844 3387 Corneliae
866 3347 921 3388 non
939 3332 1029 3388 debet.
1061 3334 1137 3388 Haec
1154 3335 1225 3389 actio
1244 3335 1376 3390 aduersus
1394 3335 1568 3391 confitentem
1585 3333 1723 3402 competit

242 3425 270 3471 ll
289 3420 317 3474 in
335 3420 471 3490 simplum,
490 3421 622 3476 aduersus
640 3425 787 3491 negantem
804 3421 832 3476 in
850 3419 971 3490 duplum.
999 3421 1101 3493 Siquis
1113 3423 1249 3478 homiuem
1266 3424 1360 3479 uiuum
1379 3423 1449 3480 salso
1467 3422 1629 3480 confiteatur
1645 3420 1721 3476 occi-
1740 3423 1766 3464 ³⁵

290 3509 363 3563 disse
377 3515 405 3563 et
416 3515 512 3578 postea
529 3515 640 3580 paratus
652 3511 689 3565 sit
699 3507 843 3563 ostendere
857 3507 993 3564 homiuem
1006 3512 1099 3566 uiuum
1112 3527 1182 3582 ease,
1199 3512 1320 3567 Iulianus
1338 3512 1432 3568 scribit
1449 3527 1557 3568 cessare
1568 3511 1721 3580 Aquiliam,

289 3597 415 3667 quamuis
427 3597 568 3653 consessus
580 3599 617 3652 sit
625 3611 655 3652 se
667 3596 812 3652 occidisse:
824 3595 877 3651 hoc
888 3599 959 3652 enim
972 3599 1059 3654 solum
1071 3601 1209 3656 remittere
1221 3601 1306 3656 actori
1319 3599 1512 3656 confessoriam
1524 3600 1671 3666 actionem,
1684 3611 1721 3652 ne

289 3699 401 3740 necesse
419 3685 519 3740 habeat
536 3685 634 3742 docere
652 3701 714 3740 eum
733 3685 878 3740 occidisse:
897 3693 1017 3742 ceterum
1034 3689 1154 3744 occisum
1166 3703 1228 3744 esse
1238 3689 1375 3744 hominem
1387 3705 1404 3744 a
1416 3704 1587 3759 quocumque
1599 3691 1722 3757 oportet

235 3883 238 3890 ¹
287 3790 466 3862 sturno]

290 3953 297 3985 ¹
318 3951 341 4004 si
359 3949 438 4005 heres
456 3950 538 4020 esset]
557 3951 580 4004 si
598 3954 753 4018 superesset
770 3951 806 4018 (a.
819 3949 866 4017 tl?
927 3951 1031 4006 ²erum
1050 3953 1184 4018 (Calactae
1202 3957 1256 4010 coll.
1275 3957 1289 4008 l.
1304 3955 1337 4010 11
1350 3954 1365 4024 ξ
1377 3954 1395 4009 6
1407 3955 1432 4009 la
1444 3955 1493 4020 tq?
1553 3954 1565 3988 ⁸
1583 3952 1658 4008 serui
1671 3954 1722 4008 del.

287 4024 299 4056 ⁴
317 4021 408 4077 omnia
425 4020 568 4077 commoda
585 4022 631 4075 del.

289 4162 480 4218 inulneratos
503 4163 530 4214 F
542 4163 639 4248 (aas)
693 4158 824 4230 afuerit]
849 4161 894 4214 n
916 4180 972 4216 cam
1027 4164 1061 4218 15
1079 4164 1280 4221 condicione‘m'
1298 4167 1324 4220 F
1372 4167 1406 4221 16
1424 4165 1460 4234 et]
1479 4170 1509 4220 et
1526 4164 1548 4219 si
1565 4163 1611 4231 ΡΙ
1632 4162 1721 4219 etiam

287 4234 349 4288 BS:
369 4233 433 4296 ὃεογ
451 4231 521 4286 isica
542 4231 573 4285 ia
593 4251 637 4286 οτε
656 4229 783 4303 isqpcim,
805 4233 833 4286 in
850 4246 883 4287 eo
901 4248 973 4288 anno
1026 4253 1074 4288 om.
1087 4235 1159 4300 P·L,
1174 4245 1232 4308 post
1243 4237 1358 4307 pretium
1371 4235 1443 4291 P⁸V
1484 4237 1517 4291 17
1530 4236 1602 4290 enim
1615 4233 1723 4290 defecit

287 4303 369 4359 fuerit
378 4302 476 4366 Postu,
494 4303 588 4372 quanti
602 4344 608 4357 .
620 4343 626 4356 .
638 4343 644 4356 .
657 4304 750 4373 potius
762 4321 811 4358 om.
825 4301 858 4357 θ’
893 4305 973 4358 etra-
1026 4305 1150 4362 condicio
1161 4307 1235 4377 qnod
1248 4309 1271 4363 si
1282 4309 1347 4363 uiuo
1358 4311 1379 4361 t.
1389 4323 1415 4362 o.
1424 4322 1445 4361 s.
1455 4306 1483 4360 h.
1496 4307 1721 4361 aestimationem

287 4374 437 4430 de‘r'ndum
456 4375 481 4426 F
529 4373 633 4444 liquis]
652 4389 706 4444 quo
725 4375 782 4442 F¹l
802 4373 973 4443 sumphouia·
1027 4377 1125 4431 laeliu
1171 4380 1204 4433 21
1223 4379 1396 4449 pr'a'etioque
1409 4381 1436 4431 F
1443 4380 1448 4444 Ι
1463 4392 1558 4432 eoam.
1573 4377 1604 4440 V,
1618 4377 1723 4430 ΜΡ·

288 4447 327 4502 cis
350 4446 387 4499 F¹
441 4445 655 4500 'leoreorisl'1
708 4444 932 4516 Sdepr‘a'etiata
954 4447 980 4500 F
1027 4447 1062 4501 22
1079 4451 1109 4502 et
1126 4450 1234 4518 orn.Pl
1254 4448 1363 4504 fraudes
1380 4449 1417 4502 Ρ
1470 4449 1505 4502 23
1523 4447 1722 4532 quaestionum

287 4517 391 4574 tlibro
413 4521 512 4572 octauo
535 4516 650 4585 decimo]
672 4515 741 4571 libro
760 4516 805 4571 uiii
824 4516 883 4580 PV,
905 4515 975 4572 libro
1027 4517 1063 4570 ΡΙ
1080 4520 1084 4586 Ι
1100 4518 1208 4588 habere]
1222 4520 1322 4575 abhere
1339 4520 1375 4573 F¹
1420 4520 1455 4574 25
1469 4533 1543 4573 serua
1554 4517 1654 4572 'ualeat
1666 4517 1723 4572 sed

287 4591 344 4644 xuii
370 4588 426 4642 LU
493 4589 526 4643 ts
552 4587 642 4642 sentia
666 4589 707 4641 P·
734 4589 739 4654 1
765 4585 928 4643 in'e’tsresse
954 4590 981 4643 F
1027 4588 1087 4643 ets'
1101 4605 1150 4659 per
1167 4606 1229 4645 eum
1247 4590 1446 4655 commissasF,
1464 4591 1537 4644 serui
1548 4589 1642 4642 ualeat
1653 4603 1721 4658 per·

288 4662 322 4716 14
343 4660 452 4714 uidetur
470 4659 547 4714 PLU
564 4661 569 4726 Ι
589 4673 655 4728 ergo
677 4659 718 4713 P⁰
738 4661 744 4727 Ι
763 4659 828 4728 quia
850 4660 873 4712 si
895 4658 974 4714 heres
1026 4661 1111 4714 missa
1132 4662 1156 4715 L
1176 4663 1180 4728 Ι
1201 4661 1290 4717 e's'ius
1313 4663 1345 4725 F,
1369 4662 1455 4730 ipsius
1474 4660 1527 4714 Μ]
1575 4661 1612 4713 26
1630 4658 1721 4727 frugi]

287 4738 360 4787 esset
378 4735 406 4786 et
422 4729 491 4786 liber
513 4731 595 4800 esset]
621 4729 686 4800 quia
708 4731 731 4786 si
754 4736 921 4802 superesset,
946 4737 974 4785 et
1026 4728 1112 4798 frugis
1127 4734 1172 4807 sl
1194 4734 1380 4789 aestimauitur
1402 4732 1437 4784 pr
1491 4731 1525 4785 29
1544 4731 1638 4784 uerius
1661 4731 1723 4854 sag

285 4803 353 4858 liber
371 4809 445 4858 esset
455 4805 602 4858 similiterue
615 4809 747 4872 scripserit
761 4801 884 4872 Ulpianus
896 4803 976 4874 (qaod
1025 4803 1117 4856 uerius
1140 4807 1169 4857 et
1192 4805 1232 4858 P·
1289 4805 1324 4858 30
1345 4802 1410 4872 quo]
1434 4803 1478 4865 Ρ,
1502 4800 1577 4870 quod
1599 4799 1688 4854 F’PL

286 4876 354 4929 uidit
364 4875 489 4942 Pothierl,
501 4874 546 4928 ssd
557 4880 585 4926 ut
595 4890 642 4926 aas
653 4874 765 4944 leyserus
775 4880 851 4926 etlam
866 4873 973 4928 lircect:
1026 4874 1060 4927 31
1079 4873 1123 4926 uel
1139 4875 1253 4944 ceteros]
1270 4877 1308 4929 rai
1321 4875 1383 4935 roic
1396 4873 1501 4934 tornois
1513 4871 1588 4925 traho
1603 4889 1652 4934 ore
1665 4871 1721 4925 BS

286 4943 373 4999 encrat
405 4945 426 4998 ai
457 4943 562 5010 &seuero
593 4943 756 5012 saupoubuoc
788 4941 804 4996 ὸ
830 4941 973 5014 iaarpeeeic
1026 4943 1159 5009 (Doroth.)
1198 4945 1405 5009 illusamVL,
1424 4953 1471 4998 iac.
1485 4943 1524 4996 P⁰
1565 4889 1720 4996 gliscere

287 5015 388 5072 ciserae
416 5017 454 5071 sai
476 5015 615 5085 iteieepoc
637 5013 740 5078 ¹aperiero
770 5014 817 5067 Rs
840 5015 973 5082 (Dorolla)
1025 5011 1116 5068 'r'eum
1134 5015 1172 5068 F'
