3734 5578
254 239 373 307 Xllllll
393 243 412 305 3
435 246 550 300 tre-cr
926 230 1013 310 728
1225 252 1356 302 sonoro
1379 252 1602 300 transmenso
1625 253 1684 300 nos

198 403 236 461 56
306 400 384 453 lours
401 397 470 452 libro
488 402 566 452 sexto
587 396 621 450 ad
636 396 780 450 Plautium.
818 394 847 451 Si
865 395 926 464 quis
945 395 984 449 sie
1003 393 1147 464 stipuletur
1165 409 1182 446 a
1200 394 1310 448 marito:
1327 393 1359 449 ‘si
1376 408 1431 463 quo
1451 408 1517 448 casu
1535 388 1686 475 We
1713 401 1734 454 lt

254 489 328 543 Titia
346 486 394 541 tibi
413 493 499 556 nupta
517 501 578 540 esse
597 486 716 552 desierit,
736 485 827 539 dotem
846 483 952 538 dabis'?
973 482 1026 538 hac
1049 483 1170 552 generali
1193 483 1449 538 commemoratione
1466 488 1495 537 et
1512 481 1549 536 ab
1566 480 1686 536 hostibus

255 583 337 647 capte
355 592 388 630 ea
407 577 591 630 committetur
609 575 749 644 stipulatio
768 575 811 628 uel
830 574 912 627 etiam
931 573 955 627 si
973 572 1118 642 deportata
1134 570 1217 626 buerit
1234 573 1277 626 nel
1296 571 1394 627 aneilla
1411 570 1524 624 effecta:
1549 568 1602 623 hac
1620 571 1686 625 enim

255 666 432 736 conceptione
452 680 545 719 omnes
564 664 590 717 hi
604 679 685 717 casus
697 664 877 718 continentur.
905 662 986 732 plane
999 664 1146 730 quantuml
1160 662 1254 716 ueniat
1265 661 1293 715 in
1306 659 1489 730 stipulatione,
1508 662 1602 712 utrum
1614 660 1687 728 qnasi

255 762 362 813 momua
381 757 417 809 sit
435 771 470 808 an
488 754 567 822 quasi
586 753 734 807 diuortium
752 750 868 806 fecerit?
894 750 1040 806 humanius
1058 751 1119 819 quis
1137 749 1166 805 id
1184 754 1339 818 competere
1358 749 1470 816 dixerit,
1486 747 1563 816 qnod
1582 752 1716 818 proptera

255 851 369 901 mortem
388 843 524 898 conuenit.

198 932 236 989 57
308 935 489 988 Msacnnnus
507 929 577 985 libro
595 930 711 998 septimo
730 929 908 997 digestorum.
946 926 1004 982 Usu
1022 925 1113 982 lrnctn
1138 926 1166 980 in
1189 927 1280 981 dotem
1300 925 1365 980 dato
1386 925 1410 980 si
1428 925 1517 980 diuor-
1537 920 1689 1010 Q
1715 935 1739 988 Ε

255 1024 323 1078 tinm
342 1021 519 1076 interceperit
537 1034 588 1073 nee
605 1019 759 1089 proprietas
776 1018 816 1072 rei
835 1016 908 1087 apnd
927 1016 1053 1070 maritum
1072 1016 1116 1070 uel
1135 1015 1274 1070 mulierem
1294 1015 1355 1083 sit‘,
1374 1030 1433 1069 eam
1453 1014 1526 1069 dotis
1541 1029 1604 1069 esse
1617 1016 1690 1070 resti-

255 1112 397 1181 tutionem,
416 1115 447 1164 nt
466 1109 579 1164 maritus
597 1113 708 1177 canent,
720 1106 858 1176 'quamdin
877 1105 990 1174 uixerit,
1008 1121 1154 1175 passnmm
1173 1120 1203 1158 se
1222 1105 1261 1158 uti
1280 1102 1332 1158 frui
1352 1104 1491 1158 mulierem
1509 1101 1691 1172 heredemque

255 1202 323 1255 eius.
351 1198 424 1269 qnod
449 1215 483 1253 an
506 1210 600 1251 nerum
625 1197 661 1251 sit
683 1196 756 1250 circa
779 1194 959 1250 adiectionem
981 1193 1102 1263 heredis,
1126 1192 1230 1248 dubito.
1259 1193 1385 1262 interest,
1407 1191 1640 1261 quemadmodum
1660 1191 1692 1244 sit
1708 1201 1731 1240 ιι

255 1305 322 1343 nsns
340 1287 446 1342 fruetus
463 1287 491 1341 iu
511 1286 602 1366 dotem
621 1285 710 1338 datus.
739 1285 776 1353 si,
800 1298 862 1338 cnm
880 1281 995 1337 haberet
1012 1282 1107 1336 mulier
1124 1278 1256 1349 fructum,
1275 1282 1347 1350 uiro,
1367 1281 1445 1335 cuius
1463 1287 1524 1336 crat
1541 1281 1692 1351 proprietas

256 1377 345 1446 fundi,
371 1374 592 1432 usumfructum
618 1374 714 1442 cessit,
740 1372 805 1428 nihil
830 1372 926 1427 mulier
947 1369 1041 1424 heredi
1063 1385 1113 1425 sno
1136 1372 1281 1439 relinquet:
1306 1368 1457 1425 debebatur
1479 1370 1552 1424 enim
1580 1369 1605 1424 ei
1629 1385 1694 1424 usus

256 1465 374 1534 srurctrrs,
399 1465 446 1534 qui
464 1463 499 1518 ad
518 1462 646 1517 heredem
665 1477 720 1516 non
738 1461 808 1515 solet
825 1460 950 1514 transire.
979 1459 1052 1528 qnod
1071 1459 1094 1513 si
1113 1457 1189 1514 fundi
1208 1460 1250 1513 sui
1268 1457 1386 1513 fructum
1406 1459 1502 1514 mulier
1521 1459 1584 1514 niro
1604 1459 1693 1526 cessit,

256 1555 362 1610 restitui
380 1554 403 1608 is
421 1570 438 1607 a
456 1553 515 1607 niro
534 1551 647 1606 debet¹z
673 1567 734 1604 eum
753 1549 920 1619 proprietate
938 1548 1010 1602 enim
1029 1547 1064 1602 ad
1083 1547 1210 1602 heredem
1229 1548 1288 1602 eius
1306 1547 1462 1617 transisset,
1487 1548 1510 1602 si
1528 1549 1573 1602 uir
1590 1548 1620 1602 iu
1638 1546 1694 1601 red·

256 1644 347 1699 dendo
365 1657 398 1696 eo
416 1657 470 1696 non
489 1639 600 1695 fecisset
618 1654 731 1694 moram.
760 1639 783 1692 si
802 1653 867 1693 uero
887 1639 1005 1693 alienata
1028 1638 1063 1692 sit
1081 1637 1233 1706 proprietas
1258 1641 1305 1690 aut
1327 1636 1424 1706 aliquis
1446 1634 1525 1690 tundi
1549 1637 1593 1690 sni
1616 1651 1695 1691 nsum
1713 1645 1735 1686 ιι

256 1731 373 1787 fructum
392 1731 512 1785 mulieris
530 1730 605 1784 iussu
625 1729 683 1782 uiro
702 1728 761 1782 eius
774 1726 881 1781 dederit
896 1727 924 1782 in
937 1727 1037 1795 dotem,
1055 1725 1254 1796 inspiciendum
1266 1729 1309 1780 est
1321 1725 1446 1794 primum,
1464 1725 1695 1795 quemadmodum

257 1820 362 1876 mulieri
380 1819 470 1889 possit
487 1819 607 1872 restitui:
632 1822 725 1887 potest
743 1820 834 1871 autem
853 1815 897 1870 nel
916 1814 1089 1872 cantionibus
1107 1815 1287 1884 interpositis,
1311 1819 1343 1868 ut
1361 1813 1401 1868 sic
1419 1818 1450 1868 ut
1467 1817 1561 1883 potest
1580 1816 1625 1869 uir
1642 1816 1696 1869 inre

257 1925 307 1965 sno
331 1908 411 1964 cedat
433 1908 538 1962 mulieri
561 1905 668 1976 fruique
694 1921 754 1959 eam
778 1905 911 1974 patiatur,
936 1905 993 1974 nel,
1019 1904 1043 1958 si
1066 1919 1095 1958 se
1118 1903 1337 1959 accommodanit
1362 1902 1489 1958 dominns
1512 1904 1696 1974 proprietatis,

257 1999 383 2054 ⁴uolente
402 2013 434 2051 eo
454 1997 559 2051 mulieri
578 1995 760 2050 constituatur
777 2010 844 2048 usus
862 1990 999 2048 fructusit
1024 2007 1086 2047 nam
1112 1998 1159 2047 aut
1176 1990 1294 2046 fructum
1314 1989 1391 2046 fundi
1410 1990 1454 2046 ille
1473 1992 1581 2046 mulieri
1599 1993 1698 2062 poterit

258 2087 356 2144 cedere
381 2091 429 2140 ant
452 2084 553 2153 aliquid
576 2083 704 2138 uidelicet
726 2097 776 2152 pro
801 2099 848 2153 eo,
872 2088 903 2137 nt
925 2083 996 2138 inter
1018 2097 1066 2137 eos
1089 2086 1180 2136 actum
1204 2079 1298 2150 tuerit,
1323 2080 1397 2134 dare.
1426 2096 1488 2134 nam
1508 2085 1537 2135 et
1554 2079 1632 2149 tinge
1649 2081 1698 2136 hoc
1715 2091 1738 2130 ιι

258 2177 348 2246 ipsum
367 2174 508 2228 mulierem
526 2187 607 2242 posse
627 2172 799 2242 proprietatis
824 2172 935 2228 domino
957 2170 1085 2227 uendere.
1112 2185 1167 2240 quc
1190 2184 1256 2224 caen
1279 2184 1334 2224 non
1357 2169 1448 2238 inique
1471 2169 1557 2224 etiam
1580 2169 1700 2224 mulieris

258 2263 360 2320 herede
379 2267 478 2332 agente
496 2262 539 2316 uir
556 2260 646 2315 iacere
666 2266 793 2329 cogetur:
819 2262 919 2331 quippe
938 2261 962 2316 si
981 2275 1084 2316 moram
1107 2275 1163 2314 non
1185 2256 1309 2327 iecisset,
1331 2258 1449 2327 pretinm
1473 2255 1581 2312 fructus
1605 2258 1701 2313 mulier

259 2351 352 2408 heredi
370 2365 421 2406 sno
439 2350 600 2420 reliquisset.
628 2349 702 2419 quod
720 2351 744 2404 si
761 2349 920 2406 facultatem
938 2365 1005 2405 usus
1023 2348 1127 2404 fructus
1142 2346 1280 2402 uendendi
1290 2348 1467 2416 proprietatis
1480 2346 1592 2402 domino
1605 2347 1701 2401 mulier

259 2456 315 2497 non
332 2439 466 2507 habuerit,
484 2438 653 2508 patientiam,
672 2455 753 2508 quam
772 2439 940 2510 percipiendi
959 2437 1064 2493 fructus
1080 2442 1220 2507 praestare
1239 2435 1292 2506 ipsi
1309 2435 1413 2506 debuit,
1433 2436 1515 2490 etiam
1533 2435 1632 2490 heredi
1644 2436 1700 2490 eius

259 2533 390 2602 praestat.
1717 2535 1741 2576 ιι

204 2614 242 2674 58
315 2619 506 2673 ltonusrnms
523 2615 592 2671 libro
611 2617 742 2686 singulari
761 2617 795 2671 de
812 2615 1012 2671 heurcmaticis.
1042 2613 1144 2670 Semne
1158 2613 1168 2684 [Ι
1182 2612 1372 2668 dotalisheres
1385 2611 1524 2682 abaliquo
1544 2607 1701 2696 We
1728 2613 1815 2672 Eleu

261 2707 402 2762 institutus
426 2707 516 2761 mariti
539 2707 616 2761 iussn
639 2706 684 2760 nel
709 2706 784 2761 adire
808 2707 852 2761 uel
877 2705 1021 2776 repudiare
1050 2703 1134 2758 debet
1159 2702 1349 2757 hereditatem.
1381 2701 1431 2756 sed
1455 2717 1490 2756 ne
1514 2703 1633 2757 maritus
1658 2707 1703 2756 snt

260 2795 341 2851 facile
358 2795 526 2864 repudiando
545 2796 590 2849 nel
608 2801 711 2851 umere
730 2794 903 2865 suscipiendo
922 2794 1087 2863 incognitam
1107 2793 1308 2846 successionem
1327 2790 1399 2845 dotis
1417 2790 1519 2845 iudicio
1538 2791 1619 2846 uxori
1639 2805 1703 2845 suae

262 2887 411 2956 obligetur,
435 2882 631 2939 consulendum
655 2889 697 2938 est
721 2885 860 2938 mulierem
880 2897 972 2938 coram
990 2881 1108 2937 testibus
1126 2880 1300 2949 interrogari,
1325 2885 1416 2934 utrum
1435 2881 1501 2935 uelit
1520 2880 1652 2934 omittere
1670 2895 1703 2934 an

262 2975 404 3044 adquirere
423 2972 612 3028 hereditatem.
641 2978 669 3026 et
688 2972 711 3027 si
729 2971 873 3042 repudiare
897 2987 928 3026 se
950 2971 1063 3040 dixerit,
1087 2968 1167 3026 tacite
1192 2967 1280 3023 mariti
1300 2969 1375 3022 iussu
1394 2967 1558 3038 repudiabit.
1587 2968 1665 3038 qnod
1681 2968 1704 3022 si
1720 2981 1744 3020 aa

261 3064 441 3120 hereditatem
459 3077 608 3131 umescere
627 3061 765 3130 maluerit,
789 3060 944 3115 reddendus
968 3065 1011 3114 est
1034 3076 1050 3114 a
1074 3059 1171 3114 marito
1195 3072 1291 3112 seruus
1312 3057 1392 3113 uxori
1411 3072 1445 3112 ea
1463 3056 1647 3128 condicione,
1667 3063 1704 3124 nt,

263 3169 325 3208 cnm
343 3154 419 3207 iussn
437 3153 497 3206 eins
514 3150 625 3220 adierit,
649 3165 756 3205 rursum
782 3150 879 3204 manta
902 3149 1063 3204 retrudatur.
1091 3149 1130 3202 ita
1148 3152 1176 3202 et
1194 3147 1284 3201 mariti
1301 3145 1475 3200 sollicitudini
1500 3147 1662 3202 consuletur
1679 3149 1705 3200 et

262 3243 356 3298 uxoris
373 3241 510 3296 desiderio
528 3240 675 3309 parebitur.
1460 3284 1463 3290 .

206 3329 244 3388 59
315 3333 458 3387 Iunrauns
481 3328 550 3384 libro
573 3328 694 3384 secundo
715 3328 751 3383 ad
769 3327 894 3383 Urseium
913 3327 1052 3382 Ferocem.
1089 3325 1173 3380 Filiae
1192 3339 1269 3380 meae
1288 3323 1477 3394 emancipatae
1495 3327 1524 3378 et
1542 3339 1648 3394 aegrae
1666 3323 1706 3379 nir
1722 3321 1751 3375 'S
1845 3333 1846 3336 ’

264 3421 293 3476 in
309 3421 362 3476 hoc
380 3418 523 3490 repudium
543 3418 630 3486 misit,
654 3421 687 3471 nt
709 3421 817 3472 mortua
839 3433 873 3471 ea
897 3416 987 3471 dotem
1007 3415 1100 3485 potius
1124 3412 1269 3468 heredibus
1292 3413 1352 3468 eins
1376 3428 1459 3482 quam
1482 3412 1549 3468 mihi
1566 3412 1704 3468 redderet
1721 3427 1744 3466 as

265 3509 383 3566 Sabinus
403 3507 511 3563 dicebat
530 3507 596 3561 utile
615 3506 680 3560 mihi
698 3507 757 3561 eius
775 3505 847 3561 dotis
865 3503 1059 3574 reciperandae
1076 3503 1206 3558 indicium
1226 3500 1346 3556 dandum
1366 3515 1440 3555 esse:
1460 3500 1547 3556 Gaius
1565 3501 1651 3557 idem.

208 3595 248 3654 60
318 3597 475 3653 Paoctmns
497 3595 566 3650 libro
589 3596 684 3666 quinto
708 3595 894 3665 epistularum.
935 3592 964 3648 Si
992 3592 1048 3647 tilis
1071 3591 1186 3647 familias
1214 3595 1301 3658 nupta
1327 3589 1477 3644 decesserit
1499 3594 1528 3644 et
1546 3584 1704 3673 [QX]
1731 3599 1753 3653 Ε

265 3691 344 3758 pater
360 3685 443 3741 funus
461 3687 486 3740 ei
505 3683 607 3753 iecerit,
626 3685 736 3738 tametsi
755 3685 779 3738 ei
799 3683 891 3738 dotem
909 3687 973 3750 post
990 3680 1100 3750 aliquod
1118 3686 1226 3749 tempus
1245 3683 1329 3748 g‘ener
1342 3678 1457 3734 reddere
1469 3678 1594 3748 deberet,
1613 3685 1707 3734 umen

266 3776 395 3832 continuo
414 3789 492 3830 socer
510 3773 618 3843 agendo
637 3777 832 3842 consequetur,
850 3775 882 3825 ut
899 3771 1049 3840 impensam
1067 3767 1170 3824 funeris
1188 3772 1359 3838 praesentem
1377 3767 1503 3837 recipiat,
1522 3773 1618 3823 cetera
1636 3769 1706 3823 dotis

267 3869 370 3921 statuto
389 3869 513 3935 tempore
532 3864 682 3918 soluantnr.
1628 3845 1634 3857 “
1722 3873 1746 3910 ιι

210 3954 247 4011 61
319 3954 500 4009 Permessus
516 3949 586 4008 libro
603 3951 749 4006 undecimo
767 3947 967 4018 quaestionum.
1003 3947 1128 4001 Dotalem
1146 3959 1256 4000 eorunm
1279 3945 1322 3999 nir
1340 3943 1427 3999 inuita
1445 3957 1530 4000 uxore
1548 3941 1706 4029 [affl-E
1722 3953 1756 4006 Ῥ

267 4052 407 4120 nnnc)

270 4189 355 4240 ιιιιιιι
375 4195 422 4240 tas.
489 4185 569 4240 ’nce
580 4182 734 4254 proprietas
745 4180 784 4235 rei
797 4178 871 4248 apud
883 4179 1009 4234 maritum
1022 4177 1067 4233 uel
1079 4175 1218 4231 mulierem
1231 4175 1267 4229 sit
1279 4194 1329 4228 non
1340 4182 1398 4228 runt
1410 4173 1530 4229 Marcella·
1596 4177 1706 4231 'eadm

268 4261 381 4328 teyerruu
398 4257 508 4312 Graeci:
530 4256 583 4310 nisi
601 4254 697 4310 mulier
720 4267 782 4306 enm
807 4251 950 4320 alienauit,
973 4251 1040 4305 item
1058 4248 1081 4302 si
1099 4263 1153 4302 non
1171 4246 1291 4300 restituit
1309 4261 1370 4300 cum
1389 4244 1493 4315 debuit,
1511 4247 1596 4301 etiam
1614 4245 1706 4302 heredi

269 4329 389 4385 mulieris
409 4331 448 4382 uei
464 4330 561 4381 similia
579 4327 621 4381 liic
640 4325 785 4380 exciderunt
855 4323 916 4376 ‘nt
934 4331 981 4376 ins.
1053 4321 1064 4354 ⁶
1083 4319 1127 4373 uel
1145 4317 1219 4372 aliud
1237 4332 1286 4387 pro
1305 4331 1338 4372 eo
1357 4317 1550 4373 deterescere

269 4421 317 4427 --.-
359 4419 494 4426 -.-.--
517 4419 523 4422 -
538 4419 598 4425 -—...

270 4452 285 4508 1
310 4449 488 4519 stipule‘n’tur
512 4447 549 4500 Ρ*
614 4449 631 4502 3
653 4447 698 4501 uel
722 4446 814 4516 etiam]
833 4444 897 4500 'aut'
915 4444 960 4500 uel
1015 4441 1097 4498 educe
1110 4442 1158 4497 rire
1172 4441 1291 4507 Γγιιιικὸε
1305 4442 1385 4494 stads
1401 4437 1502 4494 inerret
1515 4439 1563 4494 τὸιι
1579 4441 1664 4512 istps
1675 4441 1707 4494 rd

270 4521 352 4576 etiam
364 4520 399 4573 F‘
415 4523 419 4587 Ι
435 4514 960 4586 uelaneillaeiiectalF1li0⁶‚cm.l·'²l‘,
1014 4513 1139 4584 uraeipos
1154 4513 1225 4581 ιῨτῷ
1239 4511 1363 4582 lisura.)
1398 4512 1434 4566 23
1452 4511 1707 4582 propri'a'etatisl'¹

270 4601 329 4647 item
354 4598 501 4662 interpretes
523 4589 619 4644 Graeci
642 4590 791 4643 Dorotheus
810 4587 961 4658 Anonymas
1015 4587 1049 4640 25
1067 4589 1189 4655 praestet
1200 4584 1295 4648 F'EO,
1313 4585 1503 4653 praestaturi,
1521 4581 1710 4653 praestatur?

273 4665 391 4735 cyrillus,
404 4659 896 4721 ueletiam...effeetaom.T,“totnm
910 4657 962 4712 hoe
1015 4657 1049 4711 26
1076 4655 1299 4710 enrematicisF
1361 4655 1397 4708 29
1430 4654 1628 4709 consulendum
1656 4653 1706 4720 ast]

271 4734 450 4790 cancellatum
464 4736 507 4786 est
518 4732 596 4800 Pisis,
614 4736 646 4784 ut
656 4731 811 4796 litartinns)
824 4728 897 4785 dicit'
913 4731 961 4783 ud·
1015 4728 1055 4782 tei
1073 4726 1160 4788 siria
1172 4725 1274 4796 eperia
1289 4725 1338 4779 BS
1356 4725 1429 4795 (aa),
1450 4723 1546 4785 dociae
1626 4723 1707 4786 airis

270 4812 344 4858 aciat
353 4805 384 4866 E,
394 4806 444 4875 des.
457 4803 516 4858 0¹1·
548 4801 713 4856 hmorte'i'm
722 4802 759 4855 F‘
796 4799 962 4856 13ui⁴roF‘
1014 4797 1116 4870 ὲρωτὶιι
1142 4798 1294 4864 Bidana.)
1317 4799 1322 4863 Ι
1343 4797 1419 4866 uelit]
1443 4797 1488 4850 uel
1514 4798 1547 4851 F:
1570 4795 1622 4850 sire
1646 4795 1706 4856 tioi-

272 4877 306 4933 15
324 4873 511 4930 si't’nerofi
530 4875 535 4940 t
555 4871 740 4943 propria'etas
759 4873 795 4925 Β)
849 4873 883 4927 18
901 4885 963 4941 pre-
1015 4881 1084 4924 ιετιι
1104 4867 1231 4938 Bribra.)
1275 4869 1310 4922 30
1328 4867 1485 4937 repudiauit
1500 4868 1525 4920 F
1562 4868 1598 4922 34
1616 4881 1707 4920 eman-

271 4945 477 5016 pri‘a'etatisF⁶
509 4942 759 5015 suprapraestans
770 4945 806 4996 Ρ)
821 4945 826 5012 Ι
842 4943 962 5012 domino]
1015 4941 1105 5011 cipate
1127 4941 1173 5008 Fi
1195 4945 1313 5009 aegrae
1336 4940 1375 4992 Fi
1433 4940 1468 4993 35
1491 4937 1653 5006 repudium*
1672 4937 1707 4990 Ρ

272 5018 380 5076 nomine
397 5017 429 5070 Ρ
450 5016 552 5085 tetiam
627 5014 796 5084 mugetus]
812 5016 850 5072 sai
869 5024 961 5086 suspo-
1015 5013 1051 5066 38
1070 5011 1215 5080 aliquotF
1264 5011 1298 5066 41
1317 5007 1409 5065 dotale
1430 5011 1469 5078 Fi
1489 5008 1653 5064 nir'i'innita
1669 5005 1706 5060 ps
