3766 5554
251 263 342 332 XXII
366 269 379 330 1
402 271 499 326 9-13
924 257 1011 337 636
1497 281 1542 328 nu
1564 277 1688 328 usurus

214 423 233 482 9
305 422 383 476 lnnu
400 420 469 476 libro
488 421 632 476 undecimo
648 435 849 489 responsorum.
877 419 1013 474 Pecuniae
1026 418 1169 491 faenebris,
1188 421 1259 474 intra
1276 419 1348 475 diem
1361 424 1465 474 certum
1483 418 1530 474 de·
1548 412 1690 501 [Q
1709 428 1737 482 P

252 509 309 564 bito
328 525 382 563 uon
401 510 504 579 soluto,
530 510 607 580 dupli
624 509 783 577 stipulatum
802 509 830 561 in
849 509 934 562 altero
953 514 1029 563 tanto
1053 526 1136 578 supra
1157 508 1268 563 modum
1286 509 1423 578 legitimae
1442 522 1541 562 usurae
1560 506 1690 577 respondi

252 615 307 653 non
324 604 432 652 tencre:
457 613 541 667 quare
559 613 609 666 pro
634 598 714 652 modo
733 598 928 666 cuiuscumque
947 600 1077 668 temporis
1096 598 1232 667 superfluo
1251 598 1374 652 detracto
1393 596 1532 666 stipulatio
1550 596 1623 650 uires
1641 595 1690 650 ba-

219 699 231 744 1
251 687 335 742 babit.
372 687 522 741 Usurarum
546 687 699 756 stipulatio,
723 687 849 754 quamuis
873 685 981 741 debitor
1004 703 1058 742 non
1081 689 1273 756 conueniatur,
1299 685 1484 740 committitur.
1512 699 1563 739 nec
1586 684 1691 738 inutilis

250 777 388 845 legitimae
407 790 507 830 usurae
525 776 664 844 stipulatio
683 774 792 828 uidetur
810 772 861 828 sub
881 789 914 828 ea
933 775 1092 830 condicione
1111 780 1245 844 concepta
1263 775 1294 829 ‘si
1313 775 1430 828 minores
1449 773 1485 828 ad
1497 773 1568 827 diem
1581 773 1691 827 solutae
1710 781 1724 822 ε

252 864 314 919 ‘non
332 864 454 919 inerint':
474 879 528 919 non
541 864 613 918 enim
625 879 723 932 poena,
742 863 791 917 sed
804 861 901 917 faenus
913 863 1024 918 uberius
1036 865 1111 919 iusta
1122 865 1243 920 rationel
1257 863 1338 918 sortis
1355 863 1530 932 promittitur.
1560 862 1584 916 si
1596 865 1691 916 tamen

252 958 448 1023 postmortem
468 954 609 1007 creditoris
631 968 711 1007 nemo
735 951 787 1006 fnit
805 952 848 1005 cui
870 953 987 1020 pecunia
1011 955 1176 1022 solueretur,
1201 953 1259 1008 eius
1283 952 1413 1021 temporis
1436 951 1603 1020 inculpatam
1627 964 1691 1004 esse

252 1057 355 1097 moram
379 1042 513 1097 constitit:
537 1042 598 1096 ideo
622 1042 646 1096 si
671 1041 786 1096 maiores
811 1055 910 1094 usurae
933 1041 1070 1110 prioribus
1092 1046 1235 1113 petantur,
1259 1041 1384 1110 exceptio
1407 1039 1463 1095 doli
1485 1055 1541 1095 non
1558 1039 1692 1094 inutiliter

252 1135 414 1200 opponetur.
1711 1135 1725 1176 ⁹

195 1221 235 1279 10
305 1220 424 1274 Faunus
442 1217 510 1273 libro
529 1218 650 1273 secundo
668 1218 868 1287 quaestionum.
900 1217 1013 1271 Partum
1033 1224 1096 1287 post
1113 1219 1188 1274 litem
1208 1223 1390 1274 contestatam
1408 1217 1512 1272 editum
1531 1210 1692 1299 [Q
1712 1219 1739 1272 P

252 1309 395 1362 restituere
414 1323 556 1376 possessor
574 1307 669 1362 debet:
688 1322 769 1375 quem
782 1321 836 1360 non
850 1305 963 1360 deberet
974 1307 1127 1377 restituere,
1146 1307 1178 1377 si,
1198 1323 1259 1362 cum
1276 1311 1364 1361 mater
1376 1310 1522 1377 peteretur,
1541 1306 1596 1360 iam
1609 1310 1692 1360 uatus

252 1394 358 1465 suisset,
377 1397 428 1450 nisi
447 1396 601 1465 specialiter
619 1401 647 1450 et
664 1412 713 1464 pro
731 1394 784 1450 hoc
802 1396 913 1463 egisset.
1472 1395 1475 1401 '

196 1490 232 1546 11
304 1485 383 1539 Inuu
405 1483 474 1538 libro
498 1485 629 1538 uicesimo
653 1485 749 1552 quinto
772 1484 972 1551 quaestionum.
1013 1482 1098 1539 Gaius
1123 1483 1202 1538 Seius
1227 1485 1273 1554 qui
1296 1483 1514 1554 rempublicam
1533 1477 1693 1566 [εῖιεᾙι
1711 1484 1738 1538 P

251 1573 366 1643 gerebat
384 1571 535 1627 faenerauit
552 1572 695 1642 pecuniam
715 1569 851 1640 publicam
871 1571 922 1625 sub
941 1573 1031 1627 usuds
1049 1572 1150 1627 solitis:
1175 1571 1226 1627 fuit
1249 1577 1341 1628 autem
1365 1571 1546 1640 consuetudo,
1570 1576 1602 1626 ut
1619 1572 1693 1626 iutra

252 1665 328 1716 certa
345 1666 470 1732 tempora
487 1677 542 1716 non
561 1662 651 1715 inlatis
670 1661 760 1714 usuris
784 1661 924 1728 grauiores
942 1659 1143 1728 infligerentur:
1167 1661 1278 1730 quidam
1300 1661 1438 1717 debitores
1462 1665 1642 1714 cessauerant
1663 1660 1693 1714 in
1712 1667 1740 1708 1⁵

251 1749 391 1804 soluendis
409 1750 511 1819 usuris,
535 1750 645 1820 quidam
663 1750 725 1819 plus
744 1749 894 1803 intulerunt
911 1754 940 1802 et
957 1750 996 1803 sic
1015 1749 1142 1804 effectum
1162 1757 1217 1820 est,
1240 1756 1271 1804 ut
1289 1765 1370 1804 omne
1388 1748 1461 1818 qnod
1481 1762 1624 1804 usurarum
1644 1761 1692 1801 no·

252 1839 324 1892 mine
342 1838 517 1907 competebat
535 1839 617 1892 etiam
636 1852 685 1908 pro
704 1837 755 1906 his,
774 1837 819 1906 qui
839 1842 1014 1891 cessauerant
1032 1838 1061 1892 in
1078 1838 1177 1907 usuris,
1196 1839 1363 1908 suppleatur.
1391 1837 1547 1907 quaesitum
1565 1840 1617 1904 est,
1631 1835 1642 1904 l
1656 1851 1693 1890 an
1709 1841 1783 1888 turs

250 1926 330 1995 illud,
354 1926 428 1995 quod
447 1927 564 1995 amplius
583 1942 618 1982 ex
636 1925 834 1980 consuetudine
853 1941 957 1994 poenas
974 1927 1083 1980 nomine
1105 1943 1122 1981 a
1139 1925 1302 1995 quibusdam
1326 1929 1453 1981 exactum
1476 1930 1532 1993 est,
1555 1923 1608 1993 ipsi
1627 1922 1693 1980 Seio

250 2013 383 2084 proficere
406 2014 521 2069 deberet
543 2031 579 2069 au
601 2016 640 2070 rei
663 2013 789 2084 publicae
812 2014 888 2068 lucro
912 2013 1030 2068 cederet.
1058 2015 1201 2084 respondi,
1225 2016 1249 2070 si
1273 2014 1359 2070 Gairrs
1378 2013 1457 2068 Seius
1481 2028 1498 2066 a
1520 2011 1692 2067 debitoribus

251 2119 350 2158 usurus
368 2104 515 2172 stipulatus
534 2110 622 2173 esset,
642 2118 690 2158 eas
709 2102 781 2157 solas
799 2103 839 2156 rei
857 2101 982 2171 publicae
1000 2104 1133 2172 praestari
1151 2107 1291 2173 oportere,
1316 2117 1386 2172 quae
1405 2100 1556 2158 secundum
1574 2099 1691 2156 formam
1710 2110 1740 2150 sn

218 2205 231 2249 1
253 2190 288 2246 ab
307 2192 332 2246 is
350 2192 424 2260 exigi
442 2192 538 2261 solent,
557 2193 733 2248 etiamsinon
751 2191 843 2246 omnia
861 2191 971 2245 uomina
989 2191 1089 2246 idonea
1106 2192 1169 2246 sint.
1196 2191 1267 2257 Quid
1285 2192 1309 2245 si
1327 2180 1430 2246 seruus*
1441 2189 1568 2260 publicus
1586 2189 1693 2258 obliga

252 2280 354 2334 donem
371 2295 517 2334 usuramm
535 2281 574 2334 rei
592 2278 718 2350 publicae
736 2278 887 2349 adquisiit?
914 2293 1032 2347 aequum
1050 2285 1100 2349 est,
1120 2279 1245 2348 quamuis
1257 2281 1319 2349 ipso
1331 2279 1501 2335 iureusurae
1514 2277 1693 2348 reipublicae

253 2368 417 2437 debeantur,
434 2372 527 2422 tamrm
544 2383 595 2437 pro
613 2367 729 2424 deiectis
746 2366 902 2422 nominibus
920 2369 1169 2438 compensationem
1188 2368 1321 2423 maiorum
1340 2383 1484 2424 usurarum
1502 2364 1574 2436 fieri,
1593 2367 1618 2420 si
1636 2381 1693 2422 non

252 2456 289 2511 sit
305 2460 403 2526 parata
421 2471 465 2510 res
482 2455 592 2525 publica
609 2458 799 2512 uniuersorum
816 2455 971 2512 debitorum
989 2455 1126 2512 temanum
1145 2457 1291 2526 suscipere.
1320 2456 1417 2512 eadem
1435 2455 1493 2511 tere
1510 2456 1539 2511 in
1552 2454 1693 2511 tutcrrbus

251 2545 394 2600 Marcellus
411 2543 501 2600 refert.
1711 2553 1740 2595 rs

195 2637 233 2694 12
304 2635 383 2688 Innu
399 2632 469 2688 libro
487 2637 584 2702 quarto
602 2648 805 2704 responsorum.
836 2631 901 2687 Seia
918 2636 1041 2688 mutuam
1059 2633 1205 2704 pecuniam
1224 2633 1331 2702 accepit
1348 2631 1512 2702 aSepticio:
1531 2627 1693 2716 [affl
1710 2635 1739 2691 P

252 2721 287 2777 de
305 2721 396 2776 ιιιιιιίε
414 2722 453 2776 itu
470 2723 610 2777 conuenite
634 2723 687 2776 nisi
709 2738 761 2777 sua
784 2735 892 2791 quaque
916 2721 961 2776 die
983 2737 1083 2777 usurae
1106 2737 1190 2792 supra
1208 2722 1323 2791 scriptae
1340 2709 1694 2791 exsoluerenturffil—pe‘st

251 2811 362 2866 tertium
381 2817 511 2880 mensem,
531 2815 596 2864 tunc
614 2811 642 2865 in
660 2809 778 2865 maiores
797 2825 895 2865 usuras
913 2807 976 2864 Scia
987 2814 1136 2880 moeretur,
1154 2815 1183 2866 et
1197 2810 1327 2879 deinceps
1339 2825 1388 2879 per
1400 2810 1522 2879 siugrrlas
1534 2811 1692 2882 pensiones,

252 2898 276 2954 si
293 2897 454 2953 condicione
472 2898 539 2953 data
555 2914 656 2954 usurae
674 2913 729 2954 non
747 2899 931 2969 soluerentur,
954 2915 989 2956 ea
1006 2899 1129 2956 condicio
1147 2897 1351 2968 obseruaretnr,
1370 2898 1458 2953 donec
1476 2899 1564 2954 omnis
1582 2915 1693 2955 summa

251 2987 347 3043 debita
363 2988 415 3042 hoc
433 2988 543 3042 nomine
561 2988 756 3044 exsolueretnr.
784 3002 895 3058 quaero,
914 3002 950 3042 an
968 2987 1036 3043 haec
1054 2987 1140 3043 uerba
1157 2987 1193 3042 ‘et
1205 2987 1335 3056 deinceps
1346 3001 1396 3057 per
1407 2987 1530 3056 singulas
1541 2989 1692 3058 pensiones
1710 2999 1739 3039 so

252 3076 418 3134 'condicione
436 3077 503 3132 data
520 3091 620 3131 usurae
637 3091 692 3132 non
710 3077 860 3146 soluantnr,
879 3091 913 3131 ea
924 3076 1048 3132 condicio
1060 3076 1260 3133 obseruaretur'
1278 3093 1312 3132 eo
1324 3077 1487 3147 pertineant,
1504 3080 1544 3146 ut,
1562 3078 1693 3146 quamuis

251 3165 399 3220 commissa
416 3165 453 3219 sit
469 3163 540 3220 sorte
557 3164 645 3235 prima
663 3163 811 3235 stipulatio,
830 3170 994 3221 nontamen
1012 3167 1040 3221 in
1059 3165 1217 3236 ampliorem
1236 3167 1416 3236 quantitatem
1428 3181 1572 3236 usurarum
1590 3181 1692 3222 conue-

251 3253 303 3308 niri
320 3253 409 3322 pessit
426 3268 508 3323 quam
527 3253 586 3308 eius
599 3253 737 3323 pensionis
749 3255 867 3323 nomine,
887 3269 958 3324 quae
973 3269 1085 3324 egressa
1097 3259 1141 3310 est
1152 3255 1224 3309 diem
1235 3256 1437 3325 praestitutum.
1463 3254 1566 3309 Paulus
1578 3269 1692 3326 respon·

252 3341 293 3396 dit
310 3342 402 3411 plures
421 3341 595 3397 condiciones
613 3343 753 3398 continere
771 3358 832 3398 eam
851 3343 1063 3412 stipulationem,
1081 3358 1152 3413 quae
1170 3343 1205 3398 de
1223 3341 1396 3412 grauioribus
1411 3343 1501 3398 usuris
1516 3344 1692 3413 praestandis

252 3427 377 3485 subiecta
395 3435 446 3500 est,
464 3430 493 3485 id
511 3434 555 3485 est
571 3434 603 3484 ut
620 3445 669 3500 per
686 3432 809 3500 singulus
826 3432 972 3501 pensiones
991 3433 1115 3488 condicio
1127 3433 1326 3502 inspectaretur
1337 3447 1392 3486 non
1403 3431 1539 3486 illatarum
1552 3433 1611 3487 suis
1623 3437 1692 3488 tem·
1710 3443 1739 3485 as

251 3519 365 3590 poribus
382 3520 515 3574 leuiorum
534 3535 692 3574 usurarum:
711 3524 741 3574 et
757 3519 820 3575 ideo
838 3535 920 3590 posse
939 3521 1037 3577 euitari
1054 3535 1171 3590 poenam
1190 3521 1362 3590 sequentinm
1380 3521 1550 3590 pensionum.

195 3613 234 3673 13
305 3606 464 3663 samsona
482 3605 551 3662 libro
568 3608 657 3677 primo
669 3623 870 3679 responsorum.
900 3609 952 3674 Qui
963 3610 1092 3664 semisses
1104 3625 1202 3664 usuras
1213 3609 1360 3680 promissit,
1378 3625 1428 3679 per
1446 3610 1512 3663 mul-
1544 3603 1692 3678 ᾗῗιῇῖὲ
1709 3615 1736 3670 Ρ

251 3700 295 3751 tos
314 3711 400 3751 annos
418 3697 536 3751 minores
555 3697 705 3766 praestitit:
727 3696 807 3752 heres
830 3697 973 3752 creditoris
994 3698 1122 3753 semisses
1139 3699 1218 3768 petit.
1247 3713 1309 3753 cum
1326 3713 1375 3767 per
1393 3697 1542 3754 debitorem
1562 3715 1619 3754 non
1637 3703 1691 3754 ste

251 3785 323 3855 terit,
343 3800 397 3856 quo
417 3785 506 3841 minus
525 3785 642 3840 minores
660 3787 758 3856 soluat,
777 3799 879 3855 quaero
897 3802 933 3840 an
951 3787 1077 3856 exceptio
1095 3787 1150 3842 doli
1169 3788 1213 3842 uel
1231 3787 1305 3857 pacti
1324 3786 1423 3843 obstet.
1450 3787 1588 3857 respondi,
1608 3789 1691 3842 siex·

251 3874 390 3929 soluendis
408 3889 443 3928 ex
461 3889 537 3929 more
553 3874 645 3929 usuris
662 3889 712 3945 per
729 3879 807 3930 tanta
825 3875 966 3944 tempora¹
978 3890 1055 3930 mora
1072 3891 1121 3946 per
1134 3875 1285 3931 debitorem
1299 3891 1354 3931 non
1365 3873 1425 3946 fuit,
1444 3891 1526 3946 posse
1539 3876 1691 3931 secundnm
1709 3887 1737 3926 ιι

219 3981 232 4028 1
251 3977 293 4033 ea,
312 3977 383 4033 quae
401 3967 619 4034 proponerentur
637 3963 747 4019 obstare
766 3963 964 4033 exceptionem.
1001 3964 1160 4031 Quaesitum
1179 3968 1230 4036 est,
1249 3981 1285 4020 an
1301 3964 1402 4023 iudicio
1415 3965 1587 4036 negotiorum
1599 3969 1692 4036 gesto-

249 4068 414 4140 FlPtVUd

252 4231 260 4264 ¹
279 4226 391 4284 uberius
410 4228 563 4284 tardatione
582 4227 636 4296 (ins
654 4226 832 4301 anteponi?
903 4228 1030 4284 ¹solutis
1048 4235 1095 4284 tas.

251 4386 405 4443 liaenoris
423 4389 462 4442 F·
513 4387 655 4442 Mantum
673 4387 756 4442 ΡΨ·
806 4387 941 4444 400an-
995 4387 1502 4461 ιε’κιιχρὲιῶιιιιεῩιιορεΒ(Αιιοιι.),
1517 4388 1691 4446 κὶιι...τιιι“εο

250 4459 324 4514 nitur
341 4458 382 4512 P*
433 4458 451 4512 5
474 4457 615 4527 stipulatio
638 4458 748 4514 uidetur
771 4457 822 4513 sub
841 4474 874 4514 ca
893 4479 941 4513 om.
995 4461 1051 4514 τῶι
1068 4461 1211 4530 χρεωειῶιι
1230 4458 1355 4514 ἒΛᾸιωειιι
1375 4461 1413 4515 eic
1431 4458 1540 4532 inopias
1556 4461 1604 4515 BS
1616 4461 1692 4588 (nub,

251 4531 323 4585 ΡΨ
373 4529 490 4584 6iuxta
512 4530 616 4584 ratione
638 4530 686 4595 P·‚
709 4531 787 4586 iuxta
809 4531 942 4585 rationem
996 4551 1045 4585 om.
1073 4531 1134 4585 libri·
1159 4539 1241 4585 nosti
1311 4533 1667 4602 recompensatione?

250 4599 348 4656 P‘VU
390 4601 424 4655 10
442 4601 663 4655 contestatemF
706 4603 738 4656 11
757 4601 942 4672 nonom.P·l
996 4603 1030 4657 27
1049 4603 1358 4672 scriptaexsoluerentur
1377 4603 1437 4656 FP·
1484 4605 1519 4658 31
1538 4603 1605 4658 dato
1624 4603 1692 4658 ΡΨ

250 4672 305 4727 iam
323 4671 413 4739 natus]
434 4669 579 4726 damnatus
598 4673 634 4725 F¹
684 4673 718 4728 14
735 4672 897 4728 faenerant
914 4689 941 4742 p.
996 4675 1031 4728 36
1049 4671 1215 4730 l'a'euiorum
1234 4675 1260 4727 F
1298 4675 1333 4729 37
1346 4672 1502 4744 promi's'sit
1513 4675 1552 4728 1²²
1587 4675 1689 4730 38ste-

249 4758 277 4812 p.
290 4759 313 4798 s.
327 4759 354 4798 u.
367 4759 389 4796 s.
405 4741 424 4796 i.
440 4747 539 4796 autem
559 4743 598 4795 F*
652 4743 686 4798 15
704 4759 759 4798 non
776 4745 886 4798 *inlatis
905 4745 943 4797 F³
996 4750 1068 4799 terat
1085 4745 1139 4798 PU
1188 4746 1223 4799 39
1242 4745 1436 4801 minoresoluat
1453 4745 1525 4800 FP·:
1545 4745 1689 4800 siutnrds

251 4815 286 4868 16
308 4820 340 4868 ut
363 4828 444 4869 omne
538 4814 571 4867 17
596 4815 751 4882 quaesitum
775 4819 819 4869 est
841 4816 880 4868 bis
904 4814 942 4868 F¹
997 4816 1094 4870 ιἰττειε
1111 4815 1216 4886 (rosus)
1234 4815 1352 4874 bitures
1370 4816 1520 4871 instrueris
1533 4818 1572 4871 rai
1586 4817 1688 4888 Ῠιιεριι·

251 4885 286 4938 18
293 4885 410 4954 poenae]
418 4899 507 4954 poena
515 4883 576 4938 FP⁰
602 4887 638 4939 20
646 4887 781 4954 praestari
835 4887 870 4940 22
879 4902 943 4940 nsu-
997 4886 1109 4942 etussoc
1120 4887 1188 4958 npbc
1199 4887 1246 4941 rba
1259 4889 1366 4943 aelzoaa
1379 4887 1428 4943 BS
1439 4887 1554 4960 (Stspb.)
1593 4891 1630 4944 40
1641 4902 1690 4958 per

250 4969 298 5008 rae
315 4957 354 5009 rei
373 4956 498 5025 publicae
517 4973 565 5009 om.
579 4955 688 5009 P“V·U
731 4957 764 5011 21
784 4956 819 5010 ab
836 4955 879 5012 his
896 4959 943 5020 ΕΙ
997 4958 1157 5028 debitorem]
1178 4959 1328 5014 debitorem
1347 4961 1388 5014 P⁰

250 5025 314 5092 11011]
338 5031 455 5098 suppleat
476 5027 612 5082 secundum
639 5026 768 5082 Graecos:
793 5026 840 5081 uin
858 5027 893 5081 uir
911 5026 944 5081 ri
