3848 5536
839 214 1003 282 XXXXIII

203 392 270 462 ipsis
288 390 404 462 digestis
422 392 508 448 altero
526 391 587 448 loco
605 392 649 448 uel
667 391 695 448 in
713 389 846 448 similibus
865 391 1111 464 compilationibus,
1130 392 1247 448 maxime
1266 393 1293 448 in
1305 391 1400 448 codice
1412 391 1636 448 constitutionum
1654 367 1708 440 loci
1729 393 1812 466 stulti

201 499 355 556 rmsnsano
373 504 402 554 et
419 499 447 554 n
466 496 625 568 temnentis
642 499 709 554 ium
724 499 841 555 mnan
852 499 993 556 oceane
1011 515 1082 569 quae
1100 501 1273 556 natuturae
1291 499 1319 554 in
1337 499 1397 568 rege
1415 497 1460 554 oa
1478 498 1538 554 arua
1556 497 1637 554 oona
1681 455 1787 566 ”iniiam

202 607 278 662 tione
295 607 389 676 legum
408 605 588 662 ldosaiearum
607 611 635 662 et
652 606 845 676 Romanarum,
864 607 929 662 item
948 605 1118 677 inpartibus
1136 622 1189 662 non
1209 605 1321 662 Gaianis
1339 605 1539 662 institutionum
1557 604 1637 660 lusti·

201 713 292 783 ιιίιιιί,
315 728 386 784 quas
408 713 455 783 qui
478 717 703 784 composuerunt,
727 712 809 769 modo
832 714 959 783 antiquos
982 719 1108 770 auctores
1131 712 1327 784 adhibuerunt,
1351 712 1433 768 modo
1451 713 1512 783 ipsa
1529 711 1638 782 digesta

202 819 249 888 (ci.
263 821 284 892 l,
297 821 360 890 841,
372 820 429 888 43).
457 821 584 890 itaquae
603 819 749 890 dupliciter
764 819 866 876 tradita
884 821 1055 891 accepimus,
1072 837 1127 876 uon
1145 821 1231 876 multa
1249 820 1358 891 quidem
1377 824 1454 888 sunt,
1472 818 1522 876 sed
1540 819 1637 875 eadem

202 927 364 982 utilissima:
392 926 456 982 inde
479 926 551 981 enim
574 927 771 998 intellegimus,
799 926 865 996 quid
888 928 976 983 sconti
999 927 1054 983 sint
1076 927 1244 998 digestorum
1269 927 1423 983 conditores
1450 931 1478 982 ct
1500 926 1638 995 quomodo

201 1033 316 1090 executi
337 1033 393 1089 sint
415 1034 520 1088 iussum
543 1033 716 1104 imperatoris
734 1036 772 1105 (p.
784 1033 889 1104 XXV',
901 1037 928 1102 1)
949 1035 1062 1090 inuenta
1084 1035 1158 1104 apud
1177 1038 1317 1104 auctores,
1340 1033 1389 1090 ubi
1412 1049 1455 1090 res
1478 1035 1637 1104 postularet,

201 1147 251 1198 aut
276 1141 306 1196 in
330 1139 521 1211 eompendium
545 1139 686 1210 redigendi
707 1146 755 1196 aut
772 1155 822 1212 pro
840 1140 926 1197 lubitu
950 1140 1122 1198 immutandi.
1160 1157 1242 1211 quam
1260 1140 1297 1198 ob
1321 1157 1378 1197 rem
1398 1140 1483 1196 uerba
1499 1143 1639 1212 geminata

201 1249 247 1303 nel
265 1246 386 1318 gemella
403 1237 460 1302 suis
477 1261 603 1316 quaeque
620 1247 687 1303 locis
705 1252 734 1302 et
752 1248 787 1304 ad
806 1249 956 1319 marginem
978 1249 1123 1304 citauimus
1147 1253 1175 1303 et
1198 1249 1302 1304 uadum
1327 1249 1470 1305 lectionem
1489 1247 1553 1304 inde
1570 1249 1638 1319 peti-

201 1361 260 1410 tam
278 1370 336 1410 non
354 1354 383 1409 in
401 1359 534 1425 apparatu
553 1352 759 1424 abscondimus,
784 1354 833 1410 sed
851 1370 935 1426 super
952 1371 1015 1411 eum
1038 1355 1179 1426 posuimus
1203 1355 1231 1411 in
1249 1356 1309 1411 loco
1327 1355 1504 1412 euidentiore.
1532 1355 1582 1411 sed
1599 1356 1639 1412 ita

201 1477 259 1518 non
276 1461 459 1518 tractanimus
477 1461 529 1517 nisi
547 1461 622 1517 locos
640 1462 765 1530 geminos
789 1477 849 1532 eos,
873 1462 908 1518 de
931 1477 1045 1532 quornm
1070 1462 1175 1532 origine
1199 1477 1253 1518 non
1275 1467 1382 1518 tantum
1404 1462 1560 1518 coniectura
1577 1478 1638 1533 pro·

202 1568 320 1640 babilis,
344 1568 394 1624 sed
418 1567 550 1624 disertum
574 1569 759 1624 testimonium
783 1567 963 1640 suppetebat:
986 1573 1082 1626 contra
1104 1570 1227 1640 exceptis
1249 1568 1464 1625 institutionibus
1487 1569 1638 1642 lastiniani,

203 1692 277 1747 quae
302 1676 440 1732 diuersam
463 1674 653 1730 emotionem
675 1674 798 1744 flagitare
817 1675 994 1746 uidebantur,
1017 1675 1092 1732 locos
1115 1675 1218 1732 similes
1236 1692 1370 1746 nosquam
1389 1677 1416 1731 in
1435 1676 1557 1746 margine
1575 1675 1638 1732 alle·

202 1784 343 1854 gauimus.
380 1798 444 1837 nam
472 1797 638 1852 quamquam
667 1797 750 1852 saepe
772 1783 878 1854 euenit,
910 1790 942 1838 ut
969 1784 1086 1854 exempli
1110 1798 1195 1840 causa
1219 1783 1360 1854 Papiniani
1382 1797 1543 1853 responsum
1565 1783 1639 1854 quod

204 1895 334 1962 superest
356 1890 398 1946 ita
419 1889 517 1952 redeat
538 1889 565 1944 in
589 1889 649 1945 loco
672 1895 782 1946 semoto
806 1889 882 1946 uerbi
907 1906 992 1946 causa
1013 1906 1047 1946 ex
1068 1891 1144 1947 libris
1163 1889 1271 1962 Ulpiani
1296 1889 1340 1946 uel
1358 1889 1584 1960 hermogeniani,
1607 1895 1639 1946 ut

204 1997 279 2072 huno
303 2012 338 2052 ex
361 1997 407 2052 illo
431 1996 583 2052 demnatum
608 2011 669 2052 esse
692 2002 837 2068 appareat,
861 2002 953 2054 umen
977 1999 1102 2068 quaestio
1125 1997 1194 2054 haec
1215 2001 1328 2068 propter
1348 1997 1415 2052 iuris
1439 1997 1554 2053 Romani
1576 2013 1638 2068 pro·

204 2105 351 2176 prietatem
371 2103 532 2158 trahhoiam
550 2102 710 2174 plerumque
729 2118 830 2175 anceps
848 2109 891 2160 est
908 2110 937 2160 et
954 2121 1037 2177 saepe
1056 2103 1153 2176 fallar,
1174 2109 1206 2162 nt
1227 2105 1255 2160 in
1277 2104 1330 2160 hoc
1346 2118 1443 2176 opere,
1467 2103 1540 2173 quod
1561 2119 1638 2160 euar-
1695 2135 1697 2140 ·

204 2213 340 2268 rationem
359 2225 414 2266 non
432 2209 566 2280 admittit,
585 2210 672 2266 satius
690 2211 779 2266 uisum
798 2211 835 2266 sit
851 2227 886 2268 ea
903 2216 1008 2268 mutum
1030 2213 1126 2268 aliems
1144 2227 1179 2268 ex
1196 2211 1333 2283 gemellis,
1356 2226 1427 2282 quae
1444 2215 1562 2282 utroque
1578 2212 1639 2268 loco

206 2319 399 2374 auctoritatem
423 2323 552 2374 testatam
576 2321 605 2372 et
628 2318 796 2373 enuntiatam
820 2316 960 2374 haherent.
986 2349 1017 2360 —
1039 2319 1165 2376 Ceterum
1189 2319 1217 2374 in
1239 2318 1369 2376 subsidiis
1393 2317 1436 2374 his
1459 2334 1541 2389 quam
1566 2319 1638 2374 uiam

206 2426 392 2494 tenuerimus,
416 2440 471 2481 non
493 2439 563 2496 opus
586 2429 630 2480 est
652 2425 802 2495 explicare:
825 2424 909 2482 libros
931 2427 1004 2483 enim
1028 2428 1144 2498 scriptos
1165 2426 1323 2496 editosque,
1346 2441 1415 2496 quos
1437 2425 1639 2497 usurpauimus,

207 2549 290 2590 nemo
312 2533 430 2602 ignorat.
467 2531 503 2587 ad
528 2532 706 2588 collationem
730 2531 914 2604 adhibuimus,
939 2539 970 2588 ut
992 2551 1043 2606 par
1064 2539 1137 2605 erat,
1164 2534 1253 2604 ipsum
1275 2532 1372 2589 librum
1395 2533 1552 2603 primarium
1575 2532 1638 2589 olim

206 2640 402 2710 Pithoeanum,
425 2639 480 2695 mm
499 2639 716 2695 Bsrolinensem:
735 2639 800 2695 item
819 2641 847 2696 in
865 2641 942 2696 Pauli
960 2641 1103 2698 sententiis
1120 2639 1247 2697 breuiarii
1265 2639 1412 2696 Alariciani
1429 2639 1490 2696 libri
1508 2639 1639 2709 antiquis·

206 2748 279 2818 simi,
297 2761 397 2818 nempe
416 2746 526 2816 septimi
544 2745 655 2816 sacculi,
672 2746 844 2802 Monacensis
862 2747 936 2814 (oliuu
949 2747 1130 2818 wirceburg,
1147 2747 1378 2816 nunceimel.12)
1396 2747 1566 2804 collationem
1585 2764 1639 2804 non

208 2869 283 2926 mm,
311 2868 383 2925 quae
406 2851 515 2924 pnblioe
538 2859 657 2924 prostat,
684 2853 734 2909 sed
758 2854 953 2910 accuratiorem
981 2853 1082 2912 iactam
1109 2854 1144 2910 ab
1171 2855 1259 2912 amico
1284 2855 1518 2926 praestantissimo
1542 2853 1640 2912 Carolo

206 2963 325 3018 Halmio.
353 2959 489 3030 quaedam
507 2966 649 3030 praeterea
671 2961 748 3016 utilia
765 2960 952 3032 suppeditauit
969 2963 1128 3033 Kruegerus
1146 2977 1181 3018 cx
1198 2961 1326 3018 breuiarii
1343 2961 1411 3018 libro
1428 2962 1552 3018 Parisino
1569 2961 1640 3018 4403

207 3069 275 3124 item
293 3069 398 3138 optimo
416 3067 481 3134 (nol.
495 3067 515 3138 l,
534 3069 595 3136 813,
608 3067 651 3122 39.
661 3067 705 3123 40.
729 3068 894 3138 11,817‚23.
913 3069 973 3139 883,
987 3070 1024 3136 9).
1050 3070 1175 3140 quaestio
1193 3073 1285 3124 autem
1309 3083 1474 3140 magnopere
1493 3068 1640 3138 inplicata,

207 3192 274 3232 nom
299 3174 414 3231 candem
439 3174 517 3230 Pauli
539 3174 725 3230 recensionem
749 3173 922 3230 adhibuerint
945 3175 1113 3246 digestorum
1135 3176 1326 3246 compilatores
1354 3182 1383 3230 et
1405 3174 1532 3231 breuiarii
1551 3175 1639 3230 Alari-

209 3282 294 3352 ciani,
319 3297 381 3337 curn
399 3280 568 3352 digestorum
586 3281 774 3352 recognitione
791 3297 846 3338 non
865 3281 903 3337 ita
920 3282 1067 3339 coniuncta
1083 3287 1134 3352 est,
1153 3285 1184 3338 ut
1201 3283 1229 3337 in
1247 3281 1298 3338 hac
1315 3280 1484 3354 praelatione
1501 3297 1562 3338 eam
1580 3295 1640 3352 per·

208 3393 327 3446 tractare
343 3403 414 3460 opus
432 3389 477 3444 sit.

264 3602 318 3659 Sed
337 3600 461 3658 subsidia
477 3616 548 3672 qnae
566 3602 786 3658 enumeranimus
805 3607 883 3658 extra
900 3602 1021 3658 codicem
1041 3601 1209 3673 digestorum
1221 3602 1405 3659 Florentinum
1418 3602 1640 3658 constitutacom
1659 3604 1756 3651 enahim

210 3725 307 3781 sparsa
324 3715 352 3766 et
369 3725 432 3764 rara
449 3709 517 3778 sint,
538 3709 619 3778 louge
638 3709 784 3764 uincuntur
801 3709 922 3779 reliquiis
940 3710 1171 3782 interpretationis
1188 3710 1358 3781 digestorum
1376 3708 1507 3780 Graecae,
1525 3725 1595 3780 quae
1613 3709 1641 3764 in

209 3816 388 3872 Basilicarum
407 3814 482 3871 libris
500 3815 665 3886 scholiisque
684 3829 777 3871 corum
796 3815 914 3885 antiquis
932 3817 1114 3872 continentur.
1147 3834 1210 3874 narn
1228 3822 1374 3888 postquam
1392 3816 1510 3872 Basilius
1527 3815 1641 3872 llacedo

210 3924 281 3980 inter
299 3939 323 3979 a.
335 3923 402 3992 883,
425 3927 457 3978 ut
474 3922 602 3992 credunt,
624 3928 653 3978 et
670 3923 724 3978 886
741 3923 857 3993 primum
877 3922 982 3979 Graece
1000 3925 1155 3994 proposuit,
1174 3931 1206 3980 ut
1223 3925 1262 3980 ait
1279 3925 1307 3980 in
1325 3921 1493 3995 praefatione
1512 3922 1641 3992 Prochiri,

211 4029 454 4102 isueaaeapaeaos
474 4030 522 4092 τοῨ
540 4029 625 4094 absos
643 4029 752 4094 sidroc,
777 4027 867 4085 afilio
884 4030 944 4086 eius
962 4031 1054 4086 Leone
1072 4031 1126 4100 Vl,
1150 4031 1196 4101 qui
1215 4032 1325 4102 sapiens
1343 4031 1442 4087 dieitur
1458 4029 1641 4099 (886-912),

211 4137 300 4194 denuo
324 4137 400 4193 edita
422 4142 465 4194 eat
486 4136 658 4208 iassiespcrc
682 4139 737 4190 aba
758 4138 873 4191 ηιιιιῶκ
893 4136 984 4192 abaco
1003 4139 1062 4194 siue
1080 4138 1198 4194 Basilica
1219 4153 1291 4209 qnae
1308 4137 1389 4193 hodie
1407 4136 1547 4206 dicuntur,
1571 4151 1641 4206 quae

212 4249 346 4314 quatenus
364 4243 400 4298 ad
417 4243 526 4314 digesta
542 4243 669 4313 pertinet,
688 4259 742 4299 non
760 4248 803 4299 est
821 4243 877 4299 iere
895 4244 947 4298 nisi
965 4244 1056 4300 uersio
1075 4258 1168 4299 eornm
1184 4243 1290 4300 Graeca
1307 4242 1382 4301 iacta
1399 4243 1434 4300 ab
1451 4243 1523 4298 sexti
1539 4243 1642 4298 saeculi

213 4355 323 4407 auctore
345 4350 493 4422 Anonymo
520 4353 590 4419 (quo
612 4349 747 4406 uocabulo
770 4351 849 4419 qnasi
871 4365 921 4421 pro
945 4351 1053 4406 nomina
1076 4352 1205 4418 utuntur)
1223 4349 1317 4407 ordine
1340 4356 1446 4406 tentum
1469 4353 1583 4406 mutato.
1616 4350 1642 4404 ei

212 4460 302 4528 legum
321 4456 502 4514 Anacatharsi
526 4471 590 4514 mox
614 4457 724 4512 uidetur
746 4455 870 4512 adiectus
892 4472 953 4514 esse
976 4456 1138 4514 scholiorum
1162 4463 1310 4529 apparatus
1334 4457 1518 4529 amplissimus
1536 4461 1563 4511 et
1581 4472 1641 4528 per·

212 4569 311 4636 petuas
329 4581 363 4620 ex
381 4562 553 4620 mersionibus
565 4565 624 4620 aliis
636 4565 738 4620 saeculi
751 4565 823 4620 sexti
835 4568 863 4619 et
875 4563 1095 4620 adnotationibus
1108 4564 1280 4635 prudentium
1294 4565 1440 4621 eorundem
1454 4565 1641 4620 concinnatus.

213 4670 260 4726 sed
283 4671 431 4742 hocloco,
455 4670 503 4726 ubi
527 4671 654 4726 editionis
678 4675 839 4741 apparatum
859 4669 1023 4741 indicamus,
1048 4669 1149 4727 sufficit
1166 4671 1285 4726 Basilica
1308 4672 1501 4728 nominauisse.
1532 4687 1595 4726 nam
1614 4672 1641 4726 in

214 4777 324 4836 Graecis
341 4777 384 4834 his
402 4777 559 4848 digerendis
577 4783 606 4833 et
623 4777 820 4833 constituendis
837 4777 897 4848 ipse
915 4777 1054 4834 elaborare
1073 4794 1128 4834 non
1144 4778 1230 4850 potui,
1249 4778 1341 4850 immo,
1359 4783 1549 4850 praeterquam
1568 4777 1642 4849 quod

215 4901 284 4956 qnae
296 4901 330 4942 cx
342 4885 522 4940 Basilioorum
541 4886 558 4940 l.
571 4885 620 4940 LX
638 4884 775 4955 pertinent
793 4885 829 4940 ad
847 4884 937 4941 hiatus
955 4884 1024 4942 dnos
1042 4885 1159 4942 maiores
1171 4886 1330 4958 explendos,
1348 4901 1411 4942 mea
1422 4902 1507 4942 cansa
1520 4885 1555 4941 ad
1568 4884 1641 4941 codi-

216 5007 273 5048 cem
292 4993 402 5048 unicum
421 4993 571 5048 Parisinum
590 4992 687 5062 relegit
703 4992 871 5064 Kruegarus,
891 4993 1019 5050 amodum
1038 4992 1089 5050 luit
1106 4994 1192 5065 copiis
1209 4995 1329 5065 priorum
1348 4993 1482 5050 editorum
1501 4992 1643 5064 diligentia
