3738 5550
302 257 361 324 XV
382 259 403 322 4
425 264 503 318 1-5
972 249 1059 329 458
1519 273 1614 330 onon
1637 274 1736 321 russo

270 422 284 467 8
303 415 384 485 pilius
402 413 529 468 dominus
548 414 671 482 iusserit,
690 415 785 484 utique
803 429 858 469 non
875 418 997 480 tenetur,
1022 413 1073 466 nisi
1092 416 1182 466 tutore
1201 417 1312 466 auctore
1330 413 1417 468 iussit.
1454 409 1484 467 Si
1501 412 1578 467 iussu
1595 410 1738 468 fructuarii

304 504 355 558 erit
373 519 434 556 cum
455 517 535 556 seruo
554 508 731 572 contractum,
751 504 816 557 item
835 505 893 556 eine
912 502 955 556 cui
973 500 1046 555 bona
1063 498 1116 554 fide
1134 501 1226 569 seruit,
1245 501 1388 555 Marcellus
1404 505 1485 570 putat
1497 501 1570 569 quod
1582 501 1660 556 iussu
1671 501 1738 558 dan·

271 599 285 644 9
304 591 368 645 dam
386 591 414 645 in
433 605 481 645 eos
499 591 647 645 actionem:
667 606 749 658 quam
768 592 931 645 sententiam
950 595 978 644 ct
997 604 1048 658 ego
1066 589 1160 658 probo.
1189 588 1218 643 Si
1237 595 1361 644 curatore
1379 589 1562 645 adulescentis
1579 590 1626 644 uel
1643 588 1739 644 furiosi

303 680 347 733 uel
365 679 474 748 prodigi
493 678 603 733 iubente
621 694 683 732 cum
703 695 783 733 seruo
802 685 972 734 contractum
991 680 1040 747 sit,
1063 683 1143 746 putat
1160 677 1253 732 Labeo
1278 677 1396 732 dandam
1414 678 1488 746 quod
1506 678 1583 732 iussu
1600 678 1737 733 actionem

302 769 331 822 in
349 783 397 821 eos
415 783 529 836 quorum
549 782 646 821 seruus
664 765 760 821 fuerit:
784 768 856 822 idem
881 772 909 821 et
932 768 959 822 in
984 782 1048 821 uero
1072 773 1256 835 procuratore.
1285 766 1334 821 sed
1358 766 1381 820 si
1403 772 1563 835 procurator
1579 781 1664 821 uerus
1683 779 1769 821 none

303 857 347 924 sit,
366 857 394 910 in
412 856 500 924 ipsum
519 857 610 924 potius
629 855 747 909 dandam
766 857 901 911 actionem
919 855 992 910 idem
1011 855 1104 909 Labeo
1122 854 1168 908 ait

266 943 284 999 2
357 945 476 998 Paunus
493 943 562 998 libro
580 944 738 1011 trigeneimo
757 944 792 998 ad
811 945 939 1000 edictum.
977 943 1007 998 Si
1024 944 1122 999 tutoris
1141 943 1217 997 iussa
1237 957 1318 997 seruo
1335 943 1429 1013 pupilli
1448 941 1580 997 creditum
1600 938 1740 1025 ΠΜ
1760 950 1779 1001 S

303 1034 353 1100 sit,
378 1038 458 1101 puto,
478 1032 500 1086 si
520 1047 554 1086 ex
572 1033 689 1087 utilitate
707 1034 802 1102 pupilli
819 1032 902 1088 luerit
919 1033 1065 1100 creditum,
1088 1033 1116 1086 in
1133 1031 1266 1100 pupillum
1284 1045 1346 1086 esse
1364 1031 1483 1086 dandam
1503 1031 1638 1086 actionem
1657 1031 1740 1101 'quod

272 1131 283 1175 1
303 1118 497 1174 insultator.
526 1119 554 1173 Si
566 1121 643 1175 iussu
661 1121 763 1175 domini
782 1122 895 1175 ancillae
913 1121 958 1175 ael
977 1121 1053 1175 iussu
1071 1121 1157 1190 patris
1174 1118 1246 1174 filiae
1265 1120 1398 1175 creditum
1417 1121 1460 1188 sit,
1479 1119 1572 1174 danda
1589 1120 1674 1174 estin
1692 1135 1741 1174 eos

270 1220 284 1262 2
303 1209 376 1279 quod
394 1209 471 1262 iussu
490 1209 569 1262 aetio.
608 1207 637 1264 Si
654 1210 730 1263 iussn
749 1225 810 1264 meo
829 1225 891 1264 curn
911 1210 999 1264 alieno
1017 1224 1097 1263 semo
1122 1213 1292 1264 contractum
1312 1208 1394 1264 inerit
1411 1224 1528 1278 eumque
1546 1213 1645 1278 postea
1663 1208 1740 1262 rede-
1761 1223 1787 1260 ro

303 1311 386 1365 mero,
404 1297 478 1364 quod
496 1297 573 1351 iussu
591 1312 645 1352 non
664 1298 790 1367 tenebor,
811 1313 844 1352 ne
863 1299 948 1366 actio,
967 1313 1038 1366 quae
1057 1297 1091 1352 ab
1110 1297 1187 1352 initio
1206 1298 1307 1352 inutilis
1325 1295 1415 1367 fuerit,
1434 1302 1536 1352 euentu
1554 1296 1740 1352 confirmetur.

266 1385 284 1442 3
357 1385 507 1440 Uarianos
525 1384 593 1438 libro
612 1385 733 1440 secundo
752 1402 951 1456 responsorum.
983 1387 1138 1455 Dominum,
1158 1386 1204 1456 qui
1222 1385 1303 1440 iussit
1315 1386 1474 1441 semissibus
1493 1386 1582 1440 usuris
1601 1382 1741 1467 ffiffl}
1761 1393 1798 1466 Β]

303 1489 383 1528 seruo
401 1489 451 1528 sno
469 1474 614 1540 pecuniam
633 1480 756 1528 mutuam
774 1476 860 1544 credi,
883 1474 1015 1529 hactenus
1033 1476 1120 1530 teneri
1143 1481 1280 1544 quatenus
1303 1475 1396 1530 iussit:
1419 1489 1470 1529 nec
1494 1475 1618 1544 pignoris
1637 1474 1741 1542 obliga·

302 1562 403 1616 tionem
421 1562 510 1615 locum
530 1561 630 1616 babere
649 1563 677 1616 in
695 1562 737 1617 his
756 1564 882 1633 praediis,
902 1578 972 1632 quae
992 1578 1087 1617 seruus
1106 1579 1161 1618 non
1179 1579 1214 1618 ex
1233 1564 1374 1619 uoluntate
1393 1562 1495 1617 domini
1513 1562 1656 1630 obligauit
1761 1579 1790 1616 rs

265 1653 284 1708 4
355 1651 433 1703 luunt
455 1649 524 1704 libro
547 1651 653 1705 decimo
677 1652 713 1705 ad
737 1652 866 1705 edictum.
909 1650 939 1705 Si
962 1651 1038 1705 iussu
1063 1652 1135 1720 eius,
1162 1653 1208 1721 qui
1233 1651 1462 1706 administrationi
1486 1666 1576 1706 rerum
1602 1647 1742 1733 &ej—s
1762 1659 1787 1711 E

302 1737 422 1792 ciuitatis
439 1741 612 1807 praepositus
631 1744 687 1808 est,
712 1756 774 1794 cum
795 1755 875 1794 seruo
893 1740 1013 1794 ciuitatis
1031 1742 1170 1808 negotium
1194 1745 1365 1795 contractum
1388 1740 1437 1809 sit,
1459 1739 1628 1809 Pomponius
1646 1727 1743 1795 scribit

301 1826 376 1896 quod
393 1828 469 1881 iussn
488 1843 549 1881 cum
568 1843 602 1882 eo
621 1828 667 1895 agi
684 1843 775 1897 posse.

267 1919 285 1975 5
355 1915 475 1970 rannus
493 1915 560 1970 libro
579 1919 677 1984 quarto
695 1915 731 1970 ad
749 1916 894 1970 Plautium.
932 1915 961 1970 Si
979 1915 1106 1971 dominus
1127 1917 1172 1970 nel
1193 1920 1274 1986 pater
1295 1916 1438 1986 pecuniam
1457 1919 1582 1972 mutuam
1601 1912 1742 1998 [ETW
1760 1927 1789 1980 Ε

303 2009 466 2072 accepturus
491 2004 601 2058 iusserit
623 2020 704 2059 seruo
726 2002 817 2058 filicae
841 2005 991 2074 numerari,
1015 2005 1089 2058 nulla
1112 2005 1236 2074 quaestio
1260 2010 1317 2075 est,
1340 2005 1407 2074 quin
1429 2005 1484 2074 ipsi
1507 2005 1615 2060 condici
1639 2008 1742 2075 possit:

271 2101 283 2145 1
303 2092 385 2145 immo
409 2090 461 2145 hoc
484 2107 550 2145 casu
573 2092 608 2146 de
630 2093 707 2147 iussu
730 2094 802 2147 actio
826 2108 880 2146 non
904 2093 1043 2162 competit.
1081 2091 1110 2146 Si
1133 2107 1203 2146 unns
1227 2107 1262 2146 ex
1286 2093 1359 2147 serni
1381 2093 1499 2149 dominis
1517 2094 1600 2158 iussit
1617 2094 1742 2148 conuehi
1760 2112 1792 2149 aa

302 2195 366 2234 cum
384 2195 425 2250 eo,
445 2180 468 2234 is
486 2181 560 2234 solus
578 2181 729 2235 tenebitur:
753 2181 804 2235 sed
823 2181 846 2234 ei
865 2180 920 2235 duo
937 2182 1087 2250 iusserunt,
1107 2196 1168 2235 cum
1189 2181 1287 2248 quouis
1305 2181 1333 2235 in
1352 2182 1469 2236 solidum
1487 2183 1534 2250 agi
1551 2187 1659 2252 potest,
1677 2183 1743 2252 quia

302 2268 404 2323 similes
423 2272 488 2323 aunt
505 2268 612 2324 duobus
631 2269 833 2324 mandantibus.

228 2457 231 2464 ,
302 2382 466 2454 FlP(VU)]

304 2561 466 2615 lteneatur
483 2559 510 2612 P
560 2557 659 2614 afidei
676 2561 861 2636 F(em.s)Pl
882 2561 993 2615 marcei-
1047 2565 1124 2616 tuam
1141 2560 1285 2630 pecuniam
1298 2557 1409 2614 P‘V‘U
1420 2561 1425 2628 Ι
1441 2559 1612 2617 credi'di'F2
1649 2563 1684 2617 14
1696 2561 1743 2616 ba-

302 2631 354 2698 lus]
379 2637 411 2686 ut
434 2631 578 2684 marcellus
601 2631 641 2684 Ρ·
699 2631 932 2686 3adalescenti's'
957 2633 995 2685 F’
1046 2631 1112 2686 bere
1130 2633 1219 2686 locum
1240 2631 1287 2698 ΡΙ
1307 2631 1441 2701 obligabit
1458 2634 1486 2686 F
1534 2634 1567 2687 17
1591 2633 1678 2703 quod]
1696 2635 1744 2702 qui

303 2700 543 2771 bprocnratore's'
562 2703 601 2755 Ρ
661 2703 828 2758 'lcreditum
910 2704 928 2757 8
945 2719 994 2772 pu·
1047 2704 1095 2767 P·,
1114 2717 1168 2773 quo
1186 2701 1226 2756 P‘
1275 2704 1309 2757 19
1327 2705 1481 2774 accepturis
1499 2705 1539 2758 Ρ·
1555 2706 1560 2768 Ι
1575 2704 1669 2774 seruo]
1688 2720 1743 2760 ser-

303 2773 360 2843 pilli
373 2774 472 2827 om.P⁰
507 2773 644 2828 8actione
656 2773 698 2827 P·
735 2776 769 2829 10
780 2774 864 2843 quod]
878 2774 924 2843 qui
934 2774 991 2842 ΡἸ
1047 2790 1099 2829 uus
1118 2775 1159 2828 P·
1208 2774 1244 2828 20
1261 2774 1349 2829 seruis
1367 2774 1470 2830 domini
1488 2775 1636 2844 FP·V·?,
1655 2777 1744 2831 sernia

303 2845 327 2899 si
344 2845 406 2898 iusu
425 2844 452 2896 F
506 2846 538 2898 11
557 2844 662 2899 iussum
681 2845 720 2898 P·
779 2847 812 2902 12
830 2847 939 2900 usuris*
957 2846 995 2897 Ρ
1047 2845 1174 2900 dominus
1195 2843 1229 2898 U·
1282 2847 1316 2899 21
1340 2845 1373 2914 is]
1392 2845 1436 2902 ius
1454 2847 1490 2900 F¹
1512 2847 1517 2914 Ι
1536 2847 1670 2902 iusserint
1694 2847 1747 2902 PV

304 2915 338 2970 13
356 2915 499 2984 pecuniam
521 2915 653 2984 mutuam]
680 2921 802 2971 mutuam
826 2916 913 2982 ΡΨ,
936 2933 993 2972 mu·
1047 2918 1082 2971 22
1101 2914 1311 2971 mandantibus
1329 2917 1368 2968 F’
