3648 5564
287 287 344 354 ΙΠΙ
368 291 483 355 fl—tl
968 284 1054 362 114
1361 306 1457 362 onon
1479 302 1594 351 nurus
1616 301 1711 350 causa

288 443 394 498 feudst:
413 443 463 498 sed
481 447 630 513 potuerunt
647 445 693 498 uel
711 459 765 498 non
783 443 842 498 iure
860 443 961 510 occidi,
981 447 1009 496 οι
1026 442 1090 497 ideo
1108 444 1197 498 iustus
1214 440 1298 497 fuerit
1315 447 1413 496 metus.
1444 441 1493 496 sed
1512 445 1540 494 et
1558 441 1593 508 si,
1612 453 1644 493 ne
1660 454 1711 508 pro-

287 531 369 586 datur
385 531 421 586 eb
440 532 538 601 ecqui
556 532 778 602 deprehenderit,
804 531 977 600 alienauerit,
997 532 1117 586 succurri
1136 541 1162 586 er·
1180 545 1230 600 por
1248 529 1299 586 boc
1317 530 1436 585 edictum
1454 529 1578 597 uidetur,
1596 528 1711 597 quonism

287 621 310 674 si
328 621 452 690 proditus
471 625 553 688 esset,
571 620 692 689 potuerit
710 635 743 674 ee
761 620 818 689 pati
837 636 907 688 quse
926 620 1053 675 diximus.

248 708 267 767 8
341 710 458 764 Panum
475 707 544 764 libro
562 708 707 764 undecimo
725 709 761 762 ad
780 708 908 762 edictum.
936 710 985 763 Isti
1004 709 1114 778 quidem
1133 713 1161 763 et
1178 708 1206 762 iu
1224 708 1313 776 legem
1325 707 1422 761 lulism
1434 703 1565 774 incidunt,
1586 700 1754 787 [ξολ-ΒΕ

286 797 360 866 quod
377 813 426 866 pro
445 801 576 866 conperto
594 802 689 866 stupro
708 803 881 866 aeceperunt.
908 803 1018 866 praetor
1034 803 1126 852 temen
1145 797 1226 851 etiam
1241 801 1272 850 ut
1290 796 1436 850 restituant
1452 793 1616 848 interuenire
1629 793 1712 848 debet:
1729 806 1742 844 s

286 901 349 940 nem
368 890 396 940 et
413 891 522 954 gestum
541 890 585 940 est
602 886 673 941 mulo
692 901 781 954 more,
805 890 834 939 et
851 891 961 954 praetor
978 901 1034 940 non
1051 885 1176 955 respicit,
1199 901 1234 939 an
1253 884 1360 939 adulter
1377 884 1413 938 sit
1431 883 1477 952 qui
1496 882 1585 951 dedit,
1607 882 1654 936 sed
1670 882 1714 936 hoc

253 978 266 1022 1
286 974 382 1044 solum,
401 973 475 1042 quod
493 973 536 1028 bio
554 974 662 1042 occepit
680 980 754 1028 metu
774 974 868 1028 mortis
887 973 969 1028 illato.
998 974 1026 1029 Si
1045 974 1069 1028 is
1085 974 1203 1043 acoipist
1213 974 1366 1043 pecuniam,
1385 971 1432 1041 qui
1443 972 1624 1026 iustrumenta
1635 975 1714 1024 status

286 1063 340 1117 mei
358 1063 558 1116 interuersurus
577 1067 620 1116 est
638 1062 690 1115 uisi
709 1062 780 1130 dem,
800 1078 854 1116 nou
872 1060 1013 1117 dubitatur
1030 1063 1096 1132 quin
1114 1063 1232 1118 maximo
1252 1068 1326 1116 metu
1345 1061 1498 1130 compellat,
1517 1060 1612 1128 ntique
1629 1060 1651 1113 si
1667 1060 1714 1112 ism

145 1205 147 1212 ,
252 1151 314 1205 tin
338 1151 497 1206 seruitutem
521 1156 600 1221 petor
624 1155 652 1204 et
676 1151 729 1205 illis
753 1152 940 1206 instrumentis
965 1151 1080 1221 perditis
1103 1150 1170 1206 liber
1187 1151 1356 1220 pronuntiari
1376 1164 1430 1204 nou
1447 1163 1568 1218 possum.
1606 1147 1715 1212 Quodsi

285 1238 393 1294 dederit
411 1254 445 1294 ue
463 1243 587 1308 stuprum
605 1239 725 1308 potiatur
743 1241 785 1295 uir
803 1256 852 1296 seu
872 1241 976 1309 mulier,
996 1240 1048 1294 hoe
1066 1240 1185 1295 edietum
1204 1239 1293 1294 locum
1312 1237 1403 1308 hebet,
1423 1252 1486 1291 cum
1502 1237 1569 1290 uiris
1581 1235 1659 1290 bonis
1670 1236 1716 1289 iste
1733 1247 1761 1286 ιο

252 1330 267 1374 ³
287 1334 376 1382 motus
390 1328 476 1383 msior
488 1342 569 1396 quem
583 1329 677 1381 mortis
690 1343 751 1382 esse
764 1328 854 1383 debet.
882 1330 968 1397 Haec,
981 1344 1052 1398 quae
1065 1327 1184 1383 diximus
1197 1328 1233 1382 ad
1246 1327 1365 1384 edicturm
1378 1327 1521 1396 pertinere,
1534 1323 1600 1378 uibil
1612 1324 1718 1378 interest

285 1418 314 1470 iu
333 1431 363 1470 se
381 1417 442 1485 quis
460 1417 564 1470 ueritus
583 1416 619 1470 sit
637 1431 672 1470 au
690 1416 718 1470 iu
737 1415 828 1471 liberis
842 1418 907 1486 suis,
926 1433 987 1472 cunr
1000 1433 1051 1487 pro
1063 1417 1164 1471 effectu
1176 1423 1304 1486 parentes
1318 1415 1406 1482 magis
1419 1415 1446 1468 in
1459 1413 1552 1468 liberis
1564 1417 1716 1466 terreantur.

248 1496 266 1554 9
339 1504 490 1559 Unrranns
509 1502 576 1558 libro
594 1503 739 1559 undecimo
758 1504 794 1559 ad
812 1505 941 1560 edictum.
971 1506 1073 1560 lictum
1094 1511 1184 1560 autem
1200 1509 1370 1574 praesentem
1385 1503 1509 1570 accipere
1521 1502 1567 1556 de·
1587 1497 1717 1584 [sidat
1735 1506 1763 1560 E

285 1591 396 1662 bemus,
421 1608 476 1647 non
499 1592 682 1661 suspicionem
705 1591 839 1648 inferendi
864 1594 937 1648 eius:
961 1599 989 1652 et
1009 1593 1048 1649 ite
1065 1593 1231 1663 Pomponius
1250 1591 1318 1648 libro
1337 1591 1486 1646 uicensimo
1505 1595 1604 1645 octauo
1623 1589 1717 1644 scribit

285 1683 324 1736 ait
342 1681 414 1736 enim
432 1685 535 1734 metum
553 1681 657 1735 illatum
676 1681 874 1751 accipiendum,
893 1682 922 1736 id
940 1688 983 1736 est
1001 1683 1024 1736 si
1041 1682 1133 1736 illatus
1152 1686 1195 1736 est
1212 1681 1292 1735 timor
1310 1678 1457 1749 abaliquo.
1487 1678 1604 1748 deniqne
1617 1683 1718 1746 tractm,
1738 1690 1768 1730 rs

285 1771 309 1826 si
327 1768 440 1824 fundum
459 1783 550 1824 meum
568 1769 736 1838 dereliquero
756 1770 858 1839 audito,
878 1771 952 1839 quod
970 1771 1031 1840 quis
1050 1786 1111 1824 oum
1125 1769 1207 1824 armis
1220 1769 1334 1837 ueniret,
1355 1783 1390 1822 an
1404 1767 1467 1822 huic
1479 1767 1570 1822 edicto
1582 1767 1657 1821 locus
1669 1767 1720 1821 sit?

285 1865 314 1914 et
325 1856 410 1913 refert
420 1856 579 1912 Labeonem
592 1858 748 1914 existimare
761 1859 851 1914 edicto
863 1860 952 1914 lotum
966 1875 1020 1914 nou
1032 1873 1094 1914 esse
1107 1864 1135 1913 ot
1147 1857 1219 1912 undo
1232 1857 1261 1912 ui
1272 1857 1447 1911 interdictum
1461 1871 1578 1924 cessare,
1596 1855 1719 1924 quoniam

285 1962 340 2002 nou
358 1946 454 2001 uideor
471 1945 499 2000 ui
517 1944 652 2016 deiectus,
676 1947 723 2017 qui
741 1947 812 2002 deici
830 1963 885 2002 uon
903 1949 1048 2017 expectaui
1067 1947 1116 2003 sed
1134 1944 1251 2016 profugi.
1286 1945 1364 2000 alitor
1383 1950 1465 2014 atque
1484 1945 1521 2013 si,
1545 1948 1721 2014 posteaquam

286 2035 384 2090 mmsti
402 2034 520 2103 ingressi
538 2039 614 2103 sunt,
638 2039 704 2090 bruc
721 2035 850 2091 discemi:
874 2035 938 2090 buie
955 2037 1027 2092 enim
1045 2036 1136 2091 edicto
1154 2035 1243 2090 locum
1263 2032 1362 2089 facere.
1400 2033 1472 2089 idem
1491 2033 1543 2104 alt,
1568 2039 1597 2088 et
1614 2033 1637 2086 si
1655 2031 1722 2087 forte

286 2123 409 2178 adhibite
431 2137 514 2177 mauu
537 2122 565 2176 in
588 2137 650 2178 meo
673 2123 731 2179 solo
755 2139 806 2193 per
828 2125 884 2178 nim
907 2122 1050 2193 aedifices,
1074 2129 1103 2178 et
1124 2123 1299 2180 interdictum
1322 2121 1397 2191 quod
1420 2122 1449 2177 ui
1473 2126 1522 2176 aut
1540 2121 1610 2176 clam
1628 2125 1657 2176 et
1672 2119 1723 2176 hoo
1742 2133 1774 2172 ao

286 2212 406 2267 edietum
428 2210 519 2266 locum
542 2209 657 2280 habere,
681 2213 785 2267 scilieet
805 2212 934 2282 quoniam
953 2216 1028 2267 metu
1046 2212 1136 2281 patior
1152 2212 1180 2266 id
1198 2216 1226 2267 te
1246 2210 1345 2266 facere.
1377 2209 1426 2265 sed
1445 2215 1475 2264 et
1493 2211 1517 2265 si
1534 2211 1656 2280 peruius
1673 2209 1722 2264 tibi

252 2312 266 2358 1
286 2299 487 2371 possessionem
506 2297 652 2369 tradidero,
671 2299 737 2354 dicit
748 2301 915 2370 Pomponius
934 2299 999 2356 hoc¹
1019 2300 1109 2355 edicto
1127 2300 1216 2355 locum
1230 2315 1299 2354 esse.
1327 2298 1610 2354 Animaduertendum
1623 2305 1723 2376 autern,

286 2387 361 2459 quod
378 2393 488 2458 praetor
504 2387 557 2444 hoc
574 2387 665 2462 edipto
682 2389 846 2458 generaliter
864 2392 892 2444 et
909 2389 937 2444 iu
954 2403 1012 2444 rem
1031 2388 1150 2458 loquitur
1172 2403 1224 2443 nec
1248 2388 1332 2444 edicit
1354 2402 1372 2443 s
1396 2402 1450 2456 quo
1469 2393 1592 2456 gestum:
1616 2392 1646 2443 et
1662 2388 1724 2442 ideo

287 2477 346 2532 siue
371 2475 516 2546 singularis
540 2477 576 2532 sit
599 2491 729 2547 persona,
752 2493 824 2546 quae
847 2483 949 2532 metum
971 2478 1076 2546 intulit,
1100 2477 1145 2532 uel
1163 2477 1280 2547 populus
1298 2477 1342 2532 uel
1362 2476 1438 2531 curis
1454 2476 1500 2530 uel
1518 2475 1662 2550 collegium
1680 2476 1724 2530 uel

288 2577 400 2636 corpus,
425 2563 488 2620 bulo
511 2563 602 2622 edicto
623 2565 700 2621 locus
723 2566 782 2620 erit
818 2565 867 2622 sed
891 2566 956 2621 boet
977 2567 1034 2621 uim
1057 2563 1158 2621 factem
1177 2582 1195 2620 a
1211 2580 1385 2636 quocumque
1402 2569 1512 2634 praetor
1529 2564 1725 2634 conplectatur,
1747 2575 1782 2616 ss

288 2655 427 2726 eleganter
446 2657 539 2708 ιιιοοιι
556 2653 723 2726 Pomponius
746 2655 799 2725 ait,
823 2655 847 2710 si
869 2669 925 2724 quo
947 2654 1036 2724 magis
1059 2658 1087 2708 te
1110 2654 1145 2710 de
1168 2655 1197 2710 ui
1215 2653 1335 2710 hostium
1353 2655 1397 2709 uel
1416 2655 1553 2708 btronum
1570 2653 1613 2709 uel
1632 2653 1727 2724 populi

288 2748 379 2798 tuerer
396 2743 442 2798 uel
458 2741 610 2814 liberarem,
632 2743 735 2812 aliquid
752 2759 770 2798 s
786 2747 815 2799 te
833 2757 966 2813 accepero
984 2744 1028 2798 uel
1046 2747 1074 2798 ts
1093 2742 1260 2813 obligauero,
1279 2759 1334 2800 non
1352 2741 1453 2798 debere
1470 2757 1514 2798 mo
1532 2742 1586 2798 hoc
1605 2741 1615 2810 ΙΙ
1635 2741 1727 2797 edicto
1747 2748 1768 2796 f.
1782 2751 1816 2797 '11

287 2831 383 2900 teneri,
401 2830 454 2885 uisi
471 2830 532 2900 ipse
549 2829 620 2886 lrauc
638 2830 688 2888 tibi
706 2831 763 2890 uim
781 2833 918 2886 summisi:
937 2837 1058 2888 ceterum
1077 2832 1102 2886 si
1118 2832 1223 2887 alienus
1236 2847 1296 2886 sum
1309 2847 1326 2886 a
1337 2832 1374 2900 ui,
1393 2831 1536 2886 tenerius
1549 2829 1727 2900 nordebere,

254 2922 270 2968 ι
289 2933 341 2994 ego
364 2919 436 2974 enlm
458 2933 558 2989 operae
575 2919 667 2989 potius
685 2935 763 2976 meae
782 2921 935 2976 mercedem
954 2920 1095 2990 accepisse
1112 2920 1217 2976 uideor.
1253 2920 1330 2976 idem
1347 2919 1516 2990 Pomponius
1533 2917 1628 2974 scnbit
1645 2933 1728 2988 quos·

288 3006 351 3062 dam
369 3005 440 3062 bene
457 3013 554 3077 putare
572 3009 655 3064 etism
674 3009 748 3064 serui
766 3009 1004 3065 manumissionem
1023 3009 1067 3064 uel
1085 3007 1202 3064 aedilicii
1220 3007 1428 3078 depositionem,
1446 3023 1527 3078 quam
1541 3007 1601 3077 quis
1614 3013 1729 3062 coactus
1753 3017 1790 3058 eo

255 3093 363 3165 eiecit,
381 3094 417 3151 ad
435 3097 635 3154 resuntionen
654 3097 735 3154 buius
754 3097 837 3154 edicti
854 3097 1048 3168 porrigendam
1066 3111 1136 3153 esse.
1165 3095 1221 3154 Sed
1239 3097 1313 3166 quod
1331 3101 1440 3167 praetor
1459 3097 1498 3152 sit
1515 3101 1605 3152 ratum
1622 3110 1654 3150 se
1673 3111 1731 3151 non

287 3177 457 3254 habiturum,
482 3191 618 3254 qnatenus
641 3185 830 3256 accipiendum
852 3191 896 3242 est
917 3186 1070 3242 uideamus.
1103 3185 1260 3256 etquidem
1277 3190 1327 3240 sut
1344 3183 1505 3255 imperfecte
1521 3199 1566 3240 res
1584 3188 1639 3254 est,
1664 3183 1732 3240 licet

287 3279 378 3328 metus
395 3273 586 3342 interuenerit,
609 3279 641 3336 ut
657 3279 725 3343 puta
743 3274 945 3344 stiprdstionom
963 3275 1116 3330 numeratio
1134 3290 1189 3330 uon
1207 3279 1251 3330 est
1268 3279 1377 3343 secuta,
1401 3278 1450 3329 sut
1466 3271 1602 3343 perfecta,
1621 3272 1645 3327 si
1664 3277 1733 3342 post

288 3362 491 3431 stipulationem
509 3367 538 3416 et
555 3362 707 3418 numeratio
725 3360 799 3418 fecta
816 3368 860 3420 est
877 3369 926 3419 aut
942 3379 993 3434 per
1009 3367 1112 3419 metum
1131 3367 1246 3432 aceepto
1265 3362 1372 3418 debitor
1389 3361 1520 3418 liberatus
1539 3365 1582 3416 est
1599 3361 1645 3416 uel
1661 3360 1733 3430 quid

288 3449 376 3506 simile
397 3449 560 3520 eontigerit²
577 3449 651 3520 quod
668 3453 809 3521 negotium
826 3451 977 3522 perficeret.
1010 3455 1039 3508 et
1056 3451 1224 3522 Pomponius
1242 3451 1337 3507 scribit
1354 3451 1383 3506 iu
1400 3451 1518 3520 negotiis
1536 3449 1646 3520 quidem
1666 3465 1732 3519 per·
1759 3459 1797 3502 es

288 3534 368 3592 fectis
392 3544 421 3594 et
443 3537 632 3608 exceptionem
655 3539 790 3596 interdum
813 3545 842 3595 et
865 3541 1001 3598 actionem
1024 3545 1194 3610 competere,
1216 3540 1244 3596 iu
1267 3537 1434 3609 imperfectis
1458 3543 1549 3594 sutem
1574 3539 1663 3594 solam
1681 3553 1733 3593 ex·

289 3626 450 3694 ceptionem.
486 3627 537 3682 sed
559 3625 690 3682 erfasto
711 3629 783 3698 scio,
807 3643 869 3684 cum
885 3627 1020 3699 Campani
1044 3635 1119 3684 metu
1143 3627 1252 3684 cuidam
1267 3627 1350 3684 illato
1372 3627 1553 3683 extorsissent
1570 3627 1735 3682 cautionem

288 3713 502 3783 pollicitationis,
525 3716 687 3786 rescriptum
711 3731 774 3772 esse
797 3715 832 3771 ab
854 3716 1018 3786 imperatore
1041 3723 1136 3773 ιιοιιιο
1158 3731 1240 3788 posse
1264 3731 1326 3772 eum
1351 3732 1369 3772 a
1390 3721 1517 3786 praetore
1540 3717 1570 3772 iu
1590 3716 1735 3784 integrum

288 3800 487 3857 restitutionem
505 3806 652 3874 postulare,
671 3809 700 3860 st
716 3809 869 3876 praetorem
888 3818 933 3860 me
950 3804 1093 3862 adsidente
1110 3806 1303 3862 interlocutum
1320 3819 1391 3875 esse,
1409 3809 1441 3860 ut
1452 3804 1511 3860 siue
1523 3803 1632 3860 actione
1645 3803 1739 3858 uellet

289 3903 469 3978 limum]

291 4064 300 4098 ¹
319 4061 383 4117 huic
400 4065 502 4133 (duddi
572 4067 585 4102 ¹
602 4069 736 4140 contigit?

291 4187 433 4242 luctus
447 4189 485 4241 ι’)
499 4189 505 4256 1
519 4189 563 4259 ne]
582 4206 637 4248 uon
650 4192 690 4244 P⁰
734 4189 980 4262 ideprahenderit
1034 4191 1254 4250 meismet*
1270 4193 1275 4261 Ι
1291 4192 1381 4248 edicto
1391 4193 1484 4246 ontP·
1519 4193 1553 4248 21
1564 4190 1744 4248 haberetP·

289 4255 328 4311 F¹
348 4258 353 4322 1
373 4257 408 4328 ei]
432 4257 553 4326 PVUL‘,
577 4265 607 4316 et
629 4261 854 4331 nutricatur
878 4282 927 4317 om.
939 4262 980 4317 P·
1033 4263 1068 4318 22
1085 4261 1146 4334 boo]
1165 4265 1233 4330 ΓΡ,
1251 4264 1314 4320 hnic
1333 4260 1457 4318 P‘VLU
1512 4263 1547 4318 23
1566 4279 1583 4318 s
1600 4263 1695 4333 quo'a'
1717 4265 1752 4317 F

290 4329 421 4396 lipotuit
442 4329 523 4384 PVU
581 4333 769 4403 bcou⁴perto
795 4335 834 4388 ι’*
892 4335 907 4388 'l
935 4349 979 4388 ac·
1033 4333 1241 4404 restagnans
1259 4336 1308 4388 ΕΜ
1329 4337 1333 4402 Ι
1354 4333 1434 4404 quse]
1454 4347 1488 4389 ea
1507 4349 1578 4405 quse
1596 4333 1715 4388 PVLU
1735 4339 1741 4402 Ι

290 4397 378 4524 cn
392 4398 868 4546 *sustentetis
885 4402 987 4530 tu
1201 4405 1492 4546 ..taum
1506 4405 1746 4532 sturm

290 4540 429 4609 conpellar
446 4545 475 4594 at
492 4539 569 4606 P‘V,
587 4545 734 4614 eompellar
751 4551 780 4601 et
795 4547 825 4612 U,
843 4515 981 4614 conpeta}
1034 4543 1076 4600 'et'
1089 4543 1141 4602 hoc
1152 4547 1191 4600 1³²
1244 4548 1280 4602 as
1297 4563 1316 4601 s
1333 4547 1371 4617 ui]
1390 4546 1418 4602 ui
1431 4547 1480 4612 1³⁰,
1498 4565 1547 4600 orn.
1564 4545 1598 4600 U·
1613 4549 1618 4614 Ι
1634 4551 1749 4602 tenere

290 4608 335 4674 Ι),
355 4618 402 4664 ine.
415 4609 451 4663 If
505 4611 671 4670 tisernitute
689 4616 738 4670 PL
793 4619 826 4673 10
843 4617 982 4688 patiatur
1035 4617 1112 4672 ΡΠ·
1159 4617 1195 4672 29
1213 4624 1309 4674 mede*
1327 4619 1353 4671 F
1398 4617 1433 4672 31
1451 4615 1532 4671 huius
1549 4615 1700 4672 'eal'edieti
1722 4620 1760 4672 F

290 4679 853 4766 Fllsqusedffllh001‘sed‘hcoFl
872 4688 927 4744 ista
943 4687 980 4742 ι’
1034 4687 1069 4742 33
1092 4689 1245 4744 numeratio
1269 4687 1331 4757 nou]
1356 4703 1422 4749 num
1445 4688 1518 4743 actio
1542 4687 1581 4741 P·
1635 4689 1675 4742 34
1698 4689 1748 4758 et]

292 4752 326 4805 12
353 4767 388 4806 au
412 4751 449 4822 ιο]
475 4755 523 4805 aut
544 4753 592 4817 P·,
619 4760 669 4810 sut
689 4756 718 4810 in
742 4757 797 4822 ιιι,
821 4773 857 4814 su
874 4786 888 4812 ι
904 4759 933 4814 iu
955 4758 981 4812 t
1034 4757 1078 4823 Pl,
1091 4760 1187 4814 inoff
1201 4761 1206 4828 Ι
1222 4757 1383 4828 numeratio]
1394 4773 1447 4814 uou
1456 4757 1577 4813 scdoP⁶
1593 4759 1598 4825 Ι
1614 4765 1753 4829 accepta

292 4821 327 4876 15
344 4821 539 4892 ocoepioudum
556 4824 592 4876 ΓΙ
614 4825 618 4890 Ι
638 4825 736 4894 idest]
759 4827 822 4884 ideo
841 4829 887 4894 P⁰‚
910 4829 981 4884 idL
1034 4827 1189 4884 debiturum
1201 4829 1242 4884 P·
1293 4829 1561 4898 dboondugeritPl
1576 4827 1754 4898 perfeceret

292 4893 326 4948 16
344 4892 446 4948 derelin
466 4908 532 4950 uero
549 4891 568 4946 f.
581 4909 617 4948 ur.
630 4894 662 4960 P,
679 4894 699 4950 f.
714 4913 749 4952 ru.
766 4898 981 4968 derelinquerem
1034 4901 1082 4953 P*
1127 4901 1263 4956 36iucm.
1277 4901 1341 4956 Pu
1385 4899 1420 4956 37
1438 4898 1753 4973 exlectolexspllecto

294 4962 686 5031 UloumerisffllbicP·
723 4968 980 5026 lierist.edictum
1034 4971 1317 5040 P·loum]comF¹

291 5033 524 5102 Ρ·Ιιιιιιιοοιι’ι
561 5035 980 5110 18ιιο1οοιιιιιῚοιροοιοιιιι·ι
