3738 5550
263 226 321 293 XV
345 231 356 290 ι
379 231 475 285 9-11
930 211 1019 291 440
1645 237 1694 285 nn

264 381 460 436 condemnatus
478 383 529 446 est,
548 375 661 432 debebit
678 376 712 431 de
731 375 855 445 sequenti
873 375 981 429 actione
999 372 1034 429 de
1051 374 1158 443 peculio
1176 372 1289 429 deduci:
1308 375 1398 444 coepit
1416 374 1487 430 euim
1505 373 1631 432 dominm
1648 376 1693 432 uel

262 477 341 540 pater
359 469 470 522 iudicati
487 467 588 521 teneri:
606 482 669 520 nam
688 470 717 520 et
732 466 755 519 si
773 463 839 534 quid
857 464 930 518 serui
948 463 1056 518 nomine
1074 477 1128 518 non
1147 463 1342 519 condemnatus
1360 464 1542 534 praestitisset
1558 463 1693 534 creditori,

263 560 345 613 etiem
365 557 416 611 hoc
434 557 590 610 deduceret.

208 649 247 708 10
317 646 410 700 Gerus
429 645 497 699 libro
515 659 586 698 nono
599 643 634 697 ad
647 642 765 696 edictam
778 640 953 709 prouinciale.
980 638 1009 694 Si
1028 655 1093 695 uero
1106 639 1195 694 adhuc
1207 640 1235 694 in
1246 655 1379 709 suspenso
1391 645 1435 695 est
1445 642 1520 710 prius
1538 635 1694 724 [Qut
1712 649 1734 702 s

263 735 391 789 iudicium
421 732 455 787 de
478 733 585 802 peculio
610 737 638 785 et
660 746 695 784 ex
718 730 868 799 posteriore
891 728 991 783 iudicio
1014 743 1058 783 res
1080 729 1258 798 iudicaretur,
1286 730 1360 784 nullo
1386 728 1466 785 modo
1491 729 1574 784 debet
1596 731 1694 799 prioris
1713 741 1727 783 a

263 823 356 877 iudicii
379 823 448 877 ratio
471 821 566 875 haberi
588 821 615 874 in
638 819 787 888 posteriore
810 816 1048 886 condemnatione,
1074 819 1139 886 quia
1164 819 1193 871 in
1216 818 1323 872 actione
1350 817 1385 872 de
1406 819 1514 888 peculio
1536 819 1695 888 occupantis

263 911 419 965 meliorest
437 909 572 977 condicio,
597 921 731 976 occupare
749 911 842 960 autem
861 905 970 960 uidetur
993 921 1046 960 non
1068 907 1115 976 qui
1132 907 1206 976 prior
1223 907 1299 961 litem
1316 910 1485 962 contestatus
1503 911 1557 976 est,
1581 907 1630 962 sed
1647 907 1695 976 qui

262 1000 335 1068 prior
352 998 388 1052 ad
406 998 569 1052 sententiam
588 995 685 1051 iudicis
702 994 835 1064 peruenit

208 1094 244 1149 11
317 1086 467 1141 Unrrnnus
489 1084 558 1139 libro
580 1083 730 1138 uicensimo
753 1097 825 1137 nono
849 1081 885 1136 ad
909 1081 1037 1137 edictum.
1080 1081 1108 1137 Si
1131 1083 1223 1138 noxali
1244 1082 1345 1138 iudicio
1369 1089 1520 1138 conuentus
1538 1078 1695 1168 Q
1715 1091 1737 1144 S

263 1174 389 1229 dominus
407 1174 462 1229 litis
480 1173 697 1228 aestimationem
715 1171 857 1239 obtulerit,
876 1171 911 1224 de
929 1171 1035 1240 peculio
1054 1169 1244 1226 deducendum
1263 1177 1318 1226 est:
1342 1171 1416 1241 quod
1434 1173 1458 1228 si
1475 1188 1563 1228 noxae
1581 1173 1696 1244 dederit,
1717 1187 1745 1224 rc

231 1275 244 1320 1
263 1263 327 1316 nihil
350 1267 393 1316 est
416 1261 615 1316 deducendum.
658 1259 714 1315 Sed
737 1265 765 1314 et
788 1260 811 1314 ai
835 1257 901 1328 quid
924 1258 1049 1313 dominus
1073 1260 1225 1315 soluturum
1253 1275 1282 1314 se
1305 1261 1379 1314 serui
1402 1261 1511 1315 nomine
1533 1263 1696 1333 repromisit,

262 1351 360 1405 deduci
379 1349 528 1419 oportebit,
553 1349 782 1418 quemadmodum
801 1347 908 1416 siquid
926 1347 1036 1402 domino
1054 1363 1151 1403 seruus
1173 1363 1224 1417 pro
1247 1347 1370 1404 debitore
1391 1351 1595 1419 expromiserat.
1622 1351 1696 1406 idem

262 1447 305 1495 est
323 1444 351 1492 et
369 1439 393 1493 si
410 1453 459 1508 pro
477 1436 603 1491 libertate
620 1436 686 1506 quid
704 1437 815 1492 domino
833 1436 1004 1505 expromisit,
1028 1437 1107 1504 qnasi
1124 1433 1231 1490 debitor
1248 1435 1358 1491 domino
1381 1437 1418 1492 sit
1439 1438 1565 1509 effectus,
1590 1440 1640 1494 sed
1657 1441 1698 1494 ita

229 1539 245 1584 a
262 1529 386 1596 demum,
406 1528 429 1581 si
448 1527 614 1581 manumisso
632 1541 666 1580 eo
684 1529 791 1594 agatur.
828 1522 883 1579 Sed
901 1524 925 1578 si
943 1539 961 1578 a
978 1523 1100 1580 debitore
1118 1524 1254 1580 dominico
1272 1539 1368 1580 seruus
1386 1527 1522 1598 exegerit,
1540 1543 1575 1582 an
1593 1528 1698 1584 domini

262 1616 413 1672 debitorem
432 1630 462 1669 se
480 1613 582 1683 fecerit,
601 1615 755 1683 quaeritur:
774 1618 802 1668 et
819 1613 940 1667 lulianus
957 1611 1027 1669 libro
1045 1612 1207 1668 duodecimo
1219 1613 1387 1684 digestorum
1401 1630 1455 1670 non
1467 1616 1545 1671 aliter
1556 1616 1696 1673 dominum
1718 1627 1746 1667 1⁵

261 1706 442 1760 deducturum
461 1705 513 1773 ait,
538 1719 621 1773 quam
639 1703 662 1758 si
680 1708 769 1757 ratum
786 1700 929 1756 habuisset
951 1701 1025 1770 quod
1046 1706 1174 1757 exactum
1197 1707 1254 1758 est:
1277 1701 1374 1758 eadem
1398 1705 1477 1758 etin
1499 1703 1556 1760 filio
1578 1704 1697 1762 familias

262 1793 378 1848 dicenda
396 1797 484 1846 erunt.
513 1796 541 1846 et
558 1796 626 1861 puto
644 1806 738 1845 ueram
756 1789 853 1844 Iuliani
871 1790 1047 1844 senoentiam:
1066 1791 1200 1845 naturalia
1218 1791 1290 1846 enim
1308 1790 1402 1846 debita
1415 1799 1571 1862 spectamus
1582 1797 1611 1850 in
1624 1795 1636 1865 l
1650 1811 1697 1865 pe·
1716 1801 1793 1851 taae'

261 1883 324 1937 oulii
343 1881 522 1936 deductione:
540 1885 583 1934 est
600 1885 692 1934 autern
710 1884 809 1933 natura
826 1893 944 1947 aequum
961 1877 1069 1933 liberari
1087 1877 1171 1933 filium
1190 1880 1233 1934 uel
1251 1895 1360 1935 seruum
1376 1880 1542 1950 obligatione
1566 1899 1600 1938 eo
1622 1884 1697 1953 quod

228 1981 242 2024 s
260 1969 412 2025 indebitum
434 1967 544 2023 uidetur
566 1968 701 2037 exegisse.
728 1967 780 2020 Est
802 1971 894 2020 autem
912 1967 1092 2035 quaestionis,
1117 1982 1152 2022 ιιι
1175 1967 1217 2036 id,
1241 1968 1315 2036 quod
1336 1968 1462 2024 dominus
1480 1971 1564 2025 semel
1582 1970 1700 2026 deduxit

261 2073 322 2113 cum
342 2057 540 2125 conueniretur,
559 2072 653 2111 rursus
671 2056 695 2109 si
713 2055 899 2124 conueniatur,
919 2053 953 2108 de
971 2055 1078 2124 peculio
1096 2055 1215 2110 eximere
1227 2055 1335 2126 debeat,
1354 2073 1389 2112 an
1401 2073 1467 2114 uero
1480 2060 1564 2114 ueluti
1576 2060 1698 2115 solutum
1718 2073 1747 2112 ao

261 2146 287 2200 ei
304 2146 431 2199 uideatur
448 2146 532 2200 semel
550 2143 624 2199 facta
641 2143 813 2198 deductione.
840 2147 869 2198 et
887 2143 1014 2197 Neratius
1032 2148 1061 2197 et
1078 2143 1170 2198 Nerua
1186 2149 1297 2214 putant,
1320 2145 1386 2200 item
1404 2146 1525 2202 lulianus
1542 2145 1611 2202 libro
1629 2149 1699 2205 duo-

260 2233 367 2288 decimo
386 2233 488 2302 scribit,
507 2232 659 2302 siquidem
678 2230 861 2286 abstulithoo
879 2231 1047 2300 dependis,
1066 2246 1120 2286 non
1139 2231 1240 2287 debere
1257 2232 1370 2304 deduci,
1389 2235 1413 2288 si
1430 2249 1497 2290 nero
1515 2235 1629 2290 eandem
1648 2251 1699 2306 po-

227 2307 387 2376 ssitionern
405 2322 504 2391 peculii
521 2321 637 2391 reliquit,
657 2319 757 2375 debere
775 2335 837 2374 eum
856 2318 1000 2374 deducere.
1027 2320 1152 2389 Denique
1169 2318 1271 2390 scribit,
1290 2321 1313 2375 si
1325 2337 1422 2377 seruus
1433 2323 1564 2378 uicarium
1577 2325 1700 2394 quinque

261 2410 397 2464 ualentem
420 2411 449 2465 in
470 2410 606 2480 peculium
631 2408 727 2464 babuit
750 2413 780 2463 et
801 2407 911 2464 domino
934 2407 1054 2477 quinque
1077 2407 1202 2478 deberet,
1226 2423 1276 2479 pro
1299 2407 1399 2478 quibus
1420 2412 1552 2468 uicarium
1570 2413 1700 2469 dominus

260 2497 429 2568 deduxisset,
448 2506 477 2553 et
494 2503 602 2554 mortuo
620 2503 717 2569 postea
734 2497 837 2553 uicario
849 2496 932 2551 sliam
944 2496 1067 2552 eiusdem
1078 2497 1158 2566 pretii
1170 2512 1266 2553 seruas
1279 2501 1487 2571 comparauerit,
1505 2515 1560 2555 uon
1571 2501 1700 2558 desinere
1720 2517 1750 2558 aa

262 2587 363 2642 domini
382 2601 445 2642 esse
462 2586 627 2656 debitorem,
651 2587 729 2655 quasi
748 2585 867 2640 cicadas
890 2585 934 2639 llle
955 2584 1067 2641 domino
1085 2585 1247 2641 decesserit:
1271 2587 1323 2641 nisi
1346 2585 1429 2657 forte,
1454 2603 1516 2644 cum
1534 2605 1597 2646 eum
1616 2607 1700 2647 seruo

228 2681 243 2728 5
262 2677 411 2732 ademisset
429 2680 458 2730 et
475 2675 527 2730 arbi
545 2676 681 2744 soluisset,
699 2681 765 2729 tuno
781 2674 938 2729 decesserit
973 2673 1050 2728 ldem
1068 2679 1143 2729 recte
1155 2675 1201 2744 ait,
1220 2676 1252 2744 si,
1271 2691 1332 2730 cum
1346 2677 1463 2732 aloarius
1475 2679 1580 2734 ualeret
1592 2678 1700 2750 decem,

262 2765 389 2820 dominus
412 2769 566 2820 conuentus
584 2764 619 2819 de
636 2764 745 2833 peculio
762 2763 881 2832 quinque
903 2776 953 2832 pro
977 2777 1057 2818 semo
1074 2763 1267 2832 praestitisset,
1291 2766 1419 2833 quoniam
1440 2766 1561 2836 quinque
1578 2767 1633 2836 ipsi
1650 2767 1701 2823 de-

260 2853 409 2923 bebantur,
433 2868 497 2908 mox
519 2853 638 2908 uioarius
656 2852 834 2921 decessisset,
859 2849 992 2906 aduemus
1012 2851 1095 2906 ulium
1119 2855 1246 2920 agentem
1265 2851 1300 2907 de
1317 2854 1425 2922 peculio
1443 2854 1538 2909 decem
1552 2855 1701 2912 domiuum

262 2942 456 3012 deducturum,
478 2942 543 3011 quia
561 2945 590 2996 et
606 2942 636 2996 in
653 2955 700 3011 eo,
723 2940 868 3010 quodiam
887 2954 937 3009 pro
954 2955 989 2995 eo
1006 2940 1100 3009 soluit,
1123 2939 1275 2995 debitorem
1294 2957 1403 2996 sernum
1422 2942 1475 2998 sibi
1491 2941 1595 2998 iecerit
1626 2959 1702 3014 quae
1722 2959 1753 3001 ao

228 3037 244 3083 e
262 3031 399 3086 sententia
415 3045 483 3085 uera
500 3034 556 3100 est,
577 3025 631 3085 nisi
649 3045 730 3086 seruo
748 3029 852 3084 ademit
868 3028 1015 3097 uicarium,
1039 3033 1071 3082 ut
1094 3028 1147 3084 sibi
1164 3030 1291 3085 solueret.
1327 3029 1406 3094 Quod
1424 3035 1515 3085 autem
1533 3030 1633 3086 deduci
1650 3032 1702 3087 de·

262 3120 328 3174 bere
345 3119 464 3174 diximus
482 3118 510 3173 id
528 3119 603 3189 quod
621 3118 737 3199 debetur
754 3117 779 3171 ei
801 3118 849 3186 qui
871 3116 906 3171 de
928 3118 1036 3187 peculio
1059 3117 1231 3188 conuenitar,
1255 3118 1295 3172 ita
1316 3119 1503 3188 accipiendum
1521 3125 1576 3188 est,
1601 3121 1703 3176 sinon

229 3215 244 3261 t
262 3207 315 3263 hoc
332 3207 442 3263 aliunde
460 3208 591 3276 consequi
607 3207 705 3277 potuit
740 3205 866 3275 Denique
883 3205 1004 3260 lulianus
1022 3206 1117 3261 scribit
1133 3207 1312 3276 uenditorem,
1331 3207 1378 3276 qul
1393 3221 1503 3262 sernum
1514 3223 1578 3262 cum
1589 3209 1704 3277 peculio

262 3296 399 3366 uendidit,
423 3296 448 3350 si
464 3295 500 3349 de
517 3296 626 3365 peculio
644 3293 836 3362 conueniatur,
859 3308 915 3349 non
932 3292 1033 3349 debere
1050 3294 1186 3350 deducere
1203 3295 1277 3364 quod
1295 3294 1347 3349 sibi
1365 3293 1493 3350 debetur:
1517 3296 1607 3364 poturit
1624 3297 1703 3352 enim

262 3383 315 3440 hoo
332 3399 367 3440 ex
385 3384 490 3439 ratione
507 3384 606 3454 peculii
628 3383 771 3438 detrahere
794 3387 823 3438 et
845 3398 918 3438 nnnc
942 3382 1085 3437 condicere
1109 3385 1187 3453 quasi
1209 3382 1361 3438 indebitum
1380 3384 1519 3453 (quoniam
1537 3397 1591 3438 nou
1609 3389 1653 3439 est
1670 3386 1705 3441 in
1725 3403 1757 3444 aa

262 3474 369 3543 peculio
387 3472 461 3541 quod
480 3471 590 3526 domino
608 3471 743 3538 debetur).
770 3474 888 3541 potest1,
906 3471 1002 3542 inquit,
1021 3472 1103 3526 etiam
1122 3486 1157 3527 ex
1174 3471 1286 3527 uendite
1304 3485 1395 3540 agere.
1422 3471 1496 3541 quod
1514 3473 1553 3526 ita
1567 3473 1620 3526 erit
1636 3487 1704 3542 pro-

262 3559 392 3630 bandum,
411 3560 434 3613 si
452 3563 559 3614 tanturn
577 3558 629 3614 fuit
646 3560 675 3614 in
691 3561 799 3630 peculio
817 3575 879 3615 oum
897 3560 1037 3630 uenderet,
1055 3565 1087 3614 ut
1105 3558 1262 3615 satisfacere
1281 3557 1374 3614 debito
1392 3560 1518 3616 domiuus
1535 3561 1636 3631 possit:
1654 3577 1704 3616 ce-

262 3651 351 3702 terum
371 3649 394 3702 sl
411 3651 509 3717 postea
526 3647 593 3716 quid
612 3648 729 3702 accessit
746 3647 951 3704 condicionibus
969 3647 1055 3704 debiti
1068 3648 1257 3718 existentibus,
1275 3648 1350 3718 quod
1361 3648 1487 3705 dominus
1500 3663 1553 3704 non
1565 3648 1704 3705 ‹iuuare-

231 3737 330 3804 trat²,
350 3741 446 3790 contra
462 3736 513 3790 erit
531 3735 686 3790 dicendam.
722 3736 798 3791 Idem
818 3737 924 3806 scribit,
949 3738 1051 3806 siquis
1070 3752 1193 3808 seruum,
1218 3737 1294 3792 cuius
1314 3737 1424 3792 nomine
1442 3737 1477 3791 de
1494 3751 1540 3806 ps·
1559 3733 1706 3821 Q

263 3823 334 3878 culio
351 3822 472 3878 habebat
489 3824 638 3892 actionem,
657 3830 855 3895 comparasset,
877 3841 912 3880 an
930 3825 1019 3895 possit
1036 3825 1172 3880 deducam
1189 3825 1264 3895 quod
1281 3824 1335 3879 sibi
1351 3824 1479 3893 debetur,
1503 3827 1631 3894 quoniam
1650 3827 1704 3882 sd-
1727 3847 1759 3886 ao

262 3927 359 3966 uersus
377 3912 547 3968 uenditorem
566 3911 666 3967 habeat
684 3913 820 3967 actionem
842 3912 878 3967 do
900 3913 1026 3983 peculio?
1053 3921 1082 3968 et
1104 3918 1179 3968 reete
1201 3914 1241 3968 ait
1261 3927 1356 3984 posse:
1380 3929 1443 3968 nam
1465 3918 1494 3968 et
1515 3913 1605 3982 quiuis
1628 3915 1706 3972 alias

145 4029 149 4038 ·
262 4003 355 4071 potest
377 4001 491 4070 eligere,
519 4006 610 4056 utrum
635 4015 697 4055 cum
722 4007 845 4071 emptore
868 4017 904 4056 an
927 4017 988 4056 eum
1012 4001 1155 4056 uenditore
1181 4007 1291 4071 ageret:
1317 4001 1390 4056 hunc
1416 4002 1499 4071 igitur
1524 4002 1625 4070 eligere
1647 4019 1705 4072 pro

263 4088 371 4144 actione
388 4088 588 4145 deductionem.
615 4103 668 4144 nec
684 4088 766 4144 uideo
784 4089 850 4158 quid
868 4088 988 4145 habeant
1004 4090 1154 4146 creditores
1170 4089 1245 4160 quod
1261 4094 1423 4160 querantur,
1441 4105 1503 4144 cum
1521 4089 1630 4160 possint
1646 4091 1708 4162 ipsi

263 4193 350 4262 F[P(
352 4193 383 4260 V,
401 4203 474 4250 cuiue
490 4215 581 4250 mucce
598 4202 705 4267 ιιῆᾳιι
724 4196 818 4250 daiait
834 4216 858 4250 u.
869 4195 907 4249 M
923 4215 978 4252 acc.
997 4195 1100 4266 habuit,
1119 4195 1195 4267 illl]

264 4345 274 4379 ¹
294 4341 419 4409 debetur)
436 4347 542 4413 potest:
559 4345 671 4415 potest?
740 4346 754 4383 ²
771 4346 928 4402 detraxerat
944 4347 980 4412 (a.
992 4345 1040 4412 ι’.)’1

265 4473 428 4529 lduminus
447 4475 484 4528 Γ·
537 4477 755 4544 apraesucisset
767 4477 886 4534 creditor
897 4493 954 4533 cre·
1007 4485 1067 4533 nat
1081 4476 1184 4543 Graeci,
1203 4497 1261 4531 num
1279 4475 1331 4548 εἶχε
1345 4476 1390 4548 sip
1408 4476 1520 4548 alpsrrai
1532 4477 1596 4560 χρὲι
1607 4476 1641 4532 τὸ
1653 4497 1708 4533 πε·

264 4545 345 4600 ditari
358 4544 438 4599 PVU
479 4546 651 4602 3deduoere
663 4547 720 4601 PV
758 4549 890 4605 eruditio
903 4550 959 4605 PV
1009 4549 1113 4612 soiitos
1133 4547 1148 4603 ὃ
1166 4546 1214 4610 oia
1231 4547 1353 4603 ὲιιὼλιιιι
1366 4551 1404 4603 asi
1417 4547 1499 4603 iusta
1513 4566 1561 4611 ιιγιι
1574 4548 1589 4601 r's
1603 4549 1710 4618 aipecrc

265 4617 300 4671 14
318 4613 488 4670 dominico‘n'
501 4619 539 4670 Ρ·
585 4619 616 4672 17
636 4621 752 4674 naturali
770 4621 811 4674 P·
856 4622 890 4676 18
908 4620 954 4676 de·
1008 4620 1078 4684 BS(
1136 4624 1168 4686 .):
1186 4635 1212 4688 q.
1226 4619 1252 4674 d.
1265 4637 1291 4674 n.
1305 4620 1461 4675 detraxerat
1473 4621 1528 4673 edd
1578 4619 1614 4673 39
1626 4622 1708 4691 quis]

264 4687 420 4742 ductionem
432 4685 550 4740 F¹PLU
589 4689 624 4742 25
637 4705 746 4744 seruum
755 4693 783 4764 s
817 4691 953 4760 idquasr']
1008 4690 1075 4758 quid
1140 4691 1238 4758 leuius
1250 4709 1299 4744 om.
1312 4691 1352 4744 Ρ·
1388 4693 1423 4746 41
1436 4690 1545 4760 habeat]
1558 4690 1602 4754 ΡΙ,
1615 4689 1712 4748 habet

265 4759 330 4826 quia
352 4758 376 4812 si
398 4757 465 4824 Ρ·Ι
489 4757 541 4811 nisi
622 4760 656 4813 27
679 4759 829 4816 decesserit
850 4779 898 4815 om.
916 4762 956 4816 P·
1009 4760 1104 4825 F’PL,
1119 4759 1651 4831 habebatUlqoiuis1quisP·,uisqui
1667 4763 1711 4816 L·

264 4829 300 4884 28
311 4827 457 4898 ipseF1P·
492 4827 591 4883 cosmi
603 4844 712 4884 seruum
724 4831 804 4886 ΡΜ]
835 4833 955 4887 3tenim
1008 4833 1044 4886 42
1068 4847 1150 4901 agere
1174 4831 1228 4886 PU
1275 4832 1310 4886 43
1333 4831 1408 4902 quid]
1431 4831 1506 4901 quod
1528 4831 1605 4885 ΡΨ
1625 4834 1631 4900 Ι
1651 4831 1710 4889 ha·

265 4901 366 4953 mnP⁰
419 4899 454 4953 35
473 4897 625 4954 conducere
643 4899 684 4954 P·
698 4903 704 4964 l
719 4903 807 4972 quasi]
826 4903 953 4972 quarilil
1006 4901 1072 4958 beat
1090 4903 1130 4956 P·
1145 4905 1150 4971 Ι
1166 4907 1331 4973 quaerantur
1347 4903 1377 4968 F,
1394 4907 1524 4972 queratur
1540 4901 1582 4956 P·

264 4969 300 5030 38
317 4969 391 5042 quod
408 4970 535 5026 dommus
546 4985 601 5028 uou
613 4969 785 5042 tumeat]
804 4976 871 5028 scien
888 4977 954 5048 tepe-
