3754 5544
172 316 241 364 nnn
264 314 403 364 conum
844 292 932 373 493
1343 299 1432 367 XVII
1455 303 1469 366 1
1494 306 1611 362 se-ce

133 461 151 507 4
171 455 219 509 nel
236 453 260 510 si
277 468 327 524 pro
344 459 373 509 te
390 467 454 508 reus
471 453 650 523 promittendi
667 451 757 508 factrus
775 453 836 509 sim.
863 451 919 509 Sed
937 453 961 510 si
978 453 1145 511 mendsuerc
1163 454 1222 525 tibi,
1240 459 1272 511 ut
1289 456 1417 512 creditori
1434 471 1496 512 mec
1511 456 1612 526 solues,

172 548 258 614 tuque
282 542 476 613 expromiseris
499 547 528 596 et
552 555 587 596 ex
611 555 644 596 ee
666 557 752 598 ceuse
774 541 920 598 metius
943 543 996 612 sis,
1019 543 1165 600 humeuius
1182 547 1226 600 est
1243 549 1272 600 et
1289 545 1317 600 in
1335 544 1388 600 hoc
1405 561 1472 600 cesu
1489 544 1612 600 mmdeti

134 639 151 686 5
173 633 309 688 acconem
328 631 379 686 tibi
397 634 561 700 competere.
598 631 729 696 Quotiens
747 636 840 686 eutem
859 635 923 686 eute
941 633 1058 686 solutmn
1075 633 1220 702 pecnnism
1239 633 1361 689 mendeti
1380 635 1425 704 egi
1443 649 1525 704 posse
1543 634 1611 688 dixi·

173 735 248 790 mue,
274 719 392 775 inciendi
415 735 513 788 ceusu,
537 733 592 774 uon
617 719 701 774 deudi
721 721 860 776 tenebitur
876 735 954 776 reus:
973 726 1002 776 et
1020 726 1063 775 est
1081 736 1211 792 eequum,
1235 721 1307 776 sicut
1325 721 1336 793 ΙΙ
1355 723 1502 778 mandente
1520 723 1610 792 eliquo
1628 729 1702 776 cess

172 811 308 864 ecticuem
332 808 407 863 necti
424 808 548 877 cogimur
566 823 627 862 eem
645 813 786 878 preestere
803 808 903 865 iudicio
922 808 1058 879 mandeti,
1083 810 1122 864 ite
1139 825 1175 864 ex
1192 809 1289 866 eedem
1307 825 1392 866 ceuse
1409 811 1545 880 obligatus
1564 811 1610 866 he·
1628 819 1643 862 s

133 906 151 950 e
171 897 238 954 berc
256 897 378 953 mendeti
397 897 541 966 ectiumm,
560 901 592 951 nt
609 895 763 952 liberemur.
792 895 822 952 Si
840 895 986 952 fideiussor
1004 897 1225 968 multipliceuerit
1242 915 1385 969 summem,
1404 900 1432 956 in
1450 915 1532 970 quem
1544 897 1611 954 fide-

133 993 150 1039 r
172 987 261 1057 iussit,
279 985 435 1055 sumptibus
452 1000 488 1040 ex
504 985 579 1040 iuste
595 986 701 1041 retices
718 984 808 1055 fectu,
827 991 914 1042 tutem
932 1001 993 1041 cem
1010 985 1164 1055 preestebit
1180 987 1205 1042 is
1222 1001 1272 1056 pro
1290 1002 1344 1056 quc
1362 986 1505 1044 fideiuesit
1532 987 1611 1054 Quod

171 1076 240 1132 mihi
262 1075 384 1131 debcbm
408 1091 426 1130 e
443 1074 567 1130 debitore
584 1081 628 1130 tec
646 1075 792 1145 stipuletus
810 1089 871 1130 sun
888 1074 1010 1144 periente
1028 1079 1090 1129 too:
1114 1089 1197 1143 posse
1215 1091 1259 1130 me
1277 1091 1360 1146 egere
1378 1081 1469 1132 tecum
1488 1077 1611 1134 meudsti

170 1167 201 1221 iu
218 1166 255 1235 id,
273 1163 347 1234 quod
366 1163 456 1218 miuus
474 1161 510 1219 eb
528 1163 574 1217 illo
592 1177 703 1218 seruere
722 1168 827 1234 putero,
846 1164 939 1220 Nerue
956 1163 1102 1218 Atilicinus
1120 1163 1206 1232 eiuut,
1224 1165 1351 1234 quemuis
1362 1165 1390 1220 ld
1403 1166 1562 1220 mendetum
1575 1165 1611 1222 ed

170 1259 249 1308 tuem
267 1269 325 1308 rem
343 1253 486 1323 pertinent,
505 1255 534 1306 et
551 1251 661 1306 meritc:
681 1257 746 1306 tunc
764 1252 836 1306 enlm
848 1251 1015 1308 libereturis
1033 1252 1081 1321 qul
1097 1251 1249 1308 debitorem
1262 1253 1380 1324 deleget,
1399 1254 1422 1308 si
1440 1255 1612 1310 nomenoius
1631 1263 1659 1304 uo

134 1349 151 1396 e
172 1343 292 1398 creditor
309 1347 421 1397 secutus
439 1345 491 1410 eet,
509 1355 564 1396 non
583 1355 645 1395 cnm
662 1340 785 1410 periculo
803 1339 934 1396 debituris
952 1338 988 1395 eb
1006 1355 1039 1396 eo
1057 1339 1211 1410 stipuletur.
1246 1341 1321 1398 ldem
1340 1343 1406 1398 iuris
1424 1349 1476 1413 cet,
1494 1341 1518 1398 si
1535 1359 1611 1398 men·

173 1432 241 1486 detu
258 1429 427 1486 fideiussoris
446 1445 508 1484 cum
526 1443 574 1484 reo
591 1429 719 1498 egissem,
737 1429 803 1498 quie
820 1429 946 1499 sequenti
964 1429 1109 1486 meudutc¹
1128 1429 1289 1486 libereretur
1307 1445 1341 1486 ex
1359 1431 1449 1502 priore
1467 1447 1560 1486 oense

106 1517 152 1575 46
226 1521 304 1575 Inuus
325 1519 395 1574 libro
418 1517 641 1588 septnegeusimo
664 1518 816 1588 querceae
835 1517 964 1573 edictum.
1002 1517 1031 1573 Si
1048 1518 1110 1587 quis
1127 1533 1178 1588 pro
1196 1533 1231 1574 eo
1248 1519 1435 1590 spoponderit,
1454 1513 1611 1603 [Er-effi
1629 1523 1668 1578 E·

173 1608 222 1678 qui
238 1607 278 1662 ite
294 1607 433 1678 promisit:
451 1606 483 1662 'si
501 1605 624 1662 Stichum
643 1621 698 1662 non
716 1605 834 1676 dederis,
852 1611 962 1662 centum
976 1607 1051 1662 milis
1063 1605 1171 1662 debis’i
1197 1611 1226 1662 et
1237 1605 1360 1662 Stichum
1372 1595 1611 1665 redemefiffiliu‘s

173 1701 203 1752 et
225 1696 349 1766 soluerit,
373 1710 409 1750 ue
431 1701 541 1750 centum
566 1695 670 1750 milium
691 1695 832 1765 stipuletic
850 1695 1050 1764 committetur,
1072 1697 1182 1750 comet
1198 1709 1280 1764 posse
1298 1711 1361 1752 snm
1380 1696 1659 1766 mendaciorem

173 1785 257 1856 igitur
276 1784 496 1840 commodissime
514 1785 560 1840 ille
578 1782 666 1840 iorme
682 1784 711 1838 in
729 1783 867 1838 meudetis
884 1783 1022 1839 mruende
1039 1789 1095 1853 est,
1117 1789 1161 1854 ut,
1185 1783 1311 1854 quotiens
1329 1787 1433 1840 certum
1452 1786 1611 1842 meudetum

173 1875 218 1943 sit,
235 1873 327 1928 recedi
345 1888 363 1927 e
379 1871 468 1929 forms
484 1888 540 1928 uon
558 1871 671 1928 debeat:
690 1877 720 1927 et
736 1872 863 1942 quotiens
880 1873 1014 1928 incertum
1027 1873 1069 1928 uel
1081 1872 1200 1942 plurium
1212 1887 1364 1944 censorum,
1382 1879 1458 1944 tuuc,
1476 1876 1541 1930 licet
1552 1875 1612 1930 eliis

172 1960 405 2033 prsestetiouibus
423 1962 545 2017 exsoluta
562 1961 599 2016 sit
616 1975 701 2016 ceuse
719 1961 841 2016 meudeti
858 1975 940 2030 quem
958 1975 1031 2030 quse
1047 1961 1109 2031 ipso
1126 1961 1257 2017 mendac
1274 1961 1389 2032 luerent,
1408 1964 1432 2018 si
1450 1969 1542 2019 tumen
1559 1963 1611 2020 boc

173 2051 327 2106 meudetori
344 2049 503 2119 expedierit,
523 2048 646 2105 mendeti
663 2049 716 2104 crit
732 2050 813 2106 ectio.
1631 2059 1659 2100 re

106 2139 153 2196 47
226 2141 399 2196 Porsueruus
416 2138 485 2194 libro
502 2139 584 2194 tertio
602 2154 637 2193 ex
651 2138 767 2194 Pleutio.
795 2138 916 2194 lulieuus
934 2138 981 2207 eit,
1000 2137 1024 2194 si
1041 2135 1195 2194 fideiussori
1212 2153 1282 2194 uxor
1299 2137 1357 2194 doti
1375 2155 1436 2210 pro-
1455 2131 1612 2224 [effide
1630 2143 1658 2197 li

173 2229 290 2298 miserit,
314 2228 389 2298 quod
410 2229 436 2283 si
453 2243 489 2283 ex
506 2243 591 2283 cause
607 2225 781 2282 fideiussoris
797 2226 911 2298 debeet,
934 2227 1037 2295 nuptiis
1055 2227 1158 2282 secutis
1176 2225 1320 2284 confestim
1338 2228 1461 2284 meudeti
1478 2215 1612 2286 aduersus

173 2317 324 2372 debitorem
344 2331 426 2386 egere
444 2331 507 2372 cum
525 2331 616 2386 posse,
635 2315 701 2386 quie
717 2315 884 2384 intellegitur
901 2314 1000 2372 obesse
1018 2317 1043 2370 ei
1061 2317 1177 2386 pecunie
1195 2331 1237 2386 eo,
1255 2316 1329 2385 quod
1346 2331 1431 2374 cuore
1448 2317 1612 2374 matrimonii

138 2418 151 2461 1
172 2406 329 2461 sustineret
365 2404 395 2460 Si
413 2405 445 2476 is,
464 2406 511 2475 qui
527 2421 578 2475 pro
596 2410 624 2460 te
642 2403 778 2460 homiuem
797 2404 864 2458 dere
882 2402 1025 2473 fideiussit,
1044 2404 1162 2460 ebenum
1180 2403 1317 2460 homiuem
1330 2406 1484 2476 stipuletori
1497 2405 1611 2492 emerit,

172 2510 224 2550 neo
242 2495 302 2564 ipse
319 2492 450 2550 liberetur
467 2508 519 2548 nec
535 2499 564 2548 tc
581 2493 680 2548 liberet
698 2498 727 2548 et
743 2493 806 2548 ideo
825 2492 947 2548 meudeti
965 2493 1100 2548 eudonem
1119 2497 1211 2548 tecum
1229 2509 1284 2549 non
1301 2493 1393 2550 hebet
1421 2494 1471 2550 sed
1488 2495 1512 2549 si
1526 2496 1611 2564 stipu-

172 2584 243 2640 letur
260 2599 323 2638 cum
342 2582 478 2639 hominem
497 2581 661 2651 usuceperit,
679 2579 826 2637 dicendum
844 2595 906 2638 esse
924 2581 1045 2636 lulisnus
1058 2581 1097 2636 eit
1108 2581 1295 2638 liberetionem
1308 2583 1480 2652 contingere:
1499 2598 1533 2640 ec
1544 2597 1611 2654 ergo
1630 2589 1660 2632 ¹⁶

173 2688 241 2728 cesu
258 2671 382 2727 meudeti
399 2671 472 2726 ectio
489 2673 555 2740 poet
572 2669 767 2739 usucapionem
786 2669 896 2724 demum
914 2675 1008 2724 tecum
1025 2669 1085 2724 erit

110 2759 154 2819 48
227 2761 341 2817 Cursus
359 2759 428 2814 b'bro
446 2759 563 2830 septimo
581 2757 760 2828 digestorum.
788 2757 904 2824 Quintus
922 2757 1028 2813 blucius
1046 2757 1181 2814 Sceeucls
1197 2759 1245 2829 eit,
1262 2759 1286 2814 si
1304 2759 1366 2828 quis
1384 2760 1435 2815 sub
1454 2753 1557 2842 [B]-
1535 2751 1612 2843 -12‘4-'5
1630 2761 1658 2816 Ε

172 2850 264 2906 usuris
282 2849 414 2904 creditem
430 2847 577 2919 pecuniam
591 2845 775 2902 fideiussisset
792 2851 822 2901 et
839 2861 903 2902 reus
920 2847 949 2901 lu
967 2846 1067 2902 iudicio
1085 2851 1237 2902 conuentus
1252 2862 1314 2902 cum
1326 2863 1454 2904 recusare
1466 2849 1550 2903 uellet
1560 2847 1612 2904 sub

173 2940 264 2995 usuris
282 2939 415 2993 creditam
434 2951 496 2992 esee
513 2937 659 3007 pecuniam
678 2937 724 2990 et⁸
741 2933 886 2990 fideiussor
903 2935 1036 2990 soluendo
1055 2949 1152 2990 usuros
1170 2937 1335 3004 potestatem
1348 2936 1494 2992 recusendi
1505 2951 1553 2990 ees
1565 2949 1612 2992 reo

173 3029 339 3096 sustulisset,
358 3041 418 3082 enm
437 3025 580 3096 pecuniam
600 3041 618 3080 e
635 3039 682 3080 rec
700 3037 755 3079 uon
772 3023 929 3093 petiturum.
957 3023 1007 3078 sed
1025 3023 1050 3078 si
1067 3038 1130 3078 reus
1148 3021 1302 3080 fideiussori
1313 3024 1509 3092 denuntiasset,
1528 3029 1611 3080 utre·
1631 3031 1660 3074 ⁸⁰

173 3121 284 3173 cuseret
301 3114 353 3171 sub
371 3115 461 3171 usuris
478 3111 599 3169 debitum
612 3127 673 3168 esse
685 3127 737 3168 nec
749 3113 773 3167 is
786 3117 897 3182 propter
908 3127 986 3167 suem
999 3111 1228 3168 exise’metiouem
1241 3127 1368 3168 recusere
1379 3113 1520 3182 uoluisset,
1537 3112 1612 3182 quod

172 3206 213 3262 ite
231 3207 357 3275 soluerit,
380 3221 397 3258 e
413 3217 461 3259 reo
479 3203 637 3273 petiturum.
669 3201 722 3257 hoc
739 3200 810 3256 bene
828 3200 936 3256 censuit
953 3199 1100 3256 Seeendm
1124 3215 1220 3270 purum
1239 3201 1311 3256 euim
1329 3199 1445 3260 fideliter
1463 3200 1529 3256 iecit
1545 3199 1612 3260 fide·

172 3295 263 3352 iueeor
284 3295 313 3349 iu
336 3292 475 3363 superiore
498 3307 577 3362 casu,
602 3291 677 3362 quod
699 3293 865 3360 potestatem
889 3289 1008 3344 eximere
1029 3304 1077 3345 reo
1094 3289 1204 3345 uidetur
1221 3304 1272 3345 suc
1290 3289 1348 3344 iure
1365 3290 1421 3344 uti:
1444 3295 1566 3346 ceterum
1584 3290 1612 3344 iu

138 3397 152 3442 1
173 3384 325 3454 posteriore
342 3397 409 3438 cusu
427 3397 482 3437 uon
500 3385 609 3452 oportet
625 3394 687 3436 esee
705 3379 804 3434 nonne
821 3377 983 3449 fideiussori,
1002 3379 1027 3434 si
1043 3377 1208 3451 pepercisset
1225 3375 1323 3450 pudori
1340 3393 1400 3434 sno.
1428 3379 1497 3435 Cum
1511 3378 1612 3435 meudc
1630 3383 1662 3426 Ν

172 3490 201 3543 r
212 3490 286 3558 (ω
302 3490 399 3562 ester-s)
415 3487 526 3556 Peru)

176 3651 185 3685 ¹
204 3651 336 3717 sequente
354 3662 398 3702 me
416 3645 576 3702 meudetum
595 3647 630 3713 (o.
642 3645 691 3713 t.)i
762 3646 820 3700 ⁸et
837 3646 884 3700 del
902 3645 986 3712 (Hae)

172 3789 279 3858 beem]
300 3803 362 3844 eum
380 3789 421 3844 Ρ·
479 3787 667 3857 'lpreesteuit
682 3787 813 3859 Heres)
825 3787 866 3841 P·
918 3786 985 3855 inte]
997 3784 1129 3860 sP‘ViU
1144 3785 1355 3856 crenBS(ne.):
1374 3784 1397 3840 ei
1476 3782 1559 3854 'crepe
1578 3801 1611 3838 ee

173 3861 192 3914 8
209 3859 312 3916 debeas
330 3859 423 3926 lev}
443 3859 501 3928 tue]
520 3858 608 3923 PVU,
626 3877 675 3912 om.
687 3859 723 3912 F:
746 3855 792 3911 ie'u
812 3877 865 3912 ess·
918 3857 1009 3928 rpduqr
1027 3855 1123 3927 inopie
1141 3854 1292 3912 sospesne
1310 3864 1335 3912 et
1350 3857 1375 3910 Β
1389 3855 1512 3924 inimi:
1531 3855 1611 3916 tiee-

173 3931 248 3998 cinq>
266 3931 315 3993 τοῩ
331 3931 466 4001 χρεώστογ
484 3949 535 3993 reor
552 3925 713 4000 iuepmrr'sccr
731 3928 865 3999 xpederee
919 3946 958 3982 rer
987 3927 1004 3982 ὁ
1027 3926 1161 3982 iureeceic
1188 3929 1226 3982 rel
1253 3925 1287 3980 Δι’
1309 3925 1353 3980 ere
1369 3946 1409 3982 ωκ
1437 3925 1542 3980 sicema

173 4001 254 4064 sirei
273 4003 299 4056 Β
316 4003 425 4068 (Acon.)
440 4001 446 4068 l
460 4015 557 4070 posses
569 4001 673 4065 mePr,
692 4015 736 4054 me
753 4013 866 4070 possum
919 3998 1036 4070 clupeis
1054 3997 1132 4062 siri,
1158 4013 1193 4054 ex
1209 3997 1324 4054 uolunta
1367 3997 1446 4062 ,uel
1463 4011 1499 4052 ex
1516 3996 1612 4052 uolun-

173 4087 218 4128 me
232 4075 267 4126 V·
319 4071 396 4142 teb]
409 4073 585 4142 sollerius)
606 4072 611 4138 Ι
631 4071 815 4139 etilienusPl
831 4069 867 4125 ed
919 4075 977 4125 tete
995 4071 1121 4125 exsoluta
1133 4070 1213 4124 ΡΨ·
1228 4067 1611 4139 conimeicueriusqeearete-

172 4148 249 4199 tuem
261 4143 329 4212 rem]
349 4147 500 4214 confirmant
510 4143 560 4198 RS
572 4141 652 4212 (ul.):
672 4142 694 4196 εἰ
712 4143 751 4196 sei
770 4141 803 4194 rei
817 4142 865 4195 »ω’-
919 4147 980 4266 ff
997 4143 1102 4196 lectione
1156 4141 1190 4195 19
1211 4138 1376 4210 experdierit
1398 4139 1438 4192 P·
1491 4139 1527 4192 20
1544 4137 1610 4206 doti]

173 4225 247 4270 licre
268 4213 301 4269 τὸ
322 4213 456 4268 nescires
481 4213 598 4275 proicer
622 4213 669 4267 eric
694 4211 751 4282 [eisc
776 4214 867 4268 addidi
985 4211 1070 4266 Ucum
1080 4208 1611 4281 BS(ul.):edrqruporedcstB(Aocn.):

170 4293 279 4358 propter
294 4291 492 4358 yeminuticnem
504 4283 633 4352 croesum]
648 4283 778 4346 ὡφελείας
797 4283 866 4348 reri·
920 4280 950 4335 'ee
969 4282 1059 4352 opotiri,
1079 4281 1151 4337 dctis
1168 4283 1211 4346 V·,
1229 4281 1322 4336 dotem
1331 4279 1433 4354 sP‘V‘
1485 4281 1519 4334 sl
1539 4293 1612 4334 cem·

175 4375 248 4412 oure·
304 4357 338 4410 10
361 4353 495 4424 deleget‘i'
515 4353 553 4408 Fi
607 4357 642 4410 12
659 4354 724 4424 quie
741 4353 867 4424 sequenti
920 4351 1011 4410 iestim
1030 4353 1057 4406 F
1095 4354 1130 4408 23
1149 4352 1272 4422 stipulari
1292 4351 1368 4406 leli·
1416 4352 1451 4406 24
1469 4351 1492 4405 si
1511 4369 1560 4404 cm.
1572 4349 1613 4403 P·

174 4427 305 4483 meudeto
321 4425 483 4481 libereretur
499 4425 639 4493 (liberetur
656 4425 706 4492 Ρ’)
725 4441 761 4481 ex
778 4426 867 4496 priore
920 4425 956 4482 25
979 4423 1123 4479 bernonem
1146 4425 1183 4478 F·
1239 4425 1273 4478 el
1298 4422 1414 4490 mucius]
1438 4421 1549 4476 nuntius
1572 4420 1613 4475 P·

174 4498 267 4567 muse]
286 4517 337 4552 ooo
351 4501 551 4569 aliterieysruoi
564 4495 674 4552 Graeci:
691 4495 723 4552 τὸ
742 4495 787 4568 sip
802 4515 866 4568 nep·
920 4496 956 4550 30
982 4509 1044 4549 ress
1070 4495 1108 4548 F·
1176 4495 1209 4548 31
1238 4493 1369 4562 debitam]
1395 4491 1527 4548 creditam
1554 4489 1613 4545 P'?

174 4569 338 4634 ΑκολογθοῨκ
362 4568 414 4630 iud
437 4569 486 4630 τοῨ
514 4567 638 4632 ἐΠγκτοῨ
662 4567 709 4629 uie
733 4568 866 4622 nesteron
920 4566 956 4620 32
973 4565 1053 4634 boue]
1076 4579 1147 4620 uene
1170 4565 1208 4618 F·
1265 4565 1302 4618 34
1318 4577 1407 4618 uexee
1430 4564 1477 4627 P⁰‚
1501 4561 1612 4617 nexium

173 4641 223 4696 riso
246 4641 376 4712 προτέρω
400 4638 503 4694 ercisc«
528 4637 622 4708 'eeoxrie
647 4639 696 4693 Bs
719 4637 798 4708 (ue.):
822 4639 869 4693 ssd
924 4634 958 4692 U‘
973 4637 978 4704 1
994 4637 1018 4690 si
1029 4636 1207 4706 pepercisset]
1220 4635 1466 4704 slpsepcrcissetF,
1484 4635 1507 4688 si
1519 4647 1612 4704 pereo·

174 4732 231 4766 cum
240 4713 385 4783 fideiussor
401 4714 478 4764 semei
497 4717 594 4765 tontum
617 4711 793 4774 mandauerit,
817 4727 868 4762 non
920 4707 1007 4776 pissst
1030 4707 1098 4776 Μ,
1122 4707 1145 4761 si
1167 4707 1176 4761 i
1196 4721 1227 4761 ee
1249 4706 1416 4776 pepercisset
1439 4701 1565 4766 P‘V‘OE
1589 4702 1613 4756 ei

175 4783 214 4836 die
232 4801 277 4837 nee
294 4781 420 4850 sequenti
438 4783 596 4836 commodam
610 4783 800 4850 explicationes
818 4781 867 4833 cd-
921 4778 980 4849 ipse
997 4778 1168 4848 percepisset
1207 4778 1289 4832 ‘Uiir
1312 4777 1361 4831 reio
1383 4773 1613 4856 iuuedpedrceor

174 4859 273 4916 mittat,
296 4852 406 4907 Persium
428 4853 504 4906 credo
522 4859 656 4922 scripsiesc
673 4855 805 4920 sequente
823 4865 868 4904 me
921 4848 1080 4912 eercdueuoe
1098 4849 1125 4904 B
1142 4851 1265 4917 (Acce),
1284 4848 1349 4902 elder
1368 4847 1417 4902 ricc
1435 4845 1531 4900 οἰκείας
1547 4861 1613 4904 ruo·

175 4922 335 4977 mandatum
382 4923 415 4977 14
429 4921 509 4977 denis
526 4923 654 4993 Plenus]
701 4924 735 4976 16
752 4921 780 4976 iu
792 4937 869 4975 men·
920 4921 1029 4982 Αὴψεωο
1046 4919 1168 4982 ecclesio
1187 4921 1237 4975 Rs
1249 4917 1324 4990 (ue),
1341 4926 1370 4974 ot
1387 4917 1536 4972 uocabulum
1553 4915 1613 4984 ipse

175 4992 247 5049 detis
275 4992 342 5058 ΠΡ,
365 4993 393 5048 ἱιι
410 4992 540 5049 meudeto
557 4992 606 5056 1²⁶,
629 4993 658 5047 iu
680 4992 803 5047 meudeti
825 4991 868 5055 ν’,
921 4997 1045 5062 operarent
1061 4997 1148 5046 muter
1166 4999 1290 5063 inteprm

175 5081 241 5120 meu
291 5063 435 5119 ’P‘V‘U·
487 5066 520 5119 17
540 5062 577 5131 et]
600 5067 629 5118 et
646 5064 684 5116 F·
737 5065 772 5118 18
789 5077 868 5118 exee-
