3738 5548
275 264 555 333 XHIlt-bl
948 253 1035 337 396
1252 275 1713 336 nunoouonouuuouooo

242 431 255 476 ι
276 423 348 478 aetio
366 422 505 491 competit,
524 436 579 477 non
598 418 741 475 arbitraria
759 419 839 473 actio.
868 416 1006 472 stramen
1025 421 1099 472 certo
1118 415 1177 470 loco
1195 415 1358 471 traditurum
1377 430 1407 470 se
1424 415 1486 486 quis
1503 415 1649 486 stipulatus
1667 414 1712 484 sit,

275 512 328 567 hac
345 512 452 566 actione
469 510 602 566 utendum
621 509 681 563 erit

237 595 257 654 8
327 599 500 655 Αοιιιοιιιιοο
522 596 592 654 libro
614 597 695 652 tertio
719 595 918 666 quaestionum.
957 593 1072 650 Centum
1098 592 1210 663 Capuae
1233 591 1293 647 dari
1316 592 1463 662 stipulatus
1483 591 1551 647 iide-
1587 603 1713 660 satas
1732 599 1754 656 s

274 689 407 744 iussorem
426 688 571 758 accepisti:
595 701 629 742 ea
645 685 763 756 pecunia
781 683 816 739 ab
834 699 867 738 eo
886 683 1009 738 similiter
1032 686 1064 737 ut
1086 680 1122 737 ab
1140 682 1200 751 ipso
1218 681 1382 752 promissore
1399 682 1457 753 peti
1475 668 1713 751 debebitJ—issest

275 782 313 846 nt,
332 778 356 832 ei
374 776 438 832 olibi
456 792 538 846 quam
556 775 668 845 Capuae
685 777 827 845 petantur,
854 759 998 827 abbitraria
1020 772 1067 840 agi
1090 769 1192 825 debeat
1214 770 1302 840 lisque
1326 771 1396 825 tanti
1419 770 1593 838 aestimetur,
1616 769 1747 840 quantis

274 866 334 920 eius
352 866 398 920 uel
415 865 515 920 actoris
537 863 691 919 interfuerit
713 877 774 916 eam
799 875 933 916 summam
952 859 1064 930 Capuae
1088 859 1180 929 potius
1203 873 1286 928 quam
1310 858 1375 914 alibi
1392 858 1470 914 solui.
1496 872 1549 914 noo
1565 856 1713 928 oportebit,

274 953 348 1023 quod
366 952 437 1009 forte
454 968 504 1022 per
521 967 597 1007 reum
617 951 732 1018 steterit,
750 963 805 1018 quo
823 949 912 1004 minue
924 953 984 1002 tota
995 951 1104 1003 centum
1118 947 1230 1016 capuae
1242 947 1421 1016 soluerentur,
1439 945 1633 1016 obligationem
1645 943 1714 1001 fido·

274 1043 387 1098 iussoris
405 1042 514 1111 augeri:
532 1055 621 1111 neque
640 1040 712 1094 enim
729 1038 798 1092 baec
816 1052 900 1092 causa
917 1039 992 1091 recte
1011 1035 1213 1105 comparabitur
1230 1034 1390 1105 obligationi
1407 1049 1565 1090 usurarum:
1583 1033 1621 1090 rbi
1639 1033 1713 1090 enim

274 1130 346 1185 duae
364 1129 555 1199 stipulationes
573 1133 650 1198 eunt,
673 1127 718 1182 bic
742 1131 833 1181 autem
855 1141 912 1180 una
928 1125 1062 1194 pecuniae
1086 1125 1206 1180 creditae
1229 1127 1286 1194 eat,
1311 1125 1384 1179 circa
1405 1124 1484 1179 cuius
1507 1123 1713 1179 exsecutionem

274 1219 472 1274 aestimationis
490 1218 560 1271 ratio
578 1216 688 1271 arbitrio
706 1214 804 1269 iudicis
822 1213 1008 1269 committitur.
1037 1213 1151 1282 eiusque
1174 1213 1344 1268 differentiae
1362 1210 1612 1294 manifestissimum
1631 1227 1713 1281 argu·
1734 1225 1763 1265 ιο

274 1311 396 1362 mentum
415 1321 476 1361 esse
494 1309 574 1374 puto,
598 1304 685 1374 quod,
710 1304 732 1357 si
750 1307 935 1372 postmortem
953 1299 1054 1357 iactam
1072 1318 1137 1373 pars
1155 1302 1288 1372 pecuniae
1305 1301 1396 1356 soluta
1413 1301 1450 1356 sit
1465 1305 1496 1356 et
1513 1301 1646 1370 reliquum
1664 1314 1713 1370 pe·

274 1400 360 1465 tatur,
380 1393 500 1450 officium
518 1391 615 1448 iudicis
633 1392 688 1446 tale
707 1406 768 1446 esse
786 1388 900 1460 debeat,
925 1393 956 1444 nt
975 1391 1115 1461 aestimet,
1133 1390 1229 1460 quanti
1246 1390 1347 1445 actoris
1364 1389 1472 1445 intersit
1488 1403 1550 1445 eam
1567 1388 1714 1444 dumtaxat

274 1498 410 1538 summam
428 1497 499 1552 quac
517 1484 627 1550 petetur
646 1479 758 1549 Capuae
775 1480 892 1534 solutam
911 1493 981 1533 esee.

236 1569 255 1626 9
327 1570 477 1626 Unrmrrus
495 1568 564 1624 libro
582 1567 812 1638 quadragensimo
830 1567 948 1636 septimo
965 1565 1001 1621 ed
1019 1565 1160 1622 Sabinum.
1195 1566 1231 1635 Is,
1250 1565 1298 1636 qui
1316 1567 1392 1620 certo
1409 1564 1470 1621 loco
1488 1565 1555 1622 dare
1586 1577 1712 1634 baama
1733 1575 1785 1650 ss·

272 1659 416 1729 promittit,
434 1659 508 1713 nullo
527 1658 580 1712 olio
598 1657 667 1727 loco,
686 1669 768 1724 quam
787 1656 815 1710 in
833 1671 888 1725 quo
905 1655 1037 1724 promisit,
1057 1655 1165 1710 soluere
1182 1655 1269 1709 inuito
1286 1654 1447 1724 stipulatore
1463 1659 1565 1724 potest
1735 1670 1764 1710 ιο

217 1744 256 1802 10
326 1748 446 1802 Paucos
463 1745 533 1801 libro
550 1749 649 1814 quarto
660 1745 861 1814 quaestionum.
889 1742 918 1799 Si
930 1749 995 1812 post
1006 1757 1109 1798 moram
1121 1741 1231 1812 iactam,
1250 1754 1305 1813 quo
1321 1743 1411 1798 minus
1424 1742 1537 1814 Capuae
1567 1754 1713 1811 baseno
1732 1753 1761 1807 Ρ

273 1835 433 1905 solueretur,
452 1849 514 1889 cum
533 1833 677 1888 arbitraria
694 1834 778 1887 uellet
796 1847 886 1902 agere,
905 1830 1050 1887 fideiussor
1066 1835 1199 1902 acceptus
1216 1831 1254 1887 sit
1270 1832 1330 1886 eius
1348 1831 1464 1887 sotionis
1482 1831 1600 1902 nomine,
1618 1831 1712 1888 uidea-

273 1938 348 1993 mus,
371 1938 406 1978 ne
424 1938 458 1978 ca
475 1923 604 1992 pecunia,
627 1936 700 1991 quae
718 1936 752 1976 cx
770 1921 909 1976 sententis
926 1920 1025 1976 iudicis
1049 1920 1182 1976 accerime
1204 1923 1310 1990 potest,
1332 1934 1388 1976 uon
1411 1918 1545 1975 debomm
1559 1935 1613 1976 neo
1630 1921 1668 1976 sit
1684 1920 1713 1976 in

273 2011 454 2080 obligatione,
477 2010 547 2066 adeo
570 2012 601 2064 ut
623 2025 697 2064 nunc
721 2024 830 2079 quoque
852 2013 926 2064 sorte
949 2010 1040 2065 soluta
1062 2009 1107 2064 uel
1131 2010 1155 2064 si
1173 2008 1284 2077 capuae
1306 2012 1430 2079 potatur,
1454 2007 1596 2064 arbitrium
1613 2007 1714 2066 iudicis

273 2104 377 2154 cesset:
394 2099 448 2154 nisi
466 2099 489 2154 si
508 2099 570 2168 quis
588 2098 675 2167 dicat,
695 2097 720 2153 si
735 2097 820 2153 index
838 2102 948 2152 centum
966 2101 995 2152 ot
1011 2096 1111 2166 uiginti
1128 2096 1312 2153 condemnare
1329 2095 1469 2166 debuerit,
1487 2100 1597 2152 centum
1615 2097 1714 2153 solutis
1733 2114 1764 2156 so

273 2201 309 2242 ex
327 2187 515 2256 uniuersitato,
533 2192 590 2242 tam
609 2201 645 2241 ex
662 2189 737 2241 sorte
755 2200 837 2255 quam
852 2200 887 2240 ex
898 2200 988 2255 poena
1006 2186 1125 2240 solutum
1143 2184 1240 2256 uideri,
1260 2189 1293 2241 ut
1309 2185 1430 2255 supersit
1445 2185 1544 2254 petitio
1560 2185 1621 2241 eius
1638 2185 1715 2256 quod

274 2274 384 2330 excedit
407 2277 533 2344 mrtom1,
558 2279 587 2329 et
609 2272 726 2328 accedat
746 2288 836 2343 poena
859 2289 909 2344 pro
933 2273 1030 2328 eadem
1054 2273 1216 2343 quantitate.
1243 2273 1317 2343 quod
1340 2287 1395 2328 nou
1417 2276 1486 2342 poto
1503 2273 1713 2344 admittendum,

272 2365 351 2418 tanto
369 2363 466 2433 magis,
484 2361 559 2433 quod
577 2361 696 2417 creditor
713 2361 873 2432 accipiendo
891 2361 1035 2432 pecuniam
1054 2361 1136 2418 etiam
1154 2362 1307 2417 remississe
1324 2375 1442 2432 poenam
1460 2361 1578 2418 uidetur.

1734 2531 1767 2572 u

604 2649 643 2727 it
681 2648 745 2726 DE
772 2514 1309 2727 PbooumdeNsTITUTn
1347 2649 1386 2727 lt
1733 2661 1837 2721 sess

236 2809 252 2866 l
326 2804 478 2862 Ummsoe
494 2804 564 2862 libro
582 2803 732 2860 uicensimo
750 2804 868 2875 septimo
886 2805 922 2860 ud
940 2804 1069 2860 edictum.
1099 2805 1159 2861 Hoc
1177 2803 1268 2859 edicto
1284 2807 1396 2875 praetor
1412 2802 1490 2862 fauet
1507 2820 1554 2860 ua·
1572 2799 1714 2890 Q
1735 2816 1759 2872 s

271 2893 355 2951 barali
372 2894 517 2964 aequitati:
536 2895 584 2964 qui
601 2893 751 2950 constituta
769 2907 804 2948 ex
822 2907 958 2950 consensu
975 2893 1050 2950 iacta
1067 2892 1195 2964 custodit,
1214 2894 1343 2964 quoniam
1361 2907 1447 2963 graue
1459 2897 1503 2950 est
1513 2891 1597 2950 fldem
1608 2893 1714 2951 tallere.

239 2996 253 3041 1
272 2983 321 3039 sit
338 2987 461 3054 praetor:
481 2982 541 3049 'Qui
558 2981 703 3054 pecuniam
721 2980 842 3037 debitam
860 2981 1018 3038 construit.
1046 2981 1108 3053 'qui'
1127 2983 1167 3038 sic
1185 2981 1375 3052 accipiendum
1392 2987 1436 3038 est
1453 2981 1583 3054 'qnaeuo',
1600 2999 1666 3039 nam
1683 2989 1715 3039 ot

239 3085 255 3129 a
272 3071 400 3128 mulieres
418 3070 453 3126 de
471 3072 621 3127 constituto
637 3075 780 3140 tenentur,
802 3071 825 3125 si
843 3085 898 3126 non
915 3071 1127 3126 intercesserint
1163 3071 1207 3126 De
1223 3070 1327 3142 pupillo
1345 3071 1397 3126 etsi
1414 3070 1481 3126 nihil
1498 3070 1534 3126 sit
1551 3085 1714 3142 expressum

238 3173 253 3218 t
273 3159 378 3228 edicto,
401 3161 524 3214 abaram
541 3159 601 3214 siue
619 3159 718 3215 tutoris
736 3159 900 3214 auctoritato
918 3159 1109 3216 constituendo
1132 3173 1187 3216 uon
1203 3159 1354 3229 obligatur.
1390 3157 1447 3214 Sed
1464 3158 1488 3215 si
1504 3158 1577 3215 filius
1593 3159 1715 3218 familias
1735 3174 1769 3215 so

272 3248 458 3317 constituerit,
486 3261 522 3302 an
543 3251 685 3318 teneatur,
710 3247 865 3317 quaeritur:
890 3247 940 3303 sed
961 3251 1029 3318 puto
1051 3263 1149 3304 uerum
1172 3251 1202 3304 et
1223 3248 1314 3318 ipsum
1337 3248 1550 3303 contuentem
1572 3249 1661 3304 tenmi
1683 3253 1716 3305 st

238 3349 255 3400 ο
272 3339 379 3406 patrem
398 3335 434 3390 do
450 3335 567 3405 peculio.
594 3337 675 3406 Eum,
694 3337 742 3406 qni
759 3336 891 3392 inutiliter
908 3337 1054 3407 stipulatus
1073 3341 1125 3407 eet,
1143 3351 1205 3392 com
1224 3335 1348 3406 stipulml
1364 3335 1491 3407 uoluerit,
1510 3349 1564 3392 non
1581 3337 1716 3394 comdtui

272 3423 333 3495 sibi,
352 3423 499 3480 dicendum
518 3429 562 3479 ost
579 3424 615 3479 de
633 3425 784 3479 constituta
801 3423 918 3495 experiri
935 3439 991 3479 non
1007 3438 1099 3494 posse,
1117 3425 1246 3494 quoniam
1263 3439 1319 3480 non
1336 3424 1428 3480 animo
1444 3425 1644 3496 constituentis,
1661 3425 1715 3482 sed

238 3525 253 3573 t
271 3513 456 3583 promittentis
478 3509 582 3566 iactum
605 3511 650 3566 eit.
683 3511 729 3568 An
752 3517 846 3583 potest
868 3511 942 3568 aliud
960 3512 1090 3568 mastitui
1116 3527 1199 3582 quam
1222 3511 1296 3582 qnod
1324 3511 1455 3583 debetur,
1482 3513 1637 3583 quaesitum
1659 3517 1714 3570 est.

271 3601 322 3656 sed
339 3616 402 3656 cum
421 3601 476 3654 iam
492 3601 584 3670 placet
600 3615 658 3655 rem
676 3615 727 3671 pro
744 3615 774 3655 re
792 3601 862 3656 solui
879 3615 976 3671 posse,
1000 3600 1068 3656 nibil
1089 3599 1216 3670 prohibet
1239 3605 1269 3656 et
1289 3600 1364 3656 aliud
1387 3616 1438 3671 pro
1455 3599 1549 3657 debito
1566 3603 1714 3658 constitui:
1735 3615 1771 3658 ss

271 3689 390 3758 denique
408 3688 432 3744 ei
450 3688 512 3759 quie
530 3692 640 3743 centum
659 3687 764 3744 debens
780 3686 947 3744 frumentum
970 3689 1094 3744 eiusdem
1116 3689 1197 3760 pretii
1220 3689 1381 3759 constituat,
1404 3693 1472 3760 puto
1495 3689 1587 3745 ualere
1610 3691 1714 3747 consti·

238 3791 254 3838 e
271 3781 370 3832 tutum.
398 3773 530 3832 Debitum
549 3779 641 3831 autem
654 3791 690 3832 en
701 3791 874 3847 quacumque
886 3792 971 3832 causa
982 3781 1075 3847 potest
1086 3777 1223 3848 constitui,
1242 3777 1271 3832 id
1282 3781 1326 3832 est
1337 3791 1372 3832 ex
1384 3791 1557 3849 quocumque
1568 3783 1715 3835 contractu

271 3865 331 3922 siue
349 3863 417 3920 certi
434 3863 494 3920 siue
512 3865 617 3935 incerti,
636 3869 666 3920 ot
682 3865 706 3920 si
724 3880 759 3920 ex
777 3880 862 3920 causa
879 3865 1025 3936 emptionis
1048 3866 1109 3935 quie
1131 3866 1249 3937 pretium
1268 3864 1370 3921 debeat
1380 3867 1425 3921 eol
1436 3880 1473 3921 ex
1484 3880 1569 3921 causa
1580 3865 1655 3923 dotis
1666 3869 1715 3924 uel

207 3966 221 4013 7
238 3967 254 4014 o
271 3968 307 4010 er
319 3967 405 4008 musa
421 3953 525 4009 tutelae
543 3952 588 4009 nel
606 3967 642 4009 ex
659 3967 833 4023 quocumque
851 3954 905 4010 alio
922 3957 1073 4010 contractu.
1100 3953 1231 4009 Debitum
1244 3957 1336 4010 autom
1347 3954 1394 4010 uel
1405 3957 1505 4010 natura
1517 3953 1627 4010 suffieit.
1655 3953 1716 4012 Sed

271 4046 300 4097 et
311 4041 344 4112 is,
363 4041 410 4111 qui
428 4040 572 4097 honoraria
590 4040 705 4112 actione,
724 4056 780 4097 non
791 4041 851 4097 iure
862 4041 936 4097 ciuili
948 4040 1086 4112 obligatus
1101 4047 1151 4112 cet,
1170 4040 1360 4098 constituendo
1375 4046 1497 4097 tenetur:
1516 4041 1627 4098 uidetur
1638 4043 1714 4100 enim
1739 4057 1776 4098 so

272 4129 396 4186 debitum
414 4133 443 4184 et
460 4129 534 4200 quod
551 4129 611 4184 iore
627 4128 772 4185 honorario
790 4128 914 4185 debetur.
941 4134 971 4185 et
987 4129 1051 4186 idco
1069 4135 1098 4186 et
1114 4135 1194 4201 pater
1210 4136 1240 4186 et
1251 4130 1377 4187 dominus
1391 4129 1426 4186 de
1441 4131 1549 4202 peculio
1562 4128 1572 4202 ll
1586 4128 1716 4186 obstricti
1736 4139 1837 4191 taos·

271 4219 296 4274 si
313 4218 512 4288 comtituermt,
530 4217 697 4274 tenebuntur
714 4233 802 4288 nsque
821 4217 858 4273 ad
874 4233 935 4273 eam
954 4218 1143 4290 quantitatem,
1161 4233 1232 4290 quae
1249 4224 1317 4274 tunc
1332 4217 1385 4274 init
1396 4219 1425 4274 in
1436 4219 1552 4290 peculio,
1570 4234 1635 4274 cum
1647 4233 1714 4276 cou-

272 4305 450 4360 stituebatur:
469 4310 590 4361 ceterum
608 4307 632 4360 si
650 4306 712 4377 plus
730 4321 781 4362 suo
798 4306 908 4363 nomine
926 4307 1077 4378 constituit,
1095 4321 1150 4362 non
1167 4305 1306 4363 tenebitur
1322 4305 1352 4362 in
1368 4305 1396 4363 ld
1415 4307 1489 4378 quod
1507 4307 1568 4378 plus
1586 4311 1640 4362 ost

270 4401 459 4472 F[P(VLU)]

272 4536 281 4570 ¹
300 4533 411 4602 sortem}
431 4548 467 4588 ex
484 4533 577 4589 sorte?

272 4659 287 4712 1
305 4655 521 4726 traditommlF,
540 4655 771 4712 contradicturum
789 4657 830 4713 P·
843 4660 904 4724 (non
916 4660 962 4728 F),
1016 4661 1050 4715 27
1068 4660 1207 4729 aequitate
1225 4661 1251 4714 F
1296 4660 1332 4714 28
1349 4659 1494 4729 pecuniam
1513 4657 1644 4730 debitam}
1663 4674 1717 4730 po-

270 4732 474 4784 coutracmrum
518 4727 559 4791 θ’,
600 4726 788 4784 condicturum
831 4728 963 4784 1²⁴ch
1016 4731 1124 4785 cuniam
1142 4731 1217 4795 P·V,
1235 4730 1356 4786 debitam
1374 4731 1519 4801 pecuniam
1541 4730 1566 4785 U
1617 4731 1653 4784 29
1670 4736 1716 4786 te-

270 4799 404 4868 bquantil
418 4798 570 4868 qnauatiP
607 4799 756 4854 tauctoris
770 4799 846 4854 ΡΠ·
885 4801 964 4870 iper
1016 4807 1096 4856 uetur
1108 4801 1149 4855 P·
1193 4803 1228 4856 36
1246 4806 1356 4856 centum
1374 4801 1527 4868 om.P⁶Vl
1541 4799 1657 4872 pr'a'ets'i
1672 4801 1718 4856 Ρ

269 4876 365 4924 meum
383 4868 420 4924 Γ*
470 4870 488 4924 8
506 4869 709 4938 comparauitur
726 4871 753 4922 F
801 4873 835 4925 12
853 4872 964 4941 quantis
1015 4873 1050 4927 37
1069 4886 1154 4927 causa
1171 4892 1220 4926 σοι.
1234 4874 1273 4926 Ρ·
1316 4873 1352 4927 38
1369 4871 1443 4942 etsi]
1462 4887 1496 4927 ex
1509 4872 1585 4927 si'P·
1629 4871 1667 4927 40
1683 4878 1719 4928 st

221 4981 228 4994 .
270 4941 357 4996 actori
368 4940 416 5005 P·,
431 4945 565 5010 quantum
577 4939 719 4994 actorisU
752 4943 786 4996 13
798 4942 963 5012 capuamP·
1016 4961 1065 4996 ora.
1077 4941 1156 4996 FU·
1207 4944 1243 4998 42
1265 4941 1537 4999 constitueba'm⁴'trm
1559 4943 1589 5010 (u
1608 4943 1669 4997 odd
1688 4951 1720 4998 st

271 5011 306 5065 18
323 5017 413 5081 quire
425 5012 463 5064 P
507 5012 541 5066 19
555 5009 750 5080 obligationem
763 5012 816 5067 PU
828 5015 833 5081 ι
847 5012 910 5068 ideo
923 5013 964 5067 Ρ·
1016 5031 1106 5068 roseos
1124 5015 1242 5081 minem)
1258 5013 1297 5067 Ρ
