3782 5544
151 276 378 336 cannenses
826 263 914 344 463
1328 271 1414 344 ,XVI
1436 275 1452 340 1
1476 279 1591 334 se-ne

150 425 267 494 spondit
281 425 321 480 ita
336 425 450 480 demum
467 423 622 480 fideiussori
640 425 830 494 exceptionem
847 425 975 496 dandam,
993 427 1018 482 ai
1035 443 1053 482 a
1069 422 1183 482 muliere
1195 431 1307 496 rogabis
1319 425 1443 483 inisset1.
1469 428 1592 484 Iulianus

151 519 248 570 anwrn
265 519 339 570 recte
355 518 437 584 putat
453 513 609 572 lmiussoss
625 515 815 582 exceptionem
834 514 961 584 dandam,
979 516 1086 570 etiamsi
1105 516 1228 570 mandati
1239 517 1374 570 actionem
1388 515 1521 570 aduersus
1531 531 1591 570 mu·

150 603 248 658 liorem
266 618 320 658 non
337 603 430 672 babet,
448 604 513 674 qnia
528 606 616 658 totam
634 601 829 672 obligationem
848 611 961 658 senatus
978 603 1116 674 improbat
1133 609 1163 660 et
1180 620 1197 658 a
1213 609 1340 674 praetore
1354 604 1507 660 restituitur
1517 605 1592 673 prior

149 689 262 746 debitor
278 692 414 747 creditori.
1610 707 1625 746 a

96 783 131 839 17
203 779 380 835 Amoenus
396 779 466 836 libro
484 784 583 848 quarto
599 779 800 848 quaestionum.
829 779 876 836 Uir
892 781 971 835 uxori
990 781 1145 836 donationis
1162 795 1247 836 cauea
1258 795 1315 834 rem
1328 780 1415 836 uiliori
1433 775 1590 864 [BTs‘ostTe
1623 789 1644 842 S

148 869 242 938 pretio
260 868 404 924 addixerat
422 873 450 924 et
467 869 495 922 in
513 868 542 923 id
560 869 677 938 pretium
696 869 824 923 creditori
841 883 892 924 auo
911 869 1096 937 delegauerct.
1126 869 1269 938 respondit
1285 856 1590 924 uenditionem—nullius

149 957 284 1011 momenti
303 973 366 1014 esse
382 961 419 1027 et,
437 957 461 1012 si
480 957 598 1012 creditor
615 957 759 1025 pecuniam
778 972 795 1010 a
812 958 925 1012 muliere
937 961 1051 1027 peteret,
1070 957 1258 1026 exceptionem
1271 957 1364 1012 utilem
1378 955 1445 1026 iore,
1463 959 1589 1026 quamuis

148 1044 272 1100 creditor
294 1046 492 1100 existimauerit
514 1045 655 1099 mulierem
677 1043 836 1100 debitricem
855 1047 945 1100 mariti
963 1045 1062 1101 fuisse:
1086 1061 1137 1100 noc
1154 1045 1183 1100 id
1201 1047 1365 1100 conbarium
1384 1047 1471 1100 uideri
1488 1045 1590 1100 debere

149 1135 183 1204 ei,
202 1134 280 1203 qnod
297 1135 414 1206 placeat,
432 1133 584 1203 siquando
601 1134 630 1188 in
648 1133 700 1188 hoc
718 1135 815 1188 mulier
833 1139 1025 1202 mutuatam,
1045 1139 1076 1189 ut
1092 1135 1190 1189 madto
1202 1133 1334 1202 crederet,
1352 1149 1407 1189 non
1419 1133 1589 1189 obstaturam

148 1220 355 1293 exceptionem,
380 1223 404 1277 si
422 1223 540 1278 creditor
556 1223 724 1290 ignorauerit
741 1223 769 1277 ln
787 1237 868 1291 quam
887 1237 998 1278 oensem
1019 1223 1114 1278 mulier
1132 1227 1314 1291 mutuaretur,
1331 1223 1460 1291 quoniam
1478 1223 1590 1292 quidem
1610 1238 1639 1278 nc

147 1313 298 1382 plurimum
316 1311 432 1382 intersit,
451 1316 541 1366 nuum
560 1327 622 1365 cum
641 1311 755 1366 muliero
771 1312 832 1380 quis
850 1311 886 1366 ab
904 1311 981 1368 initio
1000 1311 1143 1366 contrahat
1160 1325 1195 1365 an
1214 1311 1330 1366 alienam
1348 1310 1543 1378 obligationem
1560 1312 1589 1366 in

116 1410 128 1454 1
148 1415 212 1456 eam
231 1398 392 1454 tramlerat:
411 1405 478 1454 tirno
495 1399 568 1454 enim
586 1399 786 1468 diligentiorem
805 1414 867 1454 esse
885 1399 993 1454 debere.
1022 1397 1052 1454 st
1070 1399 1166 1454 mulier
1183 1399 1300 1453 dixisset
1317 1399 1369 1454 sibi
1386 1415 1443 1454 rem
1456 1399 1529 1456 dotis
1542 1415 1589 1454 no·

148 1489 225 1544 mine
249 1488 398 1558 obligatam
423 1492 452 1542 et
473 1487 592 1542 creditor
609 1493 733 1543 curasset
750 1489 776 1543 el
793 1489 937 1558 pecuniam
957 1488 1030 1544 dotis
1048 1488 1130 1558 solui,
1152 1487 1217 1556 qui¹
1235 1487 1308 1542 idem
1326 1489 1426 1557 pignus
1446 1489 1590 1558 acciperet,

149 1577 259 1632 mulieri
277 1577 359 1631 etiam
378 1577 494 1646 pecunia
512 1575 616 1630 credita
634 1575 793 1632 deberetur:
812 1578 834 1632 si
853 1591 997 1648 possessor
1014 1575 1129 1630 creditor
1144 1575 1277 1630 aduersus
1289 1591 1350 1630 eam
1363 1575 1495 1630 Seruiana
1507 1591 1590 1644 agen·

149 1670 207 1720 tem
226 1665 367 1734 exciperet
385 1665 416 1719 'si
433 1679 488 1720 non
507 1665 648 1720 uoluntate
666 1666 726 1720 eins
738 1667 839 1736 pignus
853 1665 948 1719 datum
960 1661 1050 1734 esset',
1069 1663 1273 1732 replicationem
1285 1665 1391 1720 mulieri
1403 1669 1515 1720 acuatur
1527 1679 1590 1720 con·
1610 1680 1638 1722 sa

117 1765 130 1808 a
150 1755 217 1809 stulti
236 1769 292 1810 non
308 1751 489 1823 profuturam,
508 1754 560 1808 uisi
579 1755 698 1810 creditor
716 1756 814 1810 scisset
831 1754 914 1808 etiam
927 1753 1007 1808 aliam
1020 1754 1163 1821 pecuniam
1177 1753 1203 1807 ei
1214 1751 1316 1807 deberi.
1344 1753 1440 1808 llulier
1452 1759 1480 1807 et
1492 1752 1590 1822 litias,

149 1859 214 1898 cum
234 1844 262 1898 in
281 1857 338 1896 reru
357 1856 529 1896 communem
548 1846 745 1912 mutuarentur,
765 1843 887 1898 eiusdem
906 1841 1039 1912 pecuniae
1057 1841 1096 1895 rel
1115 1839 1181 1895 facti
1199 1847 1276 1896 eunt:
1295 1856 1349 1896 non
1364 1839 1520 1896 omnimodo
1533 1855 1590 1894 mu·

148 1932 246 1986 liorem
264 1946 314 2000 pro
332 1935 411 2000 parte
429 1931 497 1986 sccii
515 1931 602 1986 uideri
620 1932 809 1986 intercessisse
827 1929 945 1985 dicebat.
974 1945 1036 1983 nam
1057 1929 1080 1984 si
1099 1928 1135 1984 ob
1153 1943 1213 1984 saun
1229 1945 1340 1984 causam
1354 1931 1470 1984 mutuati
1482 1927 1591 1998 faedat,

148 2035 184 2075 ex
202 2035 273 2090 qua,
298 2020 322 2074 si
340 2019 459 2073 creditor
475 2019 622 2088 pecuniam
640 2035 695 2075 non
713 2020 849 2088 dedisset,
874 2019 963 2074 maius
981 2016 1111 2073 damnum
1130 2018 1227 2073 mulier
1244 2033 1361 2087 passura
1377 2015 1481 2087 fuerat,
1504 2019 1591 2073 ueluti

148 2107 226 2178 qnod
249 2108 402 2162 communis
424 2107 515 2162 insula
536 2106 606 2163 l'ulta
627 2123 682 2163 non
699 2113 774 2164 esset
790 2109 835 2162 uel
853 2107 928 2177 quod
945 2105 1047 2162 fundus
1065 2107 1217 2162 communis
1235 2107 1263 2160 in
1280 2105 1419 2176 publicum
1438 2107 1589 2161 committe
1609 2123 1637 2162 ao

148 2203 239 2266 retur,
261 2196 354 2266 potius
376 2211 450 2266 esse,
473 2201 506 2250 ut
523 2202 636 2252 senatus
653 2197 778 2252 consulto
795 2197 872 2252 locus
890 2195 1006 2251 nonsit
1039 2199 1069 2250 at
1086 2195 1110 2250 si
1126 2195 1155 2250 in
1172 2195 1290 2264 aliquam
1308 2195 1472 2264 emptionem
1492 2200 1590 2251 mutua

148 2286 269 2355 pecunia
286 2285 324 2340 sit
341 2287 463 2355 accepta,
482 2289 548 2340 tunc
565 2301 615 2355 pro
632 2291 711 2356 parte
730 2285 952 2341 intercessionem
971 2282 1071 2338 iactam
1090 2283 1177 2338 uideri
1193 2283 1294 2339 acideo
1307 2283 1468 2338 creditorem
1480 2290 1588 2355 partem

148 2372 296 2428 dumtaxat
317 2373 450 2442 pecuniae
473 2388 491 2428 a
514 2374 626 2430 muscia
647 2378 741 2444 petere
758 2389 854 2444 posse:
877 2373 952 2442 quod
970 2372 994 2426 si
1011 2377 1101 2426 totum
1118 2373 1240 2442 petierit,
1265 2371 1425 2442 exceptione
1442 2387 1492 2442 pro
1509 2377 1589 2442 parte

149 2467 348 2516 summouetur.
1608 2477 1638 2518 aa

98 2551 133 2610 18
201 2551 325 2605 Psmss
346 2547 415 2605 libro
438 2553 538 2604 octauo
562 2547 598 2604 ad
616 2549 761 2606 Plautium.
797 2549 873 2604 idem
898 2553 927 2604 et
947 2549 971 2603 sl
989 2563 1039 2618 pro
1057 2547 1180 2604 debitore
1199 2563 1260 2604 meo
1278 2548 1367 2603 Titius
1385 2553 1415 2604 et
1432 2544 1589 2634 [ejsjffc
1608 2559 1650 2614 *E

35 2639 37 2644 '
150 2639 249 2694 mulier
267 2638 322 2693 duo
340 2639 380 2693 rei
397 2638 610 2694 intercesserint.

98 2731 132 2788 19
202 2726 378 2782 Armosuus
395 2725 464 2782 libro
482 2731 579 2795 quarto
597 2725 796 2794 quaestionum.
826 2725 913 2780 lutor
930 2725 1025 2795 popili
1043 2725 1201 2780 decesserat
1218 2723 1319 2779 herede
1337 2723 1413 2780 insti-
1433 2721 1589 2808 [edessio
1621 2737 1642 2790 s

150 2818 212 2869 tuto
231 2815 318 2868 Titio:
337 2829 400 2868 cnm
419 2813 454 2868 de
472 2813 599 2869 adeunda
616 2815 768 2870 hereditate
787 2813 933 2884 dubitaret,
952 2814 1080 2884 quoniam
1099 2813 1170 2868 male
1188 2817 1267 2882 gesta
1278 2813 1366 2866 tutela
1378 2803 1588 2886 existimaretur}

150 2901 334 2972 persuadente
352 2907 439 2957 matre
457 2903 565 2973 pupilli,
587 2908 619 2958 ut
635 2918 686 2958 suo
703 2903 824 2972 periculo
842 2901 943 2973 adiret,
962 2903 1031 2958 adiit
1047 2901 1250 2972 stipulatusque
1268 2900 1303 2955 de
1321 2915 1355 2955 ea
1373 2907 1415 2956 eat
1433 2901 1587 2958 indemnem

151 3007 180 3046 se
205 3007 240 3046 eo
265 2992 374 3045 nomine
396 2991 539 3060 praestari.
574 2991 597 3045 si
621 3007 655 3046 ex
673 3007 707 3046 ca
725 3006 809 3046 causa
827 2991 918 3045 Titius
935 2991 1038 3061 pupillo
1057 2990 1159 3060 aliquid
1176 2989 1358 3060 praestitisset
1376 2989 1453 3059 isque
1473 2996 1588 3046 matrem
1607 3007 1636 3046 ac

151 3079 319 3149 conueniret,
338 3080 452 3149 negauit
469 3080 622 3152 exceptioni
639 3083 752 3134 senatus
771 3079 886 3134 consulti
903 3079 993 3134 locum
1012 3093 1082 3148 csse,
1100 3077 1210 3148 quando
1228 3077 1277 3131 uix
1294 3078 1337 3147 sit,
1356 3082 1388 3132 ut
1405 3079 1496 3148 aliqua
1515 3079 1587 3150 apud

122 3183 131 3226 t
151 3168 269 3223 eundem
287 3182 338 3237 pro
356 3182 391 3223 eo
408 3169 468 3238 ipso
486 3169 673 3222 intercessisse
691 3167 813 3236 intellegi
830 3167 926 3237 possit
954 3167 1012 3222 Nec
1029 3167 1187 3222 dissimilem
1203 3165 1266 3220 huic
1277 3167 1455 3235 propositioni
1468 3181 1500 3222 ex
1515 3166 1588 3223 iacto

151 3259 294 3326 agitatam.
328 3271 389 3310 cum
408 3255 519 3326 quidam
538 3257 581 3310 uir
596 3256 749 3326 praetorius
767 3255 933 3310 decessisset
949 3254 1057 3310 duobus
1074 3255 1136 3309 liliis
1154 3254 1361 3324 superstitibus,
1386 3269 1500 3324 quorum
1520 3257 1589 3310 alter

61 3381 62 3388 κ
150 3345 278 3416 impubes
296 3351 370 3400 esset
388 3351 417 3400 et
435 3346 503 3400 alter
514 3344 653 3414 legitimus
664 3349 739 3399 tutor
750 3343 827 3399 fratri
840 3345 931 3398 esset·
943 3349 1045 3400 etcum
1058 3349 1173 3412 paterna
1184 3342 1335 3398 hereditate
1347 3342 1485 3398 abstinere
1497 3345 1587 3413 uellet,

151 3435 284 3490 mandatu
301 3433 394 3488 uxoris
412 3431 547 3502 defuncti,
570 3449 640 3503 qnae
658 3438 747 3488 mater
769 3433 872 3502 pupillo
893 3438 981 3502 esset,
1005 3433 1131 3488 abstento
1149 3432 1252 3502 pupillo
1271 3432 1358 3486 solum
1377 3433 1425 3486 se‘
1443 3431 1588 3486 hereditati
1607 3449 1635 3489 aa

151 3523 307 3578 mmcnbse:
327 3521 373 3576 ubi
392 3522 514 3576 similiter
532 3537 563 3576 se
580 3521 756 3591 respondisse
773 3522 895 3576 Iulianum
913 3522 959 3591 ait,
978 3523 1002 3576 si
1020 3535 1055 3576 ex
1072 3537 1107 3576 ea
1124 3535 1209 3576 causa
1226 3523 1326 3588 agema
1342 3519 1445 3590 pupillo
1458 3519 1587 3574 damnum

151 3625 184 3666 ec
203 3611 314 3666 nomine
331 3626 431 3680 meua
448 3614 531 3680 esset,
550 3625 605 3666 non
622 3609 748 3681 impediri
766 3625 829 3665 eum
847 3613 961 3666 sanabis
978 3610 1112 3680 consulto,
1130 3623 1185 3679 quo
1203 3609 1293 3664 minus
1308 3609 1450 3664 amuliere
1462 3623 1519 3662 rem
1532 3621 1588 3663 aer·

151 3716 316 3788 FlP(VU)]

152 3875 431 3942 ²tideiussisset(=
448 3862 672 3944 fisbsetcdcttss
747 3875 959 3946 ¹qnintusss
1034 3874 1272 3946 ⁸csssc1ctsss
1347 3875 1530 3946 *conjurarant
1548 3873 1590 3928 Β.·

152 3947 280 4003 abstento
299 3961 329 4002 eo
346 3947 479 4018 pupillum
497 3947 605 4002 solum?
670 3959 673 3968 ·

153 4105 168 4160 1
188 4103 366 4158 siamuliere
430 4106 448 4159 2
459 4103 577 4160 dandam
590 4124 638 4160 cm.
652 4105 733 4169 Μ’,
745 4105 795 4176 des.
804 4105 844 4159 P·
896 4103 967 4174 perit
976 4103 1011 4155 V‘
1026 4103 1031 4172 Ι
1047 4103 1156 4174 ereptio
1166 4103 1213 4168 P2,
1223 4103 1412 4173 exceptionem
1426 4103 1453 4158 U
1472 4103 1589 4160 ibidem

153 4173 297 4230 irect‘a'e
315 4176 351 4228 F¹
406 4176 604 4231 brcm'a'nil.
624 4177 663 4228 F’
716 4173 843 4244 6pr'a'e·
897 4179 925 4229 ct
948 4175 982 4244 si]
1006 4175 1117 4229 From
1138 4174 1303 4240 iiidcccl:
1326 4174 1359 4228 rb
1382 4173 1447 4235 eir'o
1470 4176 1508 4228 sai
1535 4175 1587 4239 ὅτε,

152 4247 192 4300 tio
209 4244 421 4369 Pssddimm
434 4247 480 4310 1³⁴,
499 4247 635 4302 addiderit
651 4247 686 4300 V·
701 4247 706 4313 l
722 4246 844 4300 uenditio
896 4245 970 4300 idem
994 4251 1037 4298 est
1061 4245 1085 4299 si
1112 4243 1231 4298 F'PVU
1288 4247 1322 4299 26
1349 4246 1522 4300 intercessint
1549 4246 1591 4300 P·

152 4317 234 4372 nullis
337 4315 485 4372 8iuisse‘t'
502 4317 540 4369 F*
585 4315 789 4372 9mutua'm'ta
806 4317 845 4369 F'
897 4317 931 4371 si
958 4331 997 4384 pu
1019 4315 1074 4370 illi¹
1101 4316 1139 4367 Γ·
1163 4317 1167 4382 Ι
1191 4314 1342 4371 institut'i'o
1373 4317 1413 4370 F’
1489 4317 1524 4370 28
1554 4317 1590 4371 de

154 4389 188 4442 10
204 4386 350 4456 ignoderat
366 4388 410 4454 ΡΙ
431 4403 487 4458 qua
503 4403 588 4442 causa
605 4389 648 4455 ΡΙ
665 4388 843 4456 mutuaretur]
898 4387 989 4444 moun
1008 4387 1034 4456 a]
1060 4385 1096 4440 ad
1119 4385 1235 4441 eundem
1254 4387 1292 4440 Pa
1313 4388 1318 4454 Ι
1339 4387 1533 4442 hereditate'm'
1551 4389 1590 4441 Ρ*

153 4457 360 4514 obmutueretur
370 4459 443 4514 ΡΨ
490 4461 524 4513 13
542 4458 672 4528 quiidem
686 4459 844 4527 pignusac-
897 4459 933 4513 29
961 4458 1108 4526 stipulatus
1140 4454 1226 4526 qu‘a'e
1260 4458 1298 4510 F²
1327 4459 1331 4525 Ι
1361 4459 1403 4526 ea]
1436 4473 1471 4513 ea
1505 4473 1590 4513 causa

153 4529 844 4600 ciperet(accipeP·)]tmulmntmleptssedrasci,
897 4529 996 4595 PVUt
1011 4528 1185 4584 indemnem
1198 4528 1236 4580 Γ)
1277 4529 1385 4584 30ticis
1398 4530 1438 4583 P·
1478 4530 1589 4584 dicon·

152 4619 212 4654 uam
231 4601 270 4655 ssi
332 4601 406 4655 λὰοω
424 4600 456 4655 τὸ
473 4599 597 4671 ἒκὲχγροκ
617 4601 643 4654 Β
661 4600 785 4665 (Aeonis
802 4609 843 4654 as·-
898 4600 991 4654 uenire
1009 4600 1055 4658 P‘.
1074 4599 1248 4654 conuenisset
1270 4599 1313 4666 Vl
1329 4599 1477 4656 excertioni
1496 4601 1524 4665 l}
1542 4615 1589 4656 cx·

153 4672 228 4724 detur
235 4675 324 4744 siccae
341 4672 406 4742 quin
423 4671 497 4726 idem
514 4688 542 4740 p.
555 4687 581 4726 a
636 4671 670 4725 14
688 4669 807 4725 creditor
824 4671 851 4724 F
898 4671 1015 4740 optionis
1034 4671 1120 4736 P·Vl
1136 4671 1373 4725 senatusconsulto
1391 4671 1446 4726 PV
1458 4674 1463 4738 Ι
1477 4671 1526 4724 uix
1542 4670 1588 4738 sit]

154 4743 188 4796 15
205 4741 383 4811 replicatione
400 4743 440 4796 Ρ·
494 4743 528 4797 16
552 4742 644 4810 etiam]
666 4747 695 4795 et
711 4745 787 4796 tuam
806 4742 847 4794 P·
899 4741 968 4796 uixit
990 4741 1037 4804 P·,
1060 4741 1141 4794 uissit
1162 4740 1196 4794 Π·
1249 4741 1284 4795 33
1309 4741 1423 4796 alterum
1446 4741 1534 4810 pubes
1552 4741 1589 4794 gu

154 4813 187 4867 17
212 4827 384 4867 communem
408 4832 456 4866 cm.
469 4813 574 4868 P·VU·
595 4814 600 4880 Ι
621 4811 762 4866 οἰιιοᾱοίιι4
780 4813 844 4880 F’!
899 4813 934 4867 34
952 4816 981 4866 et
999 4811 1075 4880 alter]
1096 4812 1164 4866 alter
1182 4825 1247 4868 uero
1270 4812 1301 4876 V,
1320 4813 1370 4882 def.
1383 4813 1423 4866 P·
1444 4815 1448 4878 Ι
1469 4813 1498 4866 ct
1516 4810 1588 4880 eum]

153 4883 301 4939 omninodo
313 4885 350 4938 F·
394 4886 430 4938 so
447 4897 609 4938 commanus
621 4884 658 4937 Ρ
675 4887 680 4949 Ι
696 4883 844 4952 publicum]
897 4889 931 4937 nt
947 4898 1009 4938 eum
1029 4883 1070 4936 Ρ·
1131 4882 1166 4937 35
1187 4882 1316 4938 mandato
1335 4882 1423 4950 F¹Ul
1445 4889 1534 4950 quae
1551 4881 1591 4933 F’

153 4954 289 5022 publicem
302 4956 347 5018 Ρ,
366 4954 474 5024 publice
487 4956 528 5009 P⁶
572 4956 605 5008 21
622 4955 794 5024 potius]poti
807 4955 846 5008 P·
899 4955 933 5009 36
966 4953 1122 5008 miscuisset
1152 4953 1215 5018 VU,
1247 4951 1298 5026 des.
1324 4953 1364 5006 P·
1392 4954 1398 5020 Ι
1427 4953 1461 5022 si]
1491 4965 1522 5008 se
1553 4951 1590 5006 Ρ

154 5027 188 5080 32
206 5026 325 5082 creditor
337 5026 377 5081 P·
429 5028 464 5082 23
481 5025 599 5096 petierat
610 5027 656 5090 ΕΙ,
674 5027 786 5096 perierit
797 5025 845 5090 1³⁰,
899 5025 932 5080 31
952 5025 1062 5080 nomine
1080 5042 1128 5078 om.
1142 5025 1180 5077 F·
