3766 5554
256 233 400 300 xiima
423 240 536 294 10—17
934 225 1021 305 672
1541 249 1588 295 ns
1611 249 1696 296 ruas

255 391 387 447 tionem¹z
411 405 506 444 uerum
525 389 549 443 si
567 389 606 442 ita
622 386 705 442 fuerit
724 388 859 442 adiectum
878 385 977 440 'utrum
996 387 1109 440 maritus
1128 384 1211 456 uelit’,
1229 386 1315 455 ipsius
1333 385 1386 441 crit
1398 385 1503 440 electio.
1531 389 1581 440 ant
1592 385 1617 439 si
1629 384 1696 440 mbil

256 480 291 533 dc
309 479 442 533 electione
461 477 602 546 adiciatur,
626 477 786 531 electionem
805 473 918 530 habebit
935 475 1057 542 maritus,
1077 480 1167 530 utrum
1187 477 1264 529 malit
1281 489 1324 529 res
1343 474 1441 528 offerre
1460 489 1494 528 an
1511 474 1631 542 pretium
1651 489 1696 528 aa

256 583 329 622 rum:
348 582 410 621 nam
430 572 537 621 etcum
556 567 603 620 illa
621 569 669 620 aut
687 565 733 619 illa
751 580 794 619 res
813 564 992 632 promittitur,
1017 565 1056 618 rei
1075 565 1171 618 electio
1191 569 1246 633 est,
1271 568 1358 617 utram
1377 567 1508 633 praestet„
1540 561 1591 616 sed
1609 563 1634 616 si
1651 577 1696 616 res

256 671 310 710 non
328 661 426 724 exstet,
446 655 663 709 aestimationem
683 653 838 708 omnimodo
857 651 970 706 maritus
990 651 1001 722 ll
1020 652 1179 722 praestabit.
1713 659 1792 706 taes

200 748 235 803 ll
308 745 428 799 Psuuos
455 744 523 798 libro
551 743 668 812 septimo
695 742 730 797 ad
756 741 896 796 Sabinum.
942 738 1015 795 Sane
1044 745 1073 795 et
1102 741 1266 796 deteriorem
1293 738 1395 794 iactam
1423 739 1538 794 reddere
1557 734 1698 822 Q
1730 745 1754 799 S

255 834 363 903 poterit.
961 877 964 890 ,
1715 839 1730 879 s

200 925 237 980 12
308 920 460 975 Uarrsuus
477 917 546 974 libro
558 918 697 987 trigesimo
710 921 808 986 quarto
821 917 856 971 ad
869 915 1009 971 Sabinum.
1038 915 1066 971 Si
1079 932 1123 971 res
1135 918 1281 972 aestimata
1292 921 1356 986 post
1368 921 1537 971 sonnacium
1557 909 1697 999 Q
1729 921 1754 975 S

256 1008 457 1064 matrimonium
477 1006 631 1062 donationis
649 1023 733 1061 causa
752 1004 932 1075 adprobatur,
955 1006 1032 1060 nulla
1049 1011 1091 1060 est
1110 1008 1276 1075 aestimatio,
1300 1006 1365 1075 quia
1383 1020 1434 1058 nee
1452 1019 1496 1058 res
1514 1004 1630 1059 distrahi
1649 1004 1697 1058 do·

256 1098 374 1152 nationis
393 1112 477 1151 causa
494 1097 612 1164 potest2,
632 1111 693 1149 cum
708 1095 836 1148 ellectum
851 1094 923 1148 inter
940 1093 1028 1148 uirum
1048 1099 1076 1149 et
1094 1110 1207 1150 uxorem
1226 1111 1281 1150 non
1300 1093 1415 1148 babeat:
1434 1108 1479 1147 res
1492 1093 1578 1161 igitur
1590 1093 1619 1147 in
1632 1092 1698 1146 dote

256 1185 417 1241 remanebit.
449 1184 515 1239 sed'
530 1185 554 1239 si
572 1189 636 1238 ante
655 1184 866 1252 matrimonium,
883 1184 972 1252 magis
991 1190 1040 1251 est,
1060 1187 1090 1237 ut
1108 1184 1138 1238 in
1155 1183 1320 1238 matrimonii
1337 1188 1448 1250 tempus
1465 1181 1567 1236 collata
1584 1181 1698 1236 donatio
1716 1189 1748 1228 1⁰

224 1286 236 1330 1
257 1275 395 1329 uideatur:
414 1278 497 1342 alque
515 1273 577 1327 ideo
595 1287 650 1326 non
668 1272 750 1326 ualet.
781 1270 810 1326 Si
829 1270 925 1325 mulier
944 1286 974 1326 se
993 1271 1068 1326 dieat
1085 1273 1298 1326 circumuentam
1318 1273 1430 1326 minoris
1448 1285 1504 1324 rem
1525 1270 1697 1336 aestimasse,

256 1367 288 1419 nt
306 1368 372 1432 puta
390 1377 508 1430 seruum,
528 1361 551 1414 si
569 1361 678 1430 quidem
696 1362 725 1415 in
743 1361 795 1415 boc
814 1361 1001 1414 circumuenta
1019 1366 1070 1430 est,
1089 1361 1162 1429 quod
1176 1376 1286 1416 seruum
1305 1360 1389 1428 dedit,
1408 1373 1463 1413 non
1475 1363 1583 1413 tantm
1595 1359 1625 1412 in
1637 1357 1697 1425 boe,

256 1451 330 1520 quod
349 1451 460 1505 minoris
478 1449 648 1504 aestimauit:
671 1449 700 1503 in
717 1465 751 1504 eo
770 1455 906 1516 acturam,
925 1453 957 1502 ut
974 1464 1071 1503 seruus
1090 1448 1141 1504 sibi
1160 1451 1329 1505 restituatur.
1367 1448 1507 1504 enimuero
1526 1447 1597 1502 siin
1616 1447 1698 1501 aesti-

257 1539 384 1594 mationis
403 1537 484 1593 modo
503 1537 689 1592 circumuenta
707 1543 758 1608 est,
780 1538 832 1592 erit
850 1536 990 1592 arbitrium
1009 1539 1107 1608 mariti,
1126 1544 1217 1592 utrum
1236 1539 1336 1592 iustam
1356 1537 1575 1591 aestimationem
1595 1551 1632 1590 sn
1649 1549 1697 1604 po-

255 1629 311 1682 tins
329 1642 438 1682 seruum
456 1631 587 1695 praestet
611 1631 640 1680 et
657 1625 733 1695 haec,
752 1626 775 1680 si
794 1641 891 1680 seruus
909 1627 986 1680 uiuit.
1015 1626 1090 1696 quod
1108 1628 1132 1681 si
1150 1627 1276 1696 decessit,
1295 1625 1439 1680 Marcellus
1458 1625 1497 1678 ait
1513 1625 1603 1692 magis
1615 1623 1697 1678 aesti-
1716 1631 1748 1672 1⁵

256 1717 403 1771 mationem
422 1715 625 1784 praestandam,
643 1714 693 1769 sed
711 1729 766 1769 non
783 1714 892 1782 iustam,
912 1714 961 1768 sed
979 1729 1041 1768 eam
1059 1730 1130 1785 quac
1148 1715 1223 1770 facta
1241 1721 1296 1769 est:
1315 1715 1380 1784 quia
1397 1713 1464 1768 boni
1481 1713 1626 1768 consulere
1639 1728 1697 1766 mu·

255 1805 304 1860 liar
321 1804 412 1872 debet,
431 1803 504 1873 qnod
523 1803 575 1858 fuit
587 1804 761 1858 aestimatus:
780 1808 911 1871 ceterum,
930 1803 953 1856 si
972 1803 1130 1873 simpliciter
1147 1804 1277 1873 dedisset,
1295 1803 1390 1872 procul
1405 1801 1491 1857 dubio
1502 1803 1626 1871 periculo
1638 1801 1697 1856 eius

256 1897 420 1962 moreretur,
448 1908 503 1947 non
526 1893 625 1946 mariti.
661 1891 789 1960 idemque
813 1895 842 1944 et
865 1891 893 1946 in
916 1891 1020 1946 minore
1044 1893 1230 1948 circumuenta
1254 1892 1397 1947 Marcellus
1420 1889 1530 1960 probat.
1567 1891 1649 1960 plane
1673 1889 1697 1942 si

256 1986 405 2052 emptorem
430 1980 526 2036 habuit
548 1981 644 2035 mulier
665 1979 730 2034 iusti
753 1979 846 2049 pretii,
871 1983 937 2033 tune
961 1979 1106 2034 dicendum
1132 1981 1232 2036 iustam
1257 1981 1476 2036 aestimationem
1499 1978 1696 2049 praestandam

255 2069 337 2138 idque
356 2069 500 2124 dumtaxat
517 2069 596 2124 uxori
615 2068 711 2123 minori
729 2069 809 2122 annis
826 2068 1023 2137 praestandum
1041 2069 1185 2124 Marcellus
1203 2069 1311 2124 scribit:
1330 2067 1466 2124 Scaeuola
1484 2071 1578 2122 autem
1597 2067 1626 2122 in
1640 2083 1696 2120 ma·
1715 2075 1750 2115 aa

255 2159 307 2214 rito
326 2163 416 2226 notat,
436 2157 459 2211 si
477 2157 555 2212 dolus
574 2158 633 2211 eius
651 2154 753 2225 adfuit,
777 2157 878 2211 iustam
897 2157 1115 2212 aestimationem
1133 2157 1340 2226 praestandam:
1361 2162 1390 2212 et
1407 2163 1475 2226 puto
1493 2155 1603 2224 uerius,
1622 2154 1696 2224 qnod

222 2251 237 2296 2
255 2244 390 2302 Scaeuola
408 2246 454 2301 ait.
483 2245 512 2300 Si
530 2261 591 2300 cum
612 2246 708 2300 marito
727 2244 850 2300 debitore
869 2245 965 2300 mulier
982 2251 1064 2314 pacta
1082 2246 1126 2316 sit,
1145 2251 1177 2300 ut
1194 2245 1223 2301 id
1237 2247 1311 2316 quod
1323 2244 1428 2300 debeat
1436 2245 1465 2299 in
1478 2243 1572 2300 dotem
1586 2243 1695 2312 babeat,

255 2333 328 2389 dotis
346 2335 453 2388 actione
472 2335 576 2389 scilicet
593 2348 653 2388 eam
672 2349 755 2402 agere
773 2347 855 2403 posse
873 2334 1015 2389 existimo:
1032 2334 1098 2389 licet
1115 2335 1187 2389 enim
1206 2335 1267 2406 ipso
1284 2336 1341 2390 inre
1352 2335 1443 2403 priore
1456 2331 1551 2388 debito
1562 2331 1696 2386 liberatus

254 2437 310 2478 non
328 2424 372 2492 sit,
392 2422 458 2478 sed⁴
476 2427 568 2476 nmen
586 2422 775 2491 exceptionem
794 2421 894 2477 babere
912 2425 1014 2491 potest.
1401 2433 1404 2440 ’
1714 2428 1750 2468 u

198 2505 236 2563 13
307 2511 500 2567 Monnsumus
512 2509 580 2565 libro
593 2511 724 2579 singulari
736 2511 771 2565 de
783 2510 937 2565 differentia
948 2509 1029 2565 dotis.
1058 2509 1088 2565 Si
1101 2511 1197 2566 mulier
1208 2516 1272 2581 pest
1283 2510 1439 2580 diuortium,
1459 2514 1535 2565 ante
1569 2521 1694 2575 B.ae,1.9
1713 2511 1762 2566 'B

255 2615 338 2670 quam
356 2615 392 2656 ex
409 2600 539 2670 stipulata
558 2598 593 2653 dc
611 2598 676 2654 dote
695 2602 773 2668 agat,
795 2598 831 2654 ad
850 2598 967 2653 cundem
985 2599 1074 2653 uirum
1092 2597 1311 2668 inerit'reuerss,
1330 2598 1502 2654 constantius
1519 2597 1628 2652 dicetur
1645 2613 1695 2667 par

254 2688 310 2744 doli
329 2689 518 2758 exceptionem
535 2685 703 2742 inefficacem
721 2685 780 2742 fieri
798 2702 833 2741 ex
852 2687 983 2762 stipulatu
1001 2688 1146 2756 actionem,
1165 2703 1252 2758 usqua
1270 2703 1324 2757 quc
1344 2687 1546 2741 matrimonium
1566 2686 1656 2741 durat

198 2774 236 2832 14
307 2777 459 2832 Uurmuus
476 2777 544 2832 libro
562 2776 703 2846 trigesimo
720 2781 819 2845 quarta
836 2776 872 2831 ad
891 2775 1038 2830 emerunt
1066 2775 1095 2831 si
1113 2791 1171 2832 ram
1189 2777 1362 2832 aestimatam
1380 2775 1518 2831 mulieris
1536 2771 1696 2859 [affl
1715 2777 1755 2831 S·

254 2865 347 2920 &tem
366 2865 480 2935 dederit,
499 2865 599 2920 deinde
618 2879 651 2919 ea
670 2879 773 2919 moram
791 2863 910 2920 iaciente
927 2863 956 2918 in
973 2863 1119 2920 traditione
1137 2865 1165 2920 in
1182 2881 1272 2921 rerum
1285 2869 1384 2920 natura
1395 2879 1457 2920 esse
1469 2862 1590 2932 desierit,
1610 2865 1694 2920 actio

254 2969 317 3010 nem
336 2969 397 3008 eam
416 2953 516 3009 habere
535 2969 589 3008 non
606 2956 683 3023 puto.
1715 2960 1751 3002 ec

198 3039 236 3097 15
306 3043 478 3098 Pannonius
496 3041 564 3096 libro
583 3045 681 3110 quarta
698 3041 805 3097 decimo
824 3041 860 3096 ad
878 3040 1019 3097 Sabinam.
1047 3041 1126 3107 Quod
1143 3041 1166 3096 si
1179 3056 1229 3110 per
1241 3055 1302 3096 eam
1315 3057 1370 3096 non
1382 3042 1515 3111 stetisset,
1535 3037 1695 3126 Q
1730 3045 1755 3098 S

253 3129 366 3202 perinde
383 3130 501 3198 pretium
521 3127 610 3184 aufert
628 3144 660 3184 ac
679 3129 703 3184 si
720 3129 886 3199 tradidisset,
904 3131 970 3199 quia
987 3129 1061 3199 quod
1079 3129 1188 3184 euenit⁸
1206 3130 1338 3199 emptoris
1356 3130 1476 3199 periculo
1495 3135 1547 3185 est.

198 3216 235 3274 16
306 3218 458 3274 Uunrsrurs
478 3216 548 3272 libro
570 3219 711 3287 trigesima
733 3224 832 3288 quarto
857 3217 892 3272 ad
914 3217 1054 3274 Sabinum.
1087 3217 1223 3287 ¹Quotiens
1245 3233 1290 3273 res
1313 3220 1459 3274 aestimata
1482 3219 1510 3274 in
1534 3213 1694 3302 [Q
1730 3221 1756 3275 S

253 3307 346 3363 domm
365 3307 453 3376 datur,
473 3305 564 3362 eumta
582 3321 616 3361 sa
633 3307 721 3362 ιιίτιιιι]
741 3321 775 3362 ex
794 3311 885 3378 empto
904 3313 1000 3362 contm
1017 3322 1130 3362 uxorem
1149 3321 1232 3376 agere
1251 3312 1280 3362 et
1297 3306 1431 3376 quidquid
1443 3321 1476 3362 eo
1488 3308 1598 3363 nomine
1611 3306 1693 3362 fuerit

253 3399 425 3466 consecutus,
445 3393 517 3451 dotis
535 3395 643 3450 actione
661 3396 752 3450 soluto
769 3395 941 3450 matrimonio
960 3395 985 3450 ei
1003 3399 1144 3464 praestare
1163 3399 1279 3464 oportet.
1306 3409 1391 3464 quare
1410 3400 1439 3449 et
1456 3395 1480 3448 si
1495 3395 1609 3465 duplum
1623 3394 1692 3450 iorts
1712 3402 1746 3443 ³⁵

253 3484 288 3539 sd
307 3485 396 3538 airum
412 3485 577 3554 peruenerit,
595 3483 624 3538 id
641 3497 750 3553 qnoque
768 3483 804 3538 ad
823 3483 964 3538 mulierem
982 3483 1130 3552 redigetur.
1162 3497 1232 3554 quae
1251 3483 1388 3538 sententia
1405 3482 1490 3538 babet
1507 3484 1684 3553 aequitatem,

253 3571 319 3643 quia
336 3587 390 3626 nou
408 3571 524 3640 simplex
541 3571 664 3627 uenditio
682 3572 731 3641 sit,
751 3571 800 3626 sed
818 3570 891 3626 dotis
909 3587 1007 3639 causa,
1025 3585 1076 3626 nec
1094 3570 1195 3626 debeat
1212 3572 1326 3626 maritus
1343 3573 1443 3627 lucrari
1461 3587 1497 3626 ex
1514 3570 1616 3628 damno
1634 3587 1692 3628 ma·

252 3659 340 3714 lieris:
359 3657 462 3714 sufficit
479 3661 551 3716 enim
570 3661 699 3715 maritum
715 3659 871 3715 indemnem
889 3659 1030 3729 praestari,
1049 3674 1105 3714 non
1123 3661 1206 3714 etiam
1224 3661 1329 3715 lucrum
1349 3661 1459 3715 sentire.

198 3747 235 3806 17
306 3747 425 3803 Pennus
440 3746 510 3804 libro
522 3748 687 3820 septimoad
700 3746 840 3804 Sabinum.
864 3746 990 3803 lnrebus
1002 3746 1140 3804 dotalibus
1153 3749 1241 3803 mum
1253 3753 1393 3819 praestare
1406 3753 1515 3819 oportet
1534 3743 1692 3834 Q
1729 3751 1753 3805 8

252 3859 442 3932 mmmm

253 4021 263 4055 ²
282 4019 537 4076 aestimationemne
550 4019 712 4088 (Breuem.)?
782 4021 794 4056 ¹
811 4039 862 4076 aaa
879 4025 955 4076 aliter
968 4021 1064 4077 Graeci
1076 4025 1111 4090 (a.
1124 4027 1166 4088 ¹'·)=
1185 4039 1237 4078 nec
1249 4023 1357 4078 admitti
1368 4024 1428 4092 ipsa
1439 4023 1596 4078 donationis
1608 4039 1693 4078 cansa

252 4093 345 4158 potest
364 4099 411 4146 tar.
465 4092 524 4146 let
541 4100 589 4146 tm.
644 4090 724 4146 ‘scd
742 4094 789 4146 del.
802 4093 881 4160 (edd.)
936 4093 1002 4148 ‘ad
1014 4092 1145 4150 Sabinum
1158 4094 1291 4162 (Blandi
1344 4095 1475 4164 ⁶euenit]
1494 4095 1693 4160 sanititati?

253 4238 346 4308 lant]
364 4241 476 4294 stP⁶V
516 4241 766 4310 3ntram1utrem
780 4242 836 4307 PL,
854 4247 886 4298 ut
901 4240 945 4312 Ul
997 4243 1087 4306 Ptin,
1105 4245 1266 4299 restituetur
1277 4245 1338 4298 libri
1350 4245 1409 4298 bont
1454 4245 1487 4298 16
1507 4244 1567 4313 sed]
1583 4249 1612 4298 et
1625 4245 1692 4312 P·?,

252 4309 312 4378 sed]
332 4315 360 4364 et
377 4310 441 4364 Pu
461 4311 467 4378 Ι
487 4327 531 4366 res
549 4327 604 4366 non
623 4317 733 4368 exsta
751 4313 795 4376 Ρ,
814 4328 871 4368 rem
890 4327 944 4368 non
997 4316 1100 4383 cmv}
1116 4313 1451 4386 comprendente-1
1467 4315 1693 4380 muliercP·VU‚

251 4384 357 4466 prestet
374 4381 436 4444 LU,
461 4398 516 4437 non
535 4398 592 4437 rem
611 4389 717 4451 prestet
734 4385 791 4437 PV
841 4383 944 4439 'llibro
997 4387 1180 4442 mulieremd
1237 4388 1269 4441 ll
1288 4384 1450 4454 simplicitur
1467 4387 1504 4439 F¹
1561 4387 1595 4441 19
1613 4401 1692 4456 prae

260 4450 385 4519 septimc'
397 4452 539 4522 trigesimo
557 4459 654 4522 quarto
674 4454 717 4519 F‘,
739 4453 809 4509 libro
827 4456 943 4523 septimo
997 4457 1095 4512 stande
1121 4457 1192 4512 P⁶V
1240 4459 1276 4512 22
1298 4457 1431 4526 debitore]
1455 4471 1484 4510 re
1502 4457 1580 4520 1³⁴1„
1604 4477 1654 4510 om.
1669 4459 1696 4511 V

251 4522 390 4577 tricesimo
408 4523 447 4577 iiii
459 4525 491 4588 L,
509 4524 625 4579 xxxnU
665 4525 766 4594 8quia
783 4539 891 4580 necres
997 4529 1032 4582 26
1044 4527 1079 4582 de
1091 4528 1247 4583 dote...2'l
1257 4543 1292 4583 ex
1302 4529 1433 4597 stipulatu
1446 4547 1493 4580 om.
1505 4527 1546 4580 P·
1581 4529 1692 4598 2'lquo]

251 4592 943 4663 9101181681]καλώεὸοῆληωκὸε...1ιὶτοῨτο
996 4599 1062 4653 dum
1075 4599 1132 4652 PV
1171 4601 1205 4654 29
1222 4614 1283 4654 eam
1296 4599 1409 4654 P⁰L⁰U⁶
1452 4599 1487 4652 32
1499 4598 1575 4666 quod
1587 4599 1690 4669 euenit}

251 4663 335 4718 uduos
355 4666 433 4728 aucta
451 4664 485 4718 κὴ
504 4664 631 4737 'eppdcear
651 4666 699 4720 rtis
715 4667 807 4738 updcru
820 4667 875 4721 drot
894 4667 942 4722 triu
996 4670 1064 4723 idem
1072 4671 1192 4743 sortasse
1208 4673 1322 4758 legerunt
1340 4669 1450 4724 Grates?
1468 4666 1500 4721 τὸ
1519 4669 1566 4739 pdp
1584 4668 1692 4732 ἒπιογκ·

250 4735 406 4801 brariaecru,
430 4733 519 4790 {uerbis
545 4736 583 4791 cic
606 4735 654 4790 rba
678 4738 727 4799 τοῨ
749 4739 830 4802 sinor
854 4737 943 4807 aarpdu
998 4741 1089 4794 Bsiuou
1107 4739 1147 4805 τῷ
1165 4739 1238 4810 ὶκλρι
1263 4741 1302 4794 ὼε
1320 4738 1447 4823 &rofacrd
1465 4741 1645 4802 rictrudem
1667 4741 1693 4794 B

250 4803 406 4878 ἐμφέρεται
420 4807 469 4861 Bs
500 4809 534 4862 10
544 4807 729 4862 monimenti*
738 4812 762 4863 F
763 4809 774 4841 ⁴
790 4811 794 4877 Ι
811 4809 944 4864 collocata
996 4811 1114 4880 (Anca),
1129 4809 1216 4864 inertis
1226 4809 1257 4862 rt
1271 4809 1335 4864 aeid
1347 4827 1396 4863 rus
1409 4809 1499 4880 upton
1513 4812 1694 4872 crusciacum

250 4877 327 4931 PVL
383 4881 415 4933 ll
433 4879 527 4933 ualeat
545 4878 646 4946 PVUl
667 4879 706 4948 se]
731 4880 754 4934 si
773 4880 809 4933 F¹
866 4882 898 4934 12
916 4881 943 4934 in
996 4882 1035 4949 τῷ
1058 4878 1186 4952 ἆΓοΡΔοτῇ
1211 4881 1387 4945 austrasiam
1413 4881 1459 4934 Ba*
1481 4879 1548 4951 (ut)
1604 4883 1640 4936 34
1659 4897 1693 4938 eo

250 4947 302 5001 boc
314 4948 509 5018 circumuenta]
524 4951 546 5003 F
549 4949 570 5014 ’,
583 4949 685 5004 circum
698 4949 727 5004 iu
739 4950 791 5006 hoc
803 4955 888 5006 uents
898 4951 921 5002 F
923 4951 942 5013 ¹,
997 4971 1046 5005 om.
1058 4950 1131 5006 P·V

250 5018 438 5076 cucumuentn
449 5021 554 5076 PVLU
591 5021 626 5076 13
637 5019 687 5076 tibi
699 5021 738 5075 P⁶
754 5026 759 5091 l
774 5019 943 5090 restituatur]
