3778 5544
162 315 403 366 mmmmm
837 295 919 378 321
1391 299 1423 368 ii
1444 305 1465 369 a
1485 308 1601 366 ce-na

162 454 297 511 detracta
312 455 411 511 inisset
428 456 527 512 euicta
554 457 578 512 ai
596 461 689 512 antem
707 457 787 514 heres
805 459 907 514 errauit
923 463 952 514 et
969 457 1044 514 canit
1061 461 1090 512 et
1107 473 1204 514 seruus
1221 459 1365 527 perueniat
1382 459 1418 514 ad
1435 457 1599 531 libertatem,

161 545 305 614 stipulatio
322 546 521 600 committetur:
540 560 611 615 quae
629 546 654 600 si
670 545 753 602 merit
771 543 782 616 ΙΙ
800 547 955 616 commissa,
973 561 1092 616 acquum
1110 547 1162 602 erit
1173 547 1267 602 utilem
1280 547 1415 602 actionem
1429 549 1454 604 ei
1467 548 1600 604 muamus
1617 553 1699 607 tlct'

162 632 327 689 coheredem
345 635 404 690 dari
422 635 554 708 deficiente
573 637 675 690 directo
693 635 793 691 iudicio
811 635 929 692 familiae
948 635 1136 708 erciscundae,
1155 651 1190 690 ne
1208 637 1236 690 iu
1254 634 1354 692 damno
1372 643 1501 692 moretur.
1536 653 1600 692 nam

161 729 195 776 nt
211 721 333 778 familiae
350 724 527 780 erciscundae
545 723 645 780 iudicio
664 739 746 794 agere
763 726 825 795 quis
836 725 931 796 possit,
951 741 1006 781 uon
1022 730 1130 780 tantrnn
1148 725 1277 780 heredem
1295 739 1357 780 csse
1369 731 1486 796 oportet,
1504 741 1600 781 uemm

161 825 198 864 ex
217 825 252 866 ea
269 827 354 868 causa
371 827 454 882 agere
472 813 517 868 uel
535 813 682 884 conueniri,
704 829 786 884 quam
804 815 893 884 gessit
910 815 1036 884 quodque
1055 814 1172 884 admisit,
1191 819 1371 883 posteaquam
1390 814 1468 870 heres
1486 815 1600 870 eiiecms
1619 827 1633 868 s

161 899 213 954 sit:
232 905 354 955 ceterum
373 907 465 956 cessat
481 900 600 957 familiae
619 903 795 957 erciscundae
813 903 894 959 actio.
921 908 950 957 ct
961 903 1023 957 ideo
1036 903 1059 958 si
1071 905 1143 971 anm,
1161 917 1243 972 quam
1255 903 1317 971 quis
1330 904 1412 958 sciret
1424 919 1454 959 se
1472 902 1601 958 heredem

160 1002 238 1058 ease,
262 990 291 1044 in
313 989 465 1046 hereditate
485 991 587 1061 aliquid
605 993 734 1061 gesserit,
757 990 876 1047 iamdiae
895 990 1070 1046 erciscundae
1089 991 1189 1046 iudicio
1208 1007 1262 1046 non
1280 991 1333 1046 erit
1350 993 1440 1062 locus,
1462 992 1528 1061 quia
1545 1007 1601 1047 nou

160 1077 258 1132 animo
280 1076 388 1134 heredis
412 1081 532 1149 gessisse
550 1081 668 1136 uidetur
699 1096 784 1151 quare
802 1081 848 1151 qui
867 1085 930 1136 ante
949 1080 1051 1136 aditam
1069 1079 1248 1136 hereditatem
1267 1080 1334 1150 quid
1352 1081 1450 1150 gessit,
1473 1081 1601 1136 uelutisi

160 1169 324 1222 testatorem
349 1169 489 1238 sepeliuit,
511 1168 630 1225 lamdiae
648 1169 825 1226 erciscundae
842 1169 973 1225 iudicium
991 1185 1046 1224 non
1063 1167 1159 1224 hahet:
1183 1168 1233 1223 sed
1251 1169 1275 1224 si
1291 1173 1356 1238 post
1373 1169 1477 1225 aditam
1494 1169 1602 1225 herodi·

159 1259 249 1309 tatem
277 1255 306 1311 id
332 1255 410 1328 ieet,
437 1263 637 1328 consequenter
662 1259 785 1316 dicemus
810 1257 929 1314 familiae
956 1257 1133 1314 erciscundae
1155 1257 1257 1314 iudicio
1280 1259 1411 1330 consequi
1433 1273 1496 1314 eum
1518 1271 1602 1329 posse
1621 1270 1649 1310 ro

159 1349 305 1413 sumptum
324 1359 405 1414 quem
423 1345 490 1404 iecit
507 1348 535 1403 iu
553 1346 644 1403 funus.

103 1429 143 1488 50
210 1431 296 1506 ,bers
312 1433 382 1490 libro
399 1441 478 1491 sexto
496 1437 663 1506 opinionum.
696 1435 772 1504 Quae
789 1441 869 1508 pater
886 1435 942 1492 ilio
961 1435 1133 1506 emancipato
1152 1435 1304 1492 sudorum
1323 1451 1408 1492 cansa
1427 1433 1641 1521 [³23²]AEss

158 1535 279 1592 peregre
297 1525 390 1592 agenti
408 1524 633 1596 subministrauit,
652 1526 676 1580 si
694 1541 749 1582 non
767 1525 896 1581 credendi
910 1525 1000 1582 ammo
1011 1530 1091 1596 pater
1102 1525 1224 1580 mississe
1236 1523 1319 1580 luerit
1330 1525 1532 1596 comprobatus,
1551 1527 1601 1582 sed

158 1609 268 1680 pietate
286 1611 380 1667 dehita
396 1613 509 1670 ductus:
527 1615 556 1670 in
573 1615 705 1670 rationem
723 1615 864 1685 portionis,
883 1629 953 1685 quae
971 1629 1006 1670 ex
1024 1611 1147 1669 dehrncti
1165 1611 1244 1669 bonis
1263 1613 1432 1672 adeuntem
1444 1613 1601 1685 filiumper·

159 1699 253 1770 tinuit,
273 1703 425 1772 computari
443 1703 567 1772 aequitas
585 1719 640 1758 non
658 1703 768 1774 patitur.
1622 1711 1650 1754 ¹⁵

103 1787 140 1845 51
215 1789 360 1846 Imauus
377 1791 446 1848 libro
463 1798 562 1848 ocuuo
580 1791 758 1862 digestorum.
790 1791 912 1862 lirndua,
930 1792 978 1862 qui
996 1791 1068 1846 dotis
1086 1791 1194 1846 nomine
1213 1805 1307 1848 socero
1325 1789 1409 1847 tradi·
1427 1786 1641 1876 [efflat

159 1881 209 1932 tus
226 1877 323 1949 suerit,
342 1895 405 1935 cum
423 1895 502 1936 socer
518 1880 604 1936 lilium
622 1897 657 1936 ex
675 1882 767 1952 aliqua
783 1886 862 1952 parte
879 1880 1008 1936 heredem
1026 1881 1187 1950 instituerit,
1206 1896 1256 1951 per
1273 1878 1404 1936 arbitrum
1422 1878 1542 1937 familiae
1560 1897 1600 1937 er·

161 1966 313 2022 wanden
335 1971 457 2040 praecipi
478 1971 518 2025 lta
540 1969 635 2040 debet,
658 1974 690 2024 ut
705 1985 739 2026 ea
756 1985 840 2026 causa
857 1967 905 2024 dlii
923 1970 971 2039 sit,
995 1970 1023 2024 in
1041 1967 1322 2040 quaiutnraesset1,
1347 1970 1372 2024 si
1388 1969 1440 2025 dos
1457 1985 1506 2040 per
1523 1985 1601 2041 prae·

161 2058 319 2126 ceptionem
337 2058 431 2128 legata
447 2057 552 2114 lehem.
583 2073 668 2128 quare
686 2057 792 2114 irnctns
809 2064 873 2129 post
889 2059 965 2114 htem
984 2061 1166 2114 contestatam
1183 2073 1265 2129 perce
1284 2058 1305 2112 ti
1324 2057 1442 2114 adeum
1460 2058 1602 2129 redigendi

161 2150 232 2200 sunt
248 2145 342 2202 habita
359 2149 465 2204 ratione
481 2149 680 2218 impensarum:
703 2149 751 2218 qni
768 2163 835 2204 uero
853 2153 917 2204 ante
934 2149 1009 2204 litem
1028 2151 1210 2204 contesutum
1310 2147 1351 2217 pti
1368 2145 1482 2218 fuerint,
1502 2163 1601 2219 aequa·
1621 2157 1649 2197 2⁰

160 2235 226 2289 liter
243 2235 280 2290 ad
297 2251 392 2292 omnes
410 2236 526 2293 heredes
547 2237 731 2308 pertinebunt.
761 2242 790 2293 ct
806 2238 991 2307 impensarum
1009 2239 1079 2292 ratio
1097 2235 1192 2292 haberi
1209 2235 1305 2305 debet,
1329 2235 1395 2306 quia
1411 2237 1502 2292 nulus
1520 2251 1601 2294 casus

129 2332 141 2377 ι
161 2323 330 2381 interuenire
352 2331 457 2396 potest,
480 2327 527 2396 qui
550 2325 603 2382 hoc
625 2341 713 2396 genus
737 2325 909 2383 deductionis
932 2325 1071 2396 impediat
1108 2324 1209 2395 siege
1228 2323 1602 2396 ateheredltctempetere

162 2413 274 2482 uellem,
292 2417 323 2469 tu
341 2429 448 2470 mecum
466 2413 584 2470 familiae
602 2415 778 2470 erciscundae
796 2429 887 2485 agere,
906 2429 942 2470 ex
960 2429 1045 2470 causa
1061 2415 1168 2484 utrique
1188 2418 1311 2469 nostrum
1322 2428 1383 2469 mos
1395 2413 1532 2483 gerendus
1544 2419 1601 2471 est:

162 2517 230 2556 nam
249 2503 273 2556 ai
290 2517 343 2572 ego
360 2507 447 2558 totam
465 2503 643 2559 hereditatem
661 2503 788 2574 possideo
806 2509 835 2560 et
852 2509 880 2560 tc
898 2519 933 2559 es
950 2509 1029 2574 parte
1048 2502 1161 2558 dimidia
1177 2501 1306 2558 heredem
1318 2517 1380 2558 esse
1393 2501 1532 2574 confiteor,
1551 2503 1602 2559 sed

163 2605 181 2645 a
205 2593 396 2648 communione
415 2591 555 2647 discedere
574 2591 651 2662 uolo,
674 2591 819 2663 impetrare
837 2592 926 2648 debeo
943 2591 1063 2648 familiae
1081 2591 1258 2647 erciscundae
1275 2591 1420 2662 iudicium,
1442 2592 1507 2662 quia
1524 2591 1602 2648 aliter
1621 2599 1650 2642 ¹⁵

163 2679 253 2734 diuidi
270 2681 342 2736 inter
359 2697 410 2736 nos
428 2679 565 2736 hereditas
582 2697 638 2736 non
655 2686 757 2751 potest.
786 2681 852 2737 item
871 2681 895 2736 si
911 2686 942 2737 tn
960 2682 1060 2737 iustam
1079 2697 1191 2736 caumm
1210 2679 1304 2751 habes,
1323 2685 1535 2752 propterquam
1553 2695 1603 2750 per

163 2767 325 2824 hereditatis
343 2771 502 2840 petitionem
519 2769 612 2841 potius
630 2783 713 2840 qnam
731 2768 849 2826 tanciae
867 2769 1044 2826 erciscundae
1061 2770 1191 2826 iudicium
1205 2769 1347 2839 negotium
1359 2767 1510 2824 dhtrahere
1523 2769 1602 2840 uelis,

162 2856 216 2913 tibi
239 2871 349 2929 quoque
371 2859 584 2929 permittendum
608 2859 661 2914 erit
682 2858 861 2916 hereditatem
883 2865 991 2930 petere:
1014 2875 1078 2914 nam
1100 2858 1236 2928 quaedam
1259 2858 1374 2914 ueniunt
1396 2856 1425 2912 iu
1442 2856 1603 2914 hereditatis

163 2948 340 3018 petitionem,
363 2962 434 3018 quae
456 2949 485 3002 in
507 2946 626 3003 familiae
650 2948 827 3004 erciscundae
848 2947 950 3004 iudicio
972 2964 1028 3005 nou
1053 2947 1238 3004 deducuntur:
1262 2948 1348 3004 ueluti
1370 2947 1395 3002 si
1418 2961 1471 3016 ego
1495 2946 1603 3002 debitor

163 3036 346 3092 hereditarius
364 3037 424 3106 sim,
442 3036 543 3093 iudicio
560 3035 679 3092 familiae
698 3035 874 3094 erciscundae
892 3051 947 3094 non
965 3037 1139 3107 consequeris
1157 3035 1186 3091 id
1204 3035 1278 3106 qnod
1296 3034 1427 3091 defuncto
1444 3033 1535 3107 debui,
1553 3051 1603 3106 per
1621 3041 1651 3085 ⁸⁰

164 3125 326 3180 hereditatis
343 3126 503 3195 petitionem
521 3126 704 3195 consequeris

107 3213 145 3272 bl
219 3215 298 3270 Ιοιιιι
314 3213 384 3269 hbrn
401 3215 522 3270 secundo
541 3214 576 3270 ad
594 3213 720 3270 Urseium
738 3213 878 3270 Ferocem.
914 3214 1050 3285 liueulus,
1068 3213 1115 3284 qui
1133 3227 1183 3268 nos
1200 3211 1316 3269 heredes
1333 3209 1408 3283 iecit,
1428 3206 1601 3297 Q
1621 3215 1643 3270 3

165 3319 224 3358 reru
248 3317 419 3359 communem
443 3302 539 3359 hahuit
561 3319 623 3358 curn
642 3303 733 3360 Attio:
757 3304 781 3360 si
804 3317 868 3358 curn
885 3301 964 3360 Attio
982 3303 1120 3359 communi
1138 3301 1289 3358 diuidundo
1306 3303 1460 3372 egissemus
1477 3309 1506 3357 et
1524 3302 1603 3358 nobis

132 3406 144 3449 1
165 3407 200 3447 ea
218 3407 263 3447 res
281 3391 438 3448 adiudicata
455 3398 537 3463 emet,
556 3397 699 3448 uenturam
718 3407 779 3448 eam
797 3393 826 3447 in
844 3391 963 3448 iamiiae
977 3391 1156 3447 erciscundae
1167 3390 1269 3447 iudicio
1281 3391 1413 3447 Proculus
1425 3390 1471 3446 ait.
1499 3389 1602 3446 Semne

163 3480 235 3536 liber
257 3486 285 3536 et
303 3480 381 3536 heres
399 3495 461 3536 esse
479 3481 570 3536 iussus
588 3481 617 3536 id
635 3481 710 3552 qnod
728 3497 763 3537 ex
780 3481 931 3538 rationibus
949 3495 1018 3552 quas
1035 3479 1107 3552 patri
1125 3479 1243 3536 familias
1261 3479 1391 3549 gessisset
1407 3493 1493 3550 penes
1512 3493 1542 3534 se
1560 3493 1602 3534 re·
1621 3485 1650 3528 tt

131 3583 146 3628 t
164 3570 267 3626 cineret
284 3569 384 3625 iudicio
401 3568 521 3625 familiae
535 3565 711 3626 erciscundae
724 3569 903 3626 coheredibus
915 3573 972 3627 suis
984 3569 1143 3640 praestabit
1171 3569 1282 3624 Arbiter
1292 3566 1412 3624 familiae
1424 3567 1602 3624 erciscundae

163 3659 298 3714 interme
317 3662 346 3713 et
363 3665 390 3714 te
409 3661 534 3727 sumptus
552 3658 686 3728 quaedam
706 3659 780 3730 mihi,
799 3660 935 3730 quaedam
952 3659 1003 3714 tibi
1021 3659 1178 3714 adiudicare
1196 3657 1315 3726 uolebat,
1333 3673 1383 3728 pro
1401 3656 1443 3713 his
1463 3656 1546 3712 rebus
1564 3656 1602 3711 al·

163 3753 255 3802 terum
274 3747 352 3802 alteri
369 3746 591 3803 condemnandos
609 3761 671 3803 esse
688 3749 878 3818 intellegebat:
895 3748 1050 3819 quaesitum
1069 3752 1119 3818 est,
1139 3763 1173 3802 an
1191 3747 1279 3817 possit
1295 3746 1457 3818 pensatione
1475 3747 1546 3801 ultro
1564 3746 1603 3801 ci·

164 3841 263 3906 troque
281 3835 516 3892 condemnationis
533 3835 607 3892 iacta
624 3852 687 3892 curn
705 3837 808 3908 solum,
832 3837 910 3892 cuius
928 3853 1035 3893 summa
1052 3837 1210 3907 excederet,
1229 3835 1288 3892 eius
1306 3833 1450 3890 dummxat
1467 3849 1601 3906 summae,

165 3941 352 4014 FlPiVlUll

166 4097 176 4130 ²
194 4101 227 4149 ut
244 4093 367 4162 (fundus)
386 4107 419 4178 ea
437 4109 521 4150 causa
538 4091 586 4148 lilii
604 4094 648 4162 sit,
666 4109 722 4164 qua
738 4092 846 4149 iuturm
864 4094 958 4150 esset?

166 4228 332 4284 ldistraote
349 4226 390 4280 P·
437 4223 616 4282 3deficiente
634 4228 739 4284 duecto
757 4228 775 4282 i.
788 4226 807 4283 i.
821 4227 855 4296 e.]
909 4231 941 4282 tn
958 4231 1062 4282 testam
1079 4228 1115 4280 F²
1164 4227 1199 4282 28
1216 4224 1341 4294 ueniunt]
1359 4223 1545 4279 interueniunt
1562 4223 1603 4278 P·

163 4308 260 4370 scripsi
270 4299 405 4353 emundans
416 4297 466 4351 BS
478 4297 522 4368 (τὸ
533 4299 656 4370 utiroc):
676 4300 698 4354 ei
716 4299 755 4353 aui
769 4297 858 4352 irouei
910 4299 945 4353 29
957 4299 1058 4354 iudicio
1069 4312 1125 4352 non
1134 4338 1140 4352 .
1149 4337 1171 4352 ..
1182 4297 1217 4351 30
1229 4296 1406 4351 erciscundae
1419 4295 1520 4361 cm.P·,
1532 4293 1602 4350 indi·

164 4369 197 4424 τὸ
214 4371 334 4442 atpexrou
354 4371 473 4432 canitiae
491 4367 685 4439 spurcuoiuhae,
710 4370 820 4424 derecto
838 4371 855 4424 i.
910 4371 952 4424 cic
965 4385 1069 4424 non...
1082 4367 1260 4423 erciscundae
1272 4382 1326 4422 non
1339 4385 1387 4420 cm.
1402 4367 1429 4420 V
1472 4364 1602 4421 30dcbui

164 4439 184 4496 f.
197 4455 221 4496 e.
242 4441 285 4504 ΓΙ,
305 4439 413 4495 deiecto
430 4441 448 4495 i.
460 4439 479 4494 i.
492 4439 565 4495 herc.
581 4443 627 4507 Fl,
646 4441 748 4496 directo
766 4441 784 4495 i.
800 4439 819 4496 i.
832 4455 856 4496 e.
909 4441 968 4566 ΕειΙ
988 4440 1120 4495 debuerat
1132 4440 1180 4505 P0,
1199 4438 1347 4494 debueram
1365 4437 1415 4492 sed
1426 4452 1476 4507 per
1488 4437 1536 4501 1³⁶,
1555 4436 1602 4491 ds·

165 4516 291 4568 emsante
305 4512 333 4578 (i.
344 4509 362 4566 i.
373 4527 397 4567 e.
409 4517 535 4567 cessante
547 4511 585 4565 P‘
596 4520 622 4566 in
633 4516 722 4579 litura)
733 4511 856 4576 PV‘LU,

166 4592 213 4638 inc.
224 4583 260 4637 V·
291 4583 412 4652 degere]
423 4598 504 4652 agere
514 4584 558 4638 nel
567 4585 705 4638 conueniri
715 4582 856 4648 P‘V‘LU,
910 4583 1017 4637 PVLU
1067 4581 1255 4636 scrutinium
1277 4581 1352 4636 PVL
1406 4581 1441 4634 35
1459 4579 1630 4650 gessisset]¹

166 4655 307 4710 incP‘V‘
359 4655 568 4724 denseletae
593 4652 856 4724 FigesscP‘V‘,
909 4654 1023 4719 Rea'riua,
1041 4653 1175 4722 gessisset
1192 4658 1221 4708 et
1237 4653 1310 4707 iibri:
1332 4651 1395 4722 ὅπερ
1414 4649 1554 4722 'expirasse
1573 4648 1603 4704 ὲκ

166 4734 213 4782 inc.
227 4726 307 4781 P'V‘
351 4725 547 4780 9sereliuitF¹
594 4727 628 4781 14
646 4725 745 4780 ducms
764 4724 857 4780 dehita
909 4725 958 4778 scic
982 4725 1136 4778 hroraucsnrc
1160 4725 1215 4778 τῶιι
1239 4725 1401 4778 hecnorradru
1426 4723 1556 4786 horrcadtu
1576 4720 1603 4775 Β

164 4795 221 4850 PV
271 4799 306 4852 16
323 4797 426 4866 iuliani]
453 4795 601 4858 Oianraaoi
618 4797 646 4851 B
668 4797 672 4864 Ι
693 4797 738 4852 lib.
757 4796 815 4852 uiiii
832 4798 859 4851 P
909 4795 1019 4862 (Aaou.)
1056 4797 1091 4850 36
1106 4793 1237 4851 iudicinf.
1253 4795 1325 4850 herc.
1340 4793 1471 4850 iudicium
1483 4791 1543 4847 coh.
1556 4790 1599 4854 ΡΙ

165 4869 199 4922 19
208 4868 333 4923 rediendi
343 4869 383 4922 ΡἸ
417 4868 693 4938 itimpendiatP⁶V
719 4867 855 4938 idagerc]
908 4867 1059 4938 praeateuit
1082 4867 1122 4920 P·
1144 4868 1148 4935 Ι
1169 4865 1288 4922 familiae
1313 4867 1352 4921 dir
1375 4865 1415 4919 Ρ·
1468 4865 1503 4918 38
1520 4861 1602 4931 ulmo}

164 4940 265 4996 iudicio
285 4939 484 5009 agerePVLU
524 4939 696 5010 supersideo
709 4940 734 4992 F
741 4943 797 5004 (em.
798 4939 856 5012 ]’)Ι
908 4939 954 4994 uel
971 4939 1044 4993 ultro
1062 4937 1134 5004 ΡΠ,
1153 4965 1180 4990 η
1198 4939 1311 4994 ultrei,
1365 4937 1400 4992 39
1420 4934 1603 5004 condempna-

165 5009 307 5066 ccmiiteor
328 5012 354 5065 F
408 5011 444 5066 25
465 5010 565 5066 iudicio
588 5012 627 5065 P·
689 5011 724 5065 26
750 5008 856 5065 heredi-
907 5011 982 5066 tione
1000 5009 1079 5074 ΡΜ]

164 5086 209 5138 tas
226 5083 298 5139 inter
315 5097 365 5138 nos
383 5082 420 5148 P,
443 5082 622 5138 hereditatem
644 5081 716 5139 iuter
733 5097 784 5137 nus
806 5081 854 5146 Vl
1134 5094 1137 5104 ¹

930 4527 1022 4566 ueram
1035 4526 1085 4581 per
1096 4510 1175 4565 VLU
1218 4511 1253 4564 33
1271 4525 1333 4564 curn
1350 4510 1411 4565 titio
1429 4509 1453 4563 si
1468 4524 1529 4564 cum
1542 4509 1602 4564 titio

1336 5167 1370 5223 21
