3648 5564
276 263 303 329 V
329 265 344 328 1
368 267 481 322 24-33
955 252 1039 332 168
1499 277 1545 324 ns
1566 275 1699 323 moscus

277 419 396 474 lulianus
414 418 473 472 sine
491 415 663 471 distinctione
680 415 868 486 denegandam
881 415 1029 472 actionem:
1048 416 1156 471 merito:
1175 416 1238 471 ideo
1255 415 1327 472 enim
1345 430 1399 471 uon
1417 404 1498 470 datm
1515 414 1598 483 ectio,
1617 429 1651 469 ne
1668 413 1700 468 ab

276 505 366 563 officio
385 511 513 576 suscepto
532 505 676 574 legationis
693 510 833 561 auocetur.

220 593 258 651 25
330 596 471 650 lunmuus
489 593 558 650 libro
576 594 663 662 primo
682 593 859 663 digestorum.
888 592 917 648 si
928 594 1072 663 legationis
1085 599 1207 664 tempore
1219 595 1279 663 quis
1292 608 1401 648 seruum
1414 593 1458 648 uel
1470 593 1550 648 aliam
1569 585 1701 674 [Q
1717 600 1747 651 'S

275 699 333 738 rem
352 685 448 738 emerit
465 688 514 738 aut
532 697 565 738 ex
585 683 638 736 alia
655 698 740 736 eausa
757 683 896 751 possidere
916 684 1044 752 coeperit,
1063 699 1118 740 non
1135 683 1226 752 inique
1244 687 1357 751 cogetur
1374 682 1433 736 cius
1450 682 1559 737 nomine
1577 680 1701 736 iudicium

276 773 413 841 accipere:
432 773 511 828 aliter
528 772 600 826 enim
620 775 745 841 potestas
763 770 873 826 dabitur
888 772 987 840 legatis
1005 771 1057 827 sub
1075 771 1126 826 hae
1144 772 1235 841 specie
1252 787 1296 826 res
1313 772 1416 826 ahenas
1435 770 1544 826 domum
1558 768 1701 824 auferendi.
1718 783 1730 821 a

219 859 257 917 26
329 861 448 916 Psunus
465 860 534 916 libro
552 860 669 930 septimo
689 859 794 916 decimo
813 860 1004 915 adPlautium.
1032 861 1075 916 De
1087 875 1120 916 eo
1133 867 1224 916 autem
1237 861 1284 930 qui
1295 860 1363 915 adiit
1373 859 1551 915 hereditatem
1570 855 1702 943 Q
1730 865 1753 917 Ε

277 949 389 1005 Cassius
407 949 512 1020 scribit,
537 949 662 1019 quamuis
680 949 783 1003 Romae
801 949 898 1004 adierit
915 949 1107 1018 hereditatem,
1131 965 1186 1004 uon
1205 953 1360 1020 competere
1376 950 1406 1004 in
1423 964 1486 1005 eum
1505 950 1652 1016 actionem,
1670 963 1703 1003 ne

276 1038 442 1109 impediatur
464 1039 578 1109 legatio,
602 1043 630 1092 et
652 1036 704 1092 hoe
726 1052 822 1093 uerum
845 1042 895 1092 est.
932 1037 981 1092 sed
1004 1053 1055 1093 uec
1077 1038 1216 1107 legatariis
1238 1038 1320 1093 datur
1337 1039 1422 1108 actio,
1448 1037 1497 1092 sed
1515 1038 1567 1092 nisi
1584 1036 1703 1106 satisdet,

277 1129 420 1183 mittuntur
444 1127 472 1182 in
494 1127 696 1198 possessionem
720 1141 809 1181 rerum
832 1125 1068 1182 hereditariamm:
1092 1126 1165 1196 quod
1188 1132 1217 1180 et
1236 1126 1265 1181 in
1283 1125 1453 1182 hereditariis
1471 1125 1649 1182 creditoribus
1667 1124 1703 1178 di·

276 1215 392 1271 cendum
411 1218 462 1270 est.
1722 1225 1747 1263 re

219 1303 258 1361 27
330 1305 471 1362 Imauus
488 1302 556 1359 libro
574 1304 661 1374 primo
676 1303 854 1372 digestorum.
883 1301 953 1368 Quid
965 1303 1037 1359 enim
1049 1302 1175 1373 prohibet
1186 1305 1306 1373 legatum
1318 1301 1427 1372 publico
1440 1317 1552 1358 munere
1583 1314 1705 1370 sasas
1723 1307 1753 1359 'S

277 1393 355 1463 fungi
373 1399 402 1449 et
419 1397 539 1448 actorem
557 1392 698 1448 custodiae
717 1408 802 1448 caraea
819 1393 846 1448 in
864 1392 1038 1462 possessione
1056 1406 1145 1448 rerum
1164 1391 1386 1446 hereditariamm
1403 1390 1484 1445 esse?

219 1480 258 1539 28
330 1482 450 1537 Psunus
466 1479 534 1537 libro
552 1481 669 1552 septimo
687 1481 795 1537 decimo
813 1479 849 1536 ad
860 1481 1004 1536 Plautium.
1035 1479 1090 1536 Sed
1108 1487 1136 1536 et
1153 1482 1177 1535 si
1195 1482 1355 1536 restituatur
1372 1480 1398 1534 si
1415 1478 1552 1534 hereditas
1570 1475 1706 1562 Μ
1736 1481 1759 1535 li

277 1587 312 1626 ex
330 1569 509 1639 Trebelliano,
528 1569 600 1624 actio
618 1570 646 1624 iu
665 1585 728 1625 eum
747 1585 801 1626 nou
819 1567 936 1638 dabitur,
955 1569 1015 1624 siue
1032 1575 1129 1638 sponte
1147 1570 1206 1625 siue
1219 1575 1330 1647 coactus
1342 1568 1421 1623 heres
1433 1583 1494 1622 eam
1506 1567 1615 1623 adierit:
1633 1585 1707 1624 com·

277 1659 384 1714 modius
403 1658 475 1713 enim
494 1663 537 1713 est
554 1657 631 1713 reddi
649 1659 759 1728 quidem
778 1659 803 1713 ei
821 1656 1008 1727 hereditatem,
1026 1658 1139 1726 perinde
1157 1662 1248 1714 autem
1267 1657 1430 1727 habendum,
1449 1673 1482 1712 ac
1499 1657 1523 1712 si
1535 1657 1593 1726 ipse
1605 1656 1708 1712 adisset
1726 1663 1751 1704 1⁵

244 1759 256 1803 1
277 1748 464 1804 hereditatem.
501 1747 603 1804 Contra
620 1748 645 1802 si
662 1747 770 1818 legatus
787 1753 910 1817 tempore
929 1746 1072 1816 legationis
1091 1746 1188 1802 adierit
1206 1752 1233 1802 et
1250 1747 1408 1816 restituerit,
1427 1745 1553 1802 daturin
1570 1744 1708 1802 fideicom-

277 1837 429 1892 missariam
449 1836 530 1906 aetio,
548 1851 599 1892 nec
618 1837 744 1906 exceptio
761 1833 925 1890 Trebelliani
944 1834 1036 1891 obstat
1047 1851 1082 1892 er
1094 1851 1211 1906 persona
1222 1836 1313 1906 legati,
1332 1835 1397 1904 quia
1408 1833 1460 1890 hoe
1470 1834 1555 1916 legati
1566 1835 1709 1904 personsle

244 1936 258 1980 a
277 1924 439 1981 beneficium
457 1929 508 1980 est.
545 1926 590 1980 Ex
607 1924 706 1994 quibus
724 1929 815 1980 autem
834 1925 924 1979 causis
942 1938 997 1979 non
1015 1925 1123 1994 cogitur
1138 1926 1246 1994 legatus
1264 1924 1393 1979 iudicium
1406 1925 1538 1992 accipere,
1557 1937 1608 1978 nec
1618 1923 1709 1978 iurare

277 2013 417 2084 cogendus
441 2018 485 2069 est
508 2029 538 2069 se
563 2013 629 2069 dare
648 2030 701 2070 nou
720 2017 857 2083 oportere,
880 2013 945 2082 quia
962 2013 1014 2068 hoc
1031 2013 1217 2068 irmiurandum
1235 2013 1262 2068 in
1281 2015 1369 2069 locum
1387 2013 1443 2068 litis
1460 2017 1630 2068 contestatae
1648 2028 1710 2068 sue·

243 2114 257 2158 a
276 2103 358 2158 cedit.
395 2102 515 2158 Aedium
539 2104 647 2159 nomine
670 2104 777 2171 legatus
800 2101 892 2158 damni
914 2099 1008 2157 iniecti
1030 2103 1188 2172 promittere
1211 2101 1295 2157 debet
1317 2107 1365 2157 aut
1381 2103 1501 2157 uicinum
1520 2102 1666 2157 admittere
1683 2101 1711 2156 in
1726 2106 1755 2147 ¹⁰

243 2192 487 2260 apossessionem.
524 2191 579 2248 Sed
604 2196 633 2247 et
654 2192 678 2246 si
696 2191 755 2246 dies
774 2190 888 2246 actionis
906 2191 1013 2246 exitura
1029 2193 1095 2261 erit,
1118 2208 1203 2247 eausa
1220 2190 1330 2260 cognita
1349 2191 1481 2246 aduersus
1498 2205 1561 2246 eum
1578 2190 1711 2246 iudicium

244 2292 258 2337 t
276 2282 387 2349 praetor
403 2280 469 2335 dare
487 2279 578 2351 debet,
597 2286 629 2335 ut
645 2280 680 2334 lis
698 2284 866 2336 contestetur
884 2280 930 2349 ita,
948 2284 980 2334 ut
997 2281 1026 2334 in
1043 2282 1210 2351 prouinciam
1226 2279 1412 2336 bansierstur.
1450 2278 1479 2334 Si
1496 2283 1576 2350 pater
1592 2277 1712 2334 familias

276 2373 400 2424 mortuus
423 2373 497 2426 esset
520 2369 615 2424 relicto
637 2385 692 2426 uno
715 2367 771 2424 lilio
795 2373 824 2424 et
840 2383 926 2426 uxore
942 2373 1106 2439 praegnata,
1131 2385 1186 2426 non
1203 2373 1277 2425 recte
1294 2367 1366 2425 filius
1383 2384 1401 2424 a
1419 2366 1586 2424 debitoribus
1603 2373 1712 2437 partem

278 2458 416 2514 dimidiam
435 2458 533 2514 crediti
550 2463 644 2528 petere
662 2462 767 2527 potest,
791 2457 916 2526 quamuis
934 2462 1031 2527 postea
1048 2475 1119 2514 uuus
1136 2457 1208 2514 filius
1225 2464 1307 2514 natue
1325 2457 1373 2527 sit,
1392 2457 1457 2527 quia
1473 2461 1601 2526 poterant
1616 2456 1713 2525 plures

277 2547 365 2603 nasci:
390 2563 452 2603 eum
476 2563 526 2618 per
549 2561 638 2602 rerum
661 2552 787 2602 naturam
811 2551 914 2601 certum
934 2545 1016 2602 fuerit
1032 2563 1117 2603 unum
1135 2547 1211 2603 nasei
1220 2551 1236 2602 ¹.
1272 2547 1322 2603 sed
1339 2545 1457 2602 Sabinus
1476 2545 1587 2602 Cassius
1603 2549 1713 2614 partem
1731 2549 1760 2590 ¹⁵

278 2640 402 2705 quartem
426 2637 483 2706 peti
506 2633 647 2706 debuisse,
671 2636 736 2705 quia
757 2635 890 2690 incertum
913 2641 987 2690 esset
1010 2652 1046 2691 an
1066 2643 1123 2692 tres
1140 2641 1329 2692 nascerentur:
1351 2650 1403 2692 nec
1419 2650 1509 2690 rerum
1528 2638 1655 2690 usturam
1673 2634 1714 2688 in·

278 2725 420 2795 tuendam,
444 2725 470 2779 in
494 2740 550 2796 qua
568 2725 660 2782 omnia
677 2729 752 2780 certa
769 2728 875 2794 essent,
900 2739 962 2780 eum
980 2723 1073 2782 futrua
1089 2726 1184 2796 utique
1201 2723 1311 2793 tierent,
1335 2722 1384 2780 sed
1401 2728 1522 2778 rosham
1540 2721 1714 2778 inscientiam

277 2813 363 2884 aspici
380 2812 489 2870 debere.

221 2901 259 2960 29
330 2902 408 2958 Inuus
424 2901 494 2958 libro
512 2908 611 2958 octauo
629 2902 666 2958 sd
683 2901 827 2958 Plautium.
856 2899 908 2967 Qui
925 2903 1046 2972 appellat
1061 2901 1143 2973 prior,
1161 2901 1227 2971 agit.
1571 2885 1715 2974 Μ
1746 2890 1782 2943 E*

221 2991 261 3050 30
331 2987 514 3047 Menoeceus
536 2989 604 3046 libro
628 2991 715 3061 primo
738 2990 915 3060 digestomm.
952 2989 1005 3046 Ubi
1023 2994 1164 3060 acceptum
1183 2995 1227 3046 est
1243 2991 1327 3046 semel
1343 2989 1412 3044 indi-
1429 2983 1715 3074 Q
1748 2989 1774 3042 E

279 3079 359 3149 cium,
378 3079 416 3136 ibi
434 3084 463 3135 et
479 3078 561 3135 linem
580 3079 704 3148 accipere
722 3078 812 3134 debet.
1734 3084 1761 3124 ³¹

221 3168 258 3227 31
332 3168 446 3224 cemus
470 3165 539 3224 libro
563 3168 713 3224 uicensimo
737 3169 853 3238 septimo
874 3167 1052 3237 digestorum.
1089 3165 1119 3222 Si
1135 3166 1237 3237 petitor
1252 3167 1344 3237 plures
1362 3164 1476 3222 heredes
1493 3166 1553 3222 reli·
1585 3177 1674 3236 sao,
1684 3179 1717 3225 so
1749 3167 1776 3220 Ε

278 3257 369 3328 querit
386 3271 511 3327 unusque
530 3271 623 3312 eorum
642 3256 742 3312 iudicio
761 3257 856 3326 egerit,
875 3271 930 3311 nou
948 3257 999 3311 erit
1016 3271 1111 3312 uemm
1126 3261 1212 3312 totam
1225 3271 1282 3310 rem
1295 3269 1366 3325 quae
1377 3255 1406 3308 in
1417 3255 1506 3326 priore
1517 3255 1617 3311 iudicio
1628 3241 1718 3312 inoffi

278 3346 424 3402 deductam
448 3361 524 3402 esse:
548 3361 600 3402 nec
623 3345 695 3400 enim
714 3345 858 3416 quisquam
876 3345 991 3400 alienam
1010 3345 1145 3400 achonem
1163 3345 1191 3400 in
1209 3343 1338 3399 iudicium
1356 3342 1443 3400 inrdto
1460 3343 1593 3400 coherede
1610 3344 1718 3414 perdu-

279 3450 340 3492 cere
357 3440 457 3506 potest
1737 3440 1767 3481 ss

221 3521 261 3581 32
332 3523 482 3580 brennus
500 3521 569 3579 libro
587 3522 674 3594 primo
692 3523 728 3578 de
746 3521 835 3578 cilicio
853 3521 982 3578 consulis.
1017 3519 1046 3576 Si
1064 3521 1160 3590 iudex,
1183 3521 1227 3576 eui
1244 3525 1320 3576 certa
1337 3525 1460 3590 tempora
1476 3536 1554 3591 prae·
1572 3515 1720 3605 Q
1754 3523 1781 3576 Ε

279 3612 363 3667 stita²
380 3618 466 3682 erant,
485 3612 634 3668 decesserit
651 3617 680 3666 et
698 3612 768 3666 alius
785 3612 813 3666 in
831 3613 920 3666 locum
938 3611 997 3666 eius
1014 3609 1096 3666 datus
1113 3607 1203 3680 merit,
1221 3615 1298 3666 muta
1309 3625 1344 3665 ex
1355 3611 1461 3680 integro
1473 3613 1599 3680 tempora
1609 3611 1638 3665 in
1650 3626 1718 3680 per·

279 3715 348 3756 sona
365 3701 424 3756 eius
441 3701 605 3771 praestituta
622 3701 820 3770 intellegemus,
838 3699 964 3770 quamuis
981 3698 1157 3768 magistratus
1175 3699 1334 3754 nominatim
1345 3698 1397 3756 hoe
1408 3699 1436 3753 in
1448 3699 1587 3768 sequentis
1598 3698 1720 3756 datione

280 3786 291 3860 ΙΙ
311 3803 365 3843 non
383 3789 561 3858 expresserit:
579 3790 619 3844 its
635 3794 728 3844 tamen
745 3794 777 3844 ut
793 3789 945 3858 legitimum
962 3791 1071 3857 tempus
1088 3801 1143 3844 uon
1161 3786 1284 3842 excedat.
1739 3793 1756 3839 t.
1766 3793 1797 3838 ss

222 3873 261 3934 33
332 3876 524 3933 Monusmuus
541 3877 610 3934 libro
628 3878 711 3933 tertio
728 3877 893 3947 regularum.
925 3877 986 3934 Non
1003 3876 1112 3932 uidetur
1129 3877 1157 3931 in
1174 3875 1292 3932 iudicem
1311 3875 1489 3945 consensisse,
1507 3875 1554 3945 qui
1572 3869 1721 3960 Q
1758 3878 1783 3932 Ε

279 3964 324 4020 edi
341 3963 394 4020 sihi
411 3979 498 4034 mnus
516 3966 589 4036 apud
607 3965 725 4022 eundem
742 3966 859 4023 iudicem
878 3965 1016 4022 desiderat
1032 3965 1155 4021 aetionis.
1742 3975 1770 4015 ιι

277 4061 457 4132 F[P(VLU)]

281 4198 289 4232 ¹
308 4196 434 4265 quamuis
451 4201 549 4263 postes
565 4212 636 4251 unus
653 4195 725 4252 filius
744 4202 824 4252 uatus
848 4197 884 4252 sit
901 4212 952 4252 nee
969 4211 1105 4266 quaquam
1117 4195 1253 4266 poluerint
1264 4194 1355 4264 plures
1368 4195 1451 4264 nasci,
1471 4209 1533 4250 com
1551 4209 1601 4264 per
1618 4209 1721 4250 rerum

279 4273 403 4321 naturam
422 4272 525 4320 certum
543 4265 626 4322 luerit
643 4283 727 4322 unum
745 4268 841 4323 nasei?
912 4268 1102 4338 ²praestituta
1120 4265 1220 4332 (Hatli

280 4388 464 4444 indueretur
481 4389 545 4443 P⁸L
589 4391 777 4460 3lemp0rum
795 4392 834 4445 P·
878 4391 966 4446 bsub
1019 4392 1188 4462 aeraedpersr
1202 4389 1299 4444 eicrr'rrr
1312 4389 1432 4460 'crrapxias
1445 4387 1527 4444 titire
1540 4389 1566 4442 B
1602 4389 1636 4444 23
1648 4405 1722 4459 par-

280 4479 328 4512 om.
341 4459 413 4513 ΡΨ
462 4459 614 4530 tiseptimo
627 4460 747 4518 'decimo'
765 4463 812 4527 P,
830 4462 868 4517 uii
884 4463 967 4528 VLU,
1019 4467 1062 4518 tes
1080 4461 1205 4517 dimidias
1223 4461 1263 4513 P·
1315 4462 1350 4516 25
1373 4458 1462 4514 luerat
1478 4460 1555 4514 PVL
1608 4461 1645 4514 26
1667 4461 1723 4516 de·

279 4531 308 4584 ui
325 4530 352 4585 P
394 4529 516 4585 laderit
532 4531 572 4584 P·
620 4533 706 4587 9rer.
724 4532 917 4590 hoditariarum
935 4534 967 4598 P,
1019 4533 1126 4589 buisset
1144 4531 1219 4597 ΡΨ,
1237 4531 1378 4586 debuisse·
1392 4531 1432 4584 P·
1480 4531 1514 4586 27
1533 4536 1627 4586 nostra
1647 4531 1722 4602 Ρ·Ι

279 4615 330 4654 rer.
340 4599 557 4656 hereditammL
572 4604 577 4670 Ι
593 4603 676 4673 quod]
688 4619 743 4674 quo
752 4605 792 4658 Ρ·
828 4607 863 4660 12
875 4610 967 4660 aucto
1020 4603 1234 4675 ins'pi'oientiam
1252 4601 1279 4656 F
1326 4603 1361 4657 28
1384 4601 1497 4658 deberet
1514 4603 1541 4655 P
1590 4603 1625 4656 29
1644 4611 1725 4670 agat

280 4687 336 4726 rem
355 4671 396 4724 Ρ·
449 4673 484 4726 14
507 4672 535 4726 iu
557 4688 619 4728 cum
642 4689 697 4730 uon
790 4677 825 4731 16
847 4677 875 4730 in
893 4675 967 4730 fidei·
1020 4675 1126 4730 PVLU
1168 4675 1202 4728 31
1221 4673 1259 4728 ibi
1276 4677 1304 4728 et
1321 4672 1412 4742 linem]
1431 4672 1479 4727 ubi
1496 4670 1661 4728 etinfinem
1679 4675 1725 4728 P·

280 4741 495 4798 commissarium
507 4745 577 4799 actio
590 4744 699 4809 aare
714 4749 796 4818 suppl.
809 4767 871 4802 m.a
949 4755 955 4767 ·
1021 4747 1056 4802 33
1073 4747 1102 4801 in
1119 4745 1217 4816 priore]
1235 4745 1325 4814 priore
1342 4746 1381 4800 P·
1431 4745 1466 4799 34
1483 4743 1641 4813 perducere]
1665 4745 1724 4800 du-

281 4813 315 4867 ih
333 4817 376 4867 est
392 4813 464 4868 enim
480 4812 580 4870 P¹VU
596 4815 601 4880 1
620 4813 733 4871 heredia
752 4817 855 4872 adisset
901 4816 972 4872 ‘VU
1020 4832 1082 4873 esre
1100 4817 1141 4872 P·
1185 4817 1219 4871 36
1238 4817 1322 4885 certa]
1341 4820 1417 4872 emta
1434 4815 1475 4869 Ρ·
1519 4815 1553 4868 37
1572 4814 1659 4870 adum
1676 4817 1726 4870 P·

282 4883 315 4936 18
333 4890 446 4952 cogetur
463 4883 542 4938 PLU
589 4885 622 4940 19
640 4885 680 4955 se]
698 4887 748 4942 sed
764 4888 806 4941 P·
849 4889 884 4942 20
901 4889 967 4943 uioi·
1020 4891 1055 4943 38
1078 4887 1319 4956 inconsequentes
1342 4887 1382 4940 Ρ·
1440 4885 1474 4940 39
1496 4885 1619 4954 legitima
1641 4891 1726 4942 tern-

280 4953 354 5023 num]
378 4954 401 5009 si
423 4955 528 5010 uicinus
552 4955 593 5010 P·
650 4959 683 5011 21
707 4957 732 5011 si
749 4960 849 5012 onaP·
869 4959 874 5028 l
894 4959 967 5029 eum]
1019 4974 1088 5030 pora
1104 4957 1209 5014 PVLU

280 5024 351 5084 euim
374 5025 415 5080 P·
473 5027 507 5086 22
530 5026 709 5100 pmuiaeiam]
732 5029 873 5103 prouincia
892 5031 967 5088 libri.-
