3856 5616
918 131 999 216 43*
1663 161 1675 194 ·

242 296 351 354 milibus
369 297 495 370 capitulis
514 301 666 352 curatorem
685 295 745 350 dari
762 293 826 350 licet
844 297 904 363 (scr.
922 297 1006 366 dicet)
1024 297 1160 354 inlocum
1184 313 1277 353 eorum
1296 298 1343 368 qui
1361 299 1492 370 temporis
1510 299 1681 356 uacationem

208 381 223 428 ι
241 371 385 442 recipiunt.
423 369 452 424 Si
470 367 583 424 libertus
601 367 690 440 pubes
713 366 849 438 (impubes
867 369 902 432 L)
926 368 1037 424 dabitur
1055 383 1072 422 a
1095 373 1210 440 pstrono
1233 373 1309 425 tutor
1326 373 1412 438 (tutor
1429 389 1478 424 om.
1490 371 1525 437 L)
1542 369 1605 426 tiliis
1624 373 1681 428 suis

241 443 286 497 uel
305 443 375 497 alins
393 442 464 507 (aliis
481 441 516 504 L)
534 441 690 510 quicunque
712 439 802 494 mirer
819 439 900 494 XXV
918 441 996 496 annis
1014 443 1157 506 (annorum
1181 445 1257 497 tutor
1274 443 1324 510 L),
1348 442 1436 498 donea
1458 443 1569 512 quidem
1593 443 1681 514 pubes

242 513 378 584 (impubes
391 514 425 579 L)
443 511 534 582 luerit,
553 527 608 567 uon
626 510 832 566 molestabitur:
849 511 957 566 interim
976 519 1068 566 autem
1087 513 1156 568 alter
1171 513 1250 578 (alter
1261 530 1310 566 om.
1321 513 1357 580 L)
1375 515 1403 568 ln
1421 514 1511 568 locum
1530 516 1589 570 eius
1607 531 1682 570 crea·

241 583 316 640 bitur
338 589 456 640 curator.
484 583 581 638 similis
603 589 646 637 est
670 586 709 646 (et
730 583 763 648 1⁶)
787 581 850 637 huic
873 587 902 638 et
923 584 1063 652 legitimus
1086 588 1175 652 tuter,
1199 585 1222 638 si
1245 582 1334 655 pubes
1356 584 1536 654 (impuberem
1560 587 1595 652 1)
1619 601 1681 642 esse

208 666 223 712 s
242 657 401 725 contigerit:
423 655 523 710 etenim
541 657 570 710 in
588 655 677 709 locum
696 653 756 708 eius
775 659 884 709 curator
901 654 1011 710 dabitur
1028 655 1145 710 interim.
1174 653 1203 709 Si
1221 656 1283 725 quis
1301 655 1340 710 ita
1358 661 1470 726 egrotus
1489 661 1629 726 (erogatus
1643 659 1679 726 1·)

241 726 336 798 luerit,
359 733 391 782 ιι
409 731 534 796 oporteat
552 741 615 780 eum
634 740 689 780 non
707 725 818 780 omnino
835 725 935 780 dimitti
954 743 972 782 a
989 726 1089 794 tntela,
1113 727 1141 782 in
1164 727 1254 781 locum
1279 727 1339 782 eins
1361 735 1472 784 curator
1488 728 1612 784 dabitur:
1637 745 1681 784 sa·

241 805 322 856 natus
341 803 464 864 (senatus
485 799 522 863 0)
545 801 637 852 autem
656 796 699 851 hic
717 811 811 850 rursus
829 799 942 867 recipiet
960 797 1090 867 (recipiet
1108 799 1143 864 L)
1167 799 1291 852 tutelam.
1320 799 1343 854 si
1366 805 1459 855 sutem
1478 801 1680 866 et(etem.1‘)

241 873 303 940 quis
321 871 349 924 in
367 871 500 925 insaniam
518 869 645 924 inciderit
662 867 803 931 (ceciderit
820 868 860 936 1),
879 869 975 924 similis
993 873 1037 924 est
1054 869 1126 924 huic.
1153 869 1192 925 ita
1210 875 1239 924 et
1256 873 1295 936 (et
1313 870 1352 925 ita
1367 871 1401 936 1)
1421 871 1553 941 Ulpianus
1572 871 1680 927 scribit:

241 942 369 997 Aduersa
386 955 495 1012 qnoque
513 939 637 995 ualitudo
655 947 777 1007 excusat,
796 939 845 994 sed
864 955 905 1010 ea,
924 955 978 1010 que
995 940 1192 1010 impedimento
1209 945 1260 1010 est,
1279 943 1424 1012 quominus
1443 943 1504 1014 quis
1522 944 1580 998 suis
1598 943 1680 998 rebus

241 1028 386 1086 superesse
403 1013 499 1085 possit,
519 1017 549 1068 ιι
566 1013 714 1082 imperator
731 1016 825 1066 noster
842 1025 905 1068 cum
923 1019 1003 1084 patre
1020 1013 1174 1082 rescripsit:

185 1114 221 1170 11
293 1113 413 1168 Pennus
430 1109 498 1164 libro
517 1109 648 1178 singulari
665 1107 700 1164 ds
717 1109 893 1165 excusatione
908 1114 1029 1166 tutorum
1048 1110 1075 1178 (l.
1087 1110 1134 1166 uiii
1146 1109 1293 1180 singularis
1310 1109 1495 1166 excusationis
1508 1109 1644 1168 tutonbus
1658 1111 1680 1177 1,

240 1183 266 1242 l’.
288 1185 317 1248 0,
337 1203 385 1237 om.
397 1183 441 1250 L).
477 1185 506 1236 et
524 1197 579 1236 non
597 1185 711 1250 tantum,
730 1181 915 1254 reincipiant
933 1182 1057 1253 (incipiat
1071 1181 1114 1252 L),
1133 1180 1183 1238 sed
1201 1185 1230 1238 et
1248 1183 1288 1250 (et
1305 1201 1354 1236 om.
1367 1181 1403 1250 1·)
1422 1199 1439 1238 a
1458 1189 1539 1254 cepta
1556 1185 1681 1254 (accepta

242 1255 327 1322 110)
346 1253 471 1310 excusari
490 1251 592 1308 debent
610 1250 704 1321 (debet
721 1252 765 1319 L).

185 1353 223 1412 11
294 1351 487 1438 ιιοιιιιιιιιι
505 1349 583 1406 libro.
619 1349 694 1404 ldem
714 1349 846 1448 Ulpianus
864 1349 925 1412 (iul.
945 1351 984 1418 1)
1003 1348 1099 1406 scribit
1116 1349 1238 1436 (scripsit
1258 1352 1308 1416 0)ι
1333 1351 1382 1406 ιιι
1404 1350 1464 1418 (sed
1482 1356 1511 1407 et
1529 1353 1570 1438 1·)Ι
1581 1351 1610 1407 ιι
1628 1349 1681 1406 hoo

241 1422 656 1561 cursuscursus
665 1421 791 1548 :alti
806 1422 895 1548 ‘titt
912 1421 1011 1548 stt
1023 1423 1682 1564 tutudittttttttttt‘?..tlt

210 1579 221 1624 1
241 1572 315 1622 rator
332 1566 442 1620 interim
459 1565 605 1633 (interdum
624 1570 734 1620 curator
751 1565 777 1618 ei
796 1563 822 1628 1,
846 1581 903 1620 cur.
922 1565 1029 1620 interim
1049 1567 1075 1620 ei
1096 1567 1132 1630 0)
1150 1565 1239 1620 detur.
1276 1565 1347 1620 Sunt
1364 1569 1393 1620 et
1411 1567 1471 1633 alii,
1490 1566 1538 1635 qui
1555 1567 1606 1621 etsi
1626 1567 1681 1622 iam

241 1637 297 1692 sint
314 1641 419 1692 tutores
436 1638 481 1692 uel
499 1641 639 1692 curatores
662 1635 718 1698 (uel
736 1652 793 1690 our.
812 1655 861 1690 ora.
873 1637 925 1703 1⁶),
949 1637 1079 1692 continue
1101 1637 1243 1702 (continuo
1261 1637 1296 1704 L)
1314 1636 1350 1693 de
1373 1637 1477 1706 reliquo
1501 1637 1681 1694 absoluantur

242 1707 429 1776 (absoluentur
447 1709 481 1773 L)
499 1723 517 1763 a
534 1707 730 1776 sollicitudine,
752 1711 821 1778 puta
838 1707 886 1777 qui
904 1707 1069 1764 domicilium
1088 1709 1157 1763 alias
1175 1708 1363 1764 manatulerint
1380 1724 1415 1764 ex
1438 1708 1570 1778 rescripto
1594 1710 1679 1780 impe·

241 1782 340 1836 ratom's
358 1781 470 1834 scientis
487 1779 597 1848 quidem
616 1785 734 1834 tutorem
753 1794 814 1834 esse
832 1793 904 1846 eum,
922 1780 1118 1846 transmigrare
1137 1785 1228 1836 sutem
1248 1780 1287 1842 (ei
1307 1789 1354 1834 tm.
1367 1779 1396 1846 1)
1415 1781 1552 1850 expresim
1570 1781 1596 1836 ei
1613 1796 1679 1836 con·

241 1853 372 1922 cedentis,
391 1851 531 1908 ethorum
550 1852 711 1906 alterutrum
729 1850 827 1905 litteris
845 1851 953 1914 (litteris
971 1870 1021 1904 om.
1031 1852 1069 1918 1⁰)
1086 1849 1275 1920 significantis.

185 1942 224 2000 ta
293 1942 371 1996 loru
393 1938 470 1995 libro.
507 1938 583 1994 Scire
601 1942 721 2008 oportet,
745 1937 872 2006 quonlam
896 1953 985 2008 neque
1009 1937 1067 1993 dati
1091 1939 1161 1996 (dari
1180 1940 1216 2005 L)
1238 1943 1345 1995 tutores
1367 1953 1457 2008 neque
1479 1941 1679 1998 testamentarii

240 2027 391 2082 prouocare
410 2026 523 2067 necesse
541 2009 657 2078 habent,
676 2013 708 2064 ut
725 2009 847 2064 ostendit
864 2011 1025 2065 constitutio
1043 2010 1100 2065 diui
1120 2009 1214 2066 Seueri
1233 2015 1262 2066 et
1279 2011 1420 2066 Antonini.
1448 2009 1500 2065 hoo
1518 2017 1610 2066 autem
1629 2011 1677 2066 ob-

240 2099 352 2140 seruare
370 2086 491 2148 (seruare
511 2083 545 2148 1⁰)
563 2087 671 2152 oportet
689 2087 718 2136 et
735 2081 762 2135 in
782 2079 853 2136 datis
872 2081 1057 2138 curatoribus:
1077 2083 1104 2137 in
1122 2083 1219 2152 paucis
1236 2082 1308 2138 enim
1327 2082 1409 2137 ualde
1422 2081 1525 2138 distant
1537 2089 1677 2139 curatores

241 2171 258 2210 a
275 2155 420 2212 tutoribus.
448 2153 581 2208 aduenam
594 2153 711 2222 denique
724 2153 875 2208 sententias
893 2153 1047 2209 auferentes
1060 2155 1100 2208 eis
1112 2155 1182 2220 (eius
1196 2153 1217 2217 1,
1236 2173 1285 2207 cm.
1300 2154 1337 2220 0)
1350 2155 1542 2210 excusationes
1554 2159 1677 2221 (excusa-

208 2240 220 2284 1
240 2227 323 2284 tionis
342 2229 376 2291 L)
394 2226 531 2281 licentiam
555 2224 695 2280 habebunt
718 2225 882 2294 appellandi.
919 2226 1004 2280 ltulta
1027 2240 1094 2280 uero
1113 2225 1259 2280 obseruare
1278 2224 1429 2286 (obseruari
1448 2227 1482 2294 L)
1500 2233 1622 2296 oportet,
1646 2232 1678 2282 ut

240 2298 426 2354 concedantur
442 2295 607 2362 (concedant
626 2297 659 2362 1)
677 2301 782 2350 ιιιιιιι
799 2297 844 2351 ιιι
862 2303 1003 2352 curatores
1021 2313 1120 2352 causas
1137 2297 1306 2352 remissionis
1323 2296 1451 2353 tribuere.
1479 2305 1588 2369 oportet
1604 2299 1677 2353 enim

241 2385 288 2426 eos
306 2369 431 2440 legaliter
448 2373 507 2434 (eos
524 2368 553 2422 in
571 2369 721 2422 constituto
733 2369 766 2432 L,
784 2381 832 2422 eos
850 2367 878 2422 iu
896 2370 1045 2425 constituto
1062 2375 1185 2438 tempore
1204 2369 1241 2434 0)
1261 2367 1295 2423 sd
1314 2367 1431 2424 iudicem
1450 2371 1594 2425 accedere:
1613 2375 1679 2425 sunt

240 2448 332 2498 ιιιιιι
351 2441 500 2497 constituta
516 2443 642 2510 tempora
659 2437 718 2494 hec.
745 2439 792 2508 qui
811 2440 929 2496 enimin
947 2441 1008 2510 ipsa
1025 2439 1138 2495 ciuitate
1155 2446 1213 2510 est,
1236 2439 1283 2494 ubi
1300 2447 1416 2509 creatur,
1434 2442 1478 2496 uel
1497 2444 1540 2506 (et
1559 2442 1588 2507 1)
1607 2441 1678 2498 inira

240 2515 329 2580 (iuxta
348 2514 381 2578 L)
405 2511 581 2568 centesimum
601 2510 744 2566 miliarium
765 2510 924 2581 aciuitute,
947 2509 1019 2566 inira
1041 2511 1064 2566 L
1088 2511 1148 2568 dies
1171 2509 1359 2580 excusabitur,
1384 2515 1433 2568 aut
1454 2517 1551 2582 postea
1569 2515 1678 2583 (postea

240 2590 332 2642 autem
352 2585 385 2650 L)
404 2599 458 2638 non
476 2583 642 2638 concedetur
659 2580 837 2648 (concedatur
856 2581 889 2651 ι’,
908 2583 1066 2638 conceditur
1077 2583 1151 2652 LO),
1169 2589 1213 2636 set
1230 2581 1396 2636 detinebitur
1413 2581 1449 2638 ad
1467 2583 1677 2642 sollicitudinem

240 2661 267 2722 (a
279 2655 461 2712 sollicitudine
474 2655 542 2720 10)ι
561 2659 589 2708 ιι
607 2655 631 2708 sl
648 2653 744 2708 borum
763 2651 829 2721 quid
848 2668 903 2707 non
920 2651 1024 2722 iecerit,
1043 2653 1095 2708 erit
1112 2653 1141 2708 in
1159 2653 1254 2708 eadem
1274 2667 1368 2722 causa,
1387 2655 1414 2710 in
1433 2669 1488 2722 qua
1500 2658 1564 2718 (non
1580 2665 1626 2710 sas.
1639 2657 1675 2721 1⁶)

239 2735 321 2796 esset,
340 2728 363 2782 si
381 2727 554 2797 apparuisset
572 2725 682 2810 proprio
694 2723 813 2793 periculo
831 2723 921 2794 ipsum
934 2725 1083 2795 negligere,
1101 2741 1152 2780 nec
1165 2725 1220 2780 nlla
1231 2727 1274 2780 est
1286 2725 1310 2780 ei
1322 2725 1370 2781 uia
1381 2725 1513 2782 derelicta
1524 2727 1630 2788 (relicta
1642 2729 1677 2793 L)

238 2799 274 2856 ad
293 2800 505 2854 excusationem.
532 2813 580 2866 qur
598 2801 690 2852 autem
709 2811 792 2866 supra
811 2797 952 2866 (superi.)
970 2803 1080 2852 centum
1099 2795 1214 2852 miliaria
1231 2812 1248 2850 a
1260 2795 1372 2852 ciuitate
1384 2796 1477 2866 distat,
1495 2798 1549 2854 XX
1562 2799 1678 2856 miliaria

238 2869 352 2928 babebit
369 2874 511 2926 numerata
533 2869 559 2924 ei
578 2869 619 2931 (ei
637 2887 686 2922 om.
701 2867 738 2932 0)
763 2881 811 2937 per
828 2883 910 2923 unam
935 2883 1071 2938 quamque
1090 2869 1186 2932 (unum
1205 2882 1340 2938 quemque
1364 2865 1391 2932 1)
1414 2867 1500 2938 diem,
1525 2885 1614 2939 aqua
1631 2873 1677 2936 (ex

239 2937 1555 3079 ustulatusululaturus..suisetretttllctl..tutte
1576 2940 1677 3068 lii?

239 3087 416 3142 cusationem.
444 3083 496 3138 hoo
514 3089 606 3140 autem
625 3083 754 3138 conuenit
771 3087 800 3136 ιι
817 3081 868 3138 biis
886 3083 933 3152 qut
951 3083 979 3138 iu
997 3084 1036 3148 (in
1048 3083 1141 3149 οηι.1)
1155 3087 1320 3138 testamento
1337 3081 1395 3138 dati
1408 3087 1481 3152 sunt,
1499 3083 1558 3138 siue
1571 3090 1677 3140 tutores

239 3157 341 3212 luerint
352 3157 410 3211 siue
423 3161 572 3223 curatores,
590 3170 660 3226 quos
673 3159 812 3209 curatores
824 3157 975 3216 (curatores
988 3173 1036 3206 ons.
1046 3155 1081 3219 L)
1093 3152 1247 3210 confirmari
1261 3153 1431 3210 consuetudo
1443 3159 1488 3210 ιιι
1504 3157 1677 3225 amagistra-

206 3229 313 3284 atibus
332 3227 510 3296 (magistratu
531 3226 578 3296 0).
615 3224 697 3280 Aliud
717 3229 807 3278 autem
827 3223 893 3278 illud
912 3224 989 3290 (illud
1007 3244 1055 3277 oar.
1069 3225 1103 3285 1)
1128 3225 1282 3280 inuenimus
1305 3241 1339 3280 ex
1357 3225 1441 3281 llarci
1459 3228 1677 3297 promulgatione

239 3301 301 3364 (uel
320 3308 366 3352 tas.
386 3298 407 3367 1,
427 3303 456 3352 ιι
474 3307 521 3352 ias.
533 3298 569 3360 0)
587 3297 760 3364 inquisitione
779 3295 907 3362 dignum:
931 3297 956 3350 ei
976 3299 1017 3357 (et
1036 3297 1061 3350 ei
1083 3297 1119 3360 0)
1137 3297 1223 3366 enim,
1246 3297 1292 3366 qui
1311 3297 1338 3351 in
1357 3298 1418 3367 ipsa
1436 3299 1549 3353 ciuitate
1567 3305 1623 3368 est,
1648 3299 1676 3354 in

240 3387 296 3442 qua
314 3374 422 3426 creatus
441 3373 498 3437 est,
522 3369 565 3422 nel
589 3369 661 3422 intra
679 3367 701 3422 0
721 3367 848 3435 miliaria,
874 3368 896 3421 L
919 3367 1023 3422 dicrum
1048 3367 1125 3421 dedit
1142 3368 1199 3433 (eis
1218 3377 1265 3422 tos.
1280 3368 1315 3432 0)
1334 3369 1474 3438 legislator
1491 3371 1625 3440 spatium:
1651 3369 1676 3424 ei

239 3458 315 3512 uero,
334 3443 380 3512 qui
399 3443 470 3497 ultra
482 3439 503 3496 0
516 3440 631 3494 miliaria
647 3438 760 3506 habitat,
779 3453 829 3508 per
846 3453 928 3492 unam
947 3453 1084 3508 quamque
1102 3439 1174 3494 diem
1194 3445 1319 3509 oportere
1337 3441 1472 3495 numerari
1489 3441 1542 3496 XX
1561 3441 1677 3497 miliaria

219 3537 223 3544 ·
240 3515 321 3572 iussit
344 3521 373 3568 et
390 3517 429 3580 (et
447 3533 495 3566 om.
510 3513 544 3576 1)
568 3516 646 3564 ιιιιι
668 3510 718 3564 hos
741 3510 809 3565 alios
827 3509 907 3564 XXX
926 3509 986 3565 dies
1004 3509 1104 3564 adiecit
1122 3511 1184 3575 (alii
1202 3527 1259 3565 ιιι
1278 3511 1304 3565 d.
1322 3511 1474 3566 adicientur
1491 3513 1521 3577 1)
1540 3513 1576 3567 ad
1593 3529 1675 3568 excu-

240 3587 382 3642 sationem.
411 3583 484 3639 unde
503 3582 637 3652 contingit
655 3582 785 3649 (contigit
805 3581 854 3650 0),
874 3582 896 3636 si
914 3579 996 3635 fuerit
1013 3582 1075 3650 quis
1092 3597 1110 3636 a
1128 3582 1200 3638 CLX
1219 3582 1340 3637 miliariis
1358 3582 1541 3638 habitationes
1560 3583 1676 3646 (babita-

239 3659 340 3714 tionem
360 3658 395 3724 L)
413 3654 531 3721 faciens,
551 3653 614 3709 huic
632 3667 694 3706 esse
712 3653 830 3722 spatium
849 3657 912 3707 octo
930 3658 958 3708 et
976 3651 1057 3706 XXX
1076 3651 1189 3722 dierum,
1207 3659 1270 3708 octo
1288 3653 1399 3722 quidem
1417 3654 1489 3710 CLX
1508 3655 1628 3724 (quidem
1648 3661 1677 3710 et

240 3730 385 3798 sexaginta
398 3729 431 3793 L)
450 3725 625 3782 miliariorum
643 3730 784 3794 tamqnam
803 3739 851 3792 per
868 3741 950 3778 unam
970 3738 1107 3792 quamque
1125 3725 1197 3779 diem
1211 3724 1265 3779 XX
1277 3725 1399 3780 miliariis
1417 3727 1574 3793 numeratis,
1594 3727 1675 3782 XXX

240 3816 306 3856 uero
325 3815 372 3856 eos
390 3799 436 3870 qui
455 3801 499 3863 (eo
517 3797 591 3866 quod
604 3797 639 3860 1)
658 3795 692 3850 ad
712 3795 924 3850 excusationem.
953 3796 1005 3850 erit
1023 3795 1106 3864 igitur
1122 3797 1151 3852 in
1168 3796 1296 3851 deteriori
1312 3797 1419 3866 ordine,
1438 3797 1485 3866 qui
1502 3797 1610 3866 longius
1628 3798 1675 3853 ha·

238 3873 324 3941 bitat,
347 3887 380 3926 eo
398 3871 446 3939 qui
463 3871 535 3924 intra
553 3869 575 3924 0
594 3867 709 3922 miliaria
726 3871 769 3922 est
787 3870 841 3932 (est
853 3887 901 3921 om.
915 3869 950 3932 0,
967 3875 1027 3939 post
1043 3867 1156 3923 ciuitate
1173 3870 1258 3922 rodco.
1273 3867 1309 3934 L)
1327 3869 1371 3924 uel
1388 3869 1416 3922 in
1434 3869 1494 3938 ipsa
1512 3869 1632 3938 ciuitate,
1652 3869 1676 3924 si

239 3943 300 4010 (sed
319 3943 369 4006 11)
388 3943 482 4010 ntique
500 3939 551 3994 hiis
569 3939 680 4010 quidem
700 3953 808 4008 semper
825 3938 849 3992 L
867 3938 904 4004 (lx
923 3939 958 4005 L)
976 3937 1036 3992 dies
1054 3939 1134 4007 spatii
1152 3943 1216 3993 sunt
1233 3939 1310 4004 (sunt
1327 3959 1375 3994 om.
1390 3940 1435 4006 0),
1454 3939 1507 3994 illis
1525 3955 1590 3995 uero
1608 3957 1675 4010 pau·

239 4015 333 4070 tiores:
352 4019 395 4069 set
413 4014 464 4067 etsi
483 4012 601 4066 maxime
619 4010 706 4067 uerba
722 4010 792 4078 legis
810 4009 882 4064 hunc
900 4009 1020 4064 habeant
1037 4009 1213 4080 intellectum,
1231 4013 1324 4065 tumen
1337 4025 1413 4066 mens
1425 4010 1589 4080 legislatoris
1602 4011 1676 4067 aliud

239 4087 308 4142 uult.
334 4087 374 4140 ita
396 4087 467 4140 enim
487 4083 630 4138 Uerbidius
649 4089 677 4138 et
695 4083 777 4137 Bolas
796 4081 874 4144 (bola
894 4082 930 4150 0)
954 4085 982 4135 ιι
1000 4081 1101 4136 Paulus
1124 4087 1152 4136 et
1174 4082 1311 4136 Domitius
1329 4081 1461 4152 Ulpianus
1484 4087 1523 4146 (et
1546 4083 1675 4138 domitius

240 4159 368 4228 ulpianus
386 4176 434 4210 om.
448 4157 483 4222 L)
501 4155 618 4210 nemiccs
636 4153 705 4222 legis
723 4152 899 4222 prudentium
917 4152 1040 4208 scribunt
1057 4153 1180 4208 dicentes
1197 4155 1237 4208 ita
1248 4157 1374 4224 oportere
1387 4159 1506 4224 (oportet
1518 4155 1546 4221 1)
1558 4155 1610 4210 ιιι
1627 4154 1675 4210 ob·

240 4245 365 4297 seruare,
389 4235 421 4282 ιι
444 4242 581 4295 nunquam
606 4226 687 4282 alicui
710 4226 800 4280 minus
823 4224 903 4279 detur
920 4225 944 4279 L
962 4224 1067 4280 dierum
1086 4226 1205 4296 spatium
1225 4225 1330 4296 (spatio
1349 4225 1393 4294 1)ι
1415 4229 1482 4280 tunc
1504 4231 1595 4280 autem
1618 4227 1675 4282 lon·

240 4301 311 4372 gine,
331 4315 392 4354 cum
412 4299 601 4354 annumeratio
618 4298 848 4363 (annumeratone
869 4297 906 4362 0)
924 4311 1017 4351 eorum
1036 4297 1083 4366 qui
1101 4297 1176 4366 (quia
1194 4297 1229 4364 1·)
1248 4299 1275 4351 ιι
1293 4297 1340 4352 uia
1358 4301 1422 4352 sunt
1439 4297 1545 4352 dierum
1568 4298 1676 4353 adiecta

241 4372 366 4438 (adiectis
385 4370 414 4436 1)
433 4369 513 4424 XXX
532 4369 643 4438 diebus,
661 4384 731 4438 quos
749 4368 784 4421 ad
803 4367 1007 4423 excusationem
1025 4370 1071 4423 lex
1089 4369 1148 4438 dat,
1172 4368 1282 4423 excedit
1299 4369 1432 4436 (excedat
1452 4369 1489 4434 0)
1507 4369 1529 4423 L
1548 4368 1620 4424 dies:
1644 4375 1676 4424 ut

260 4450 309 4498 uta
332 4443 354 4497 si
377 4442 494 4510 aliquem
519 4441 667 4496 dixerimus
690 4439 932 4510 aquadriogentis
955 4440 1005 4494 XL
1029 4441 1150 4495 miliariis
1173 4439 1310 4495 babitare:
1334 4440 1378 4495 bio
1402 4441 1474 4495 enim
1497 4441 1541 4495 uie
1564 4441 1674 4510 quidem

209 4523 224 4567 a
240 4461 354 4570 Eabebit
371 4513 431 4567 dies
449 4511 537 4580 XXU,
556 4513 592 4568 ad
609 4512 814 4567 excursationem
826 4517 918 4566 autem
930 4515 958 4578 (a
977 4515 1033 4565 tem
1047 4531 1094 4564 om.
1109 4513 1142 4579 1)
1154 4511 1222 4570 allos
1234 4512 1314 4567 XXX
1328 4513 1396 4576 (xxii
1408 4513 1452 4574 1).
1483 4511 1675 4568 Obseruabunt

241 4593 333 4641 autem
353 4586 405 4640 boc
422 4585 554 4653 temporis
572 4583 689 4654 spatium
708 4598 818 4653 omnes,
841 4583 888 4652 qui
910 4527 1134 4653 qustiescunque
1158 4589 1323 4640 excusantur
1346 4599 1363 4638 a
1380 4584 1468 4638 tutela
1484 4584 1529 4638 uel
1547 4599 1613 4638 cura
1630 4586 1675 4640 uel

207 4667 222 4711 s
241 4663 319 4728 parte
338 4657 397 4712 eius
415 4655 505 4714 (buius
524 4655 593 4720 1⁶6⁴,
613 4657 662 4730 dap.
678 4655 730 4720 0').
768 4659 945 4723 Consequens
963 4660 1053 4708 autem
1075 4661 1117 4710 est
1135 4655 1259 4724 credere,
1277 4655 1351 4725 quod
1369 4655 1393 4710 si
1411 4655 1502 4722 alicua
1519 4657 1611 4724 specie
1629 4672 1674 4710 ex·

242 4729 391 4784 cusationis
408 4725 491 4782 tuerit
507 4727 569 4798 quis
587 4742 666 4794 usus,
691 4743 746 4786 non
766 4731 844 4794 aliter
863 4726 988 4782 audietur
1005 4726 1126 4789 (auditur
1144 4727 1193 4798 L),
1218 4727 1270 4782 nisi
1289 4725 1478 4783 obseruauerit
1495 4728 1674 4782 constitutum

209 4809 224 4855 a
241 4807 359 4870 tempus,
378 4800 402 4855 si
420 4814 474 4854 non
493 4799 556 4860 (nisi
575 4798 602 4864 1)
621 4795 690 4853 forte
708 4803 810 4892 aliquis
829 4798 939 4856 alterius
957 4797 1076 4853 ciuitatis
1094 4799 1162 4854 ciuis
1181 4799 1260 4864 (ciuis
1278 4817 1326 4853 om.
1343 4799 1379 4864 0)
1397 4801 1448 4852 ιιι.
1484 4798 1528 4852 Ita
1544 4813 1611 4854 uero
1628 4814 1674 4854 ne-

241 4887 319 4926 cesse
338 4875 381 4926 est
398 4869 535 4925 custodire
553 4870 729 4934 constitutum
777 4889 870 4954 mppr,
888 4867 969 4941 quod,
987 4869 1027 4933 (et
1045 4878 1092 4924 tes.
1104 4871 1140 4936 0)
1159 4869 1183 4924 si
1201 4876 1347 4925 excusatus
1365 4867 1448 4924 inerit
1466 4867 1602 4940 dimissus,
1620 4885 1675 4926 non

241 4943 350 5000 liberari
367 4957 429 4999 eum
448 4942 504 4997 diui
522 4940 617 5010 (dium
635 4942 686 5010 10)
705 4949 836 5052 seherus
854 4948 882 5003 ιι
899 4940 1053 4998 Αιιιιιιιιι
1070 4941 1219 4998 ostendunt
1234 4943 1263 4997 in
1277 4941 1471 4998 constitutione
1483 4939 1609 4998 iubentes
1620 4957 1675 4998 non
