3664 5570
284 265 354 331 VIII
375 267 396 330 2
418 271 532 324 21-30
951 251 1038 330 256
1399 277 1445 321 nn
1466 275 1708 322 ennomus

284 419 448 475 stillicidium
472 432 562 471 meum
587 417 697 484 attinet,
721 415 760 467 sie
783 412 866 466 stetui
885 410 1009 478 debebit,
1033 417 1064 465 ut
1082 411 1105 464 sl
1123 411 1205 465 ultius
1223 411 1339 465 sublatis
1357 410 1487 466 moiun
1503 413 1559 466 tuis
1577 411 1710 466 stillicidis

283 523 346 562 mee
362 507 459 561 eadere
477 506 505 560 in
522 520 557 559 ee
574 519 629 558 non
641 503 754 572 possint,
773 515 807 555 ee
819 500 923 554 ratione
934 499 1016 554 ultius
1028 498 1078 553 tibi
1090 497 1236 554 aedificare
1249 513 1304 555 non
1315 500 1411 555 lioeet:
1429 502 1519 556 sinon
1530 499 1711 570 impedimur

283 595 419 650 utilliuidiu
436 608 505 660 mee,
523 593 605 646 liceat
621 590 671 646 tibi
688 591 771 644 altius
788 589 891 643 tollere.

228 686 265 743 22
334 683 477 737 Iunmuue
496 680 565 735 libro
583 679 703 734 seeundo
720 693 755 732 ex
773 676 889 731 llinioio.
926 675 977 741 Qni
995 673 1151 731 eedifieinm
1168 674 1266 745 babet,
1288 682 1382 746 polest
1399 677 1564 730 seruitutem
1577 669 1712 758 Q
1739 680 1767 732 S·

284 770 373 825 uieino
392 771 542 837 imponere,
565 773 597 822 ut
614 783 669 822 non
686 767 774 820 solum
791 764 827 818 de
845 763 887 818 bis
904 765 1065 834 luminibus,
1089 779 1160 833 quse
1178 765 1206 818 in
1223 765 1380 834 proesentis
1397 769 1490 832 munt,
1513 763 1563 818 sod
1578 766 1662 818 etim
1680 764 1740 817 des

284 858 326 914 bis
344 873 415 927 quee
432 861 530 927 postes
547 855 654 924 fuerint,
673 859 778 908 meet

228 948 266 1005 23
337 947 508 1001 Poumomue
530 943 599 999 libro
620 943 779 1011 trigemino
801 941 883 996 tertio
906 940 944 994 ed
961 938 1101 996 Sabinum.
1137 939 1168 995 Si
1191 941 1310 995 sernitns
1332 941 1462 1010 impositu
1477 938 1559 994 inuit
1576 932 1714 1021 {⁵⁸}-
1741 945 1758 996 s

285 1032 395 1088 'lumine
411 1048 482 1102 quoe
499 1047 572 1087 nune
588 1036 660 1100 sunt,
678 1035 710 1084 ut
725 1031 765 1084 ite
782 1027 852 1098 sint',
871 1028 906 1083 de
925 1027 1023 1082 futuris
1040 1027 1188 1084 luminibus
1206 1029 1272 1083 nibil
1290 1029 1383 1083 oeueni
1399 1027 1522 1082 uidetur:
1543 1027 1618 1096 quod
1633 1029 1658 1081 si
1676 1028 1716 1081 ite

285 1121 321 1176 sit
338 1126 448 1176 osutum
467 1119 508 1175 ‘ne
524 1118 671 1174 lumimbus
689 1116 841 1186 offioietnr',
860 1115 990 1185 ambigue
1001 1121 1044 1170 est
1056 1116 1199 1186 seriptum,
1216 1123 1308 1171 utrum
1320 1131 1355 1170 ne
1367 1115 1411 1170 bis
1422 1114 1570 1170 luminibus
1580 1113 1716 1170 officiatur

285 1225 356 1279 quee
373 1225 445 1264 nuno
463 1207 530 1277 sint,
549 1222 584 1261 en
601 1207 683 1261 etiem
701 1207 744 1260 his
762 1221 833 1275 quoe
851 1210 948 1276 postue
965 1219 1075 1275 qnoque
1091 1202 1206 1259 fuerint:
1224 1210 1254 1259 et
1271 1205 1417 1260 humanius
1434 1209 1477 1259 est
1494 1203 1579 1259 uerbo
1595 1203 1716 1272 gmernli
1735 1215 1759 1253 ιο

285 1312 366 1352 omne
381 1297 473 1351 lumen
491 1293 651 1365 significari,
675 1295 735 1348 siue
752 1293 828 1363 quod
845 1295 874 1348 in
891 1294 1030 1362 praesenti
1047 1293 1107 1348 sine
1126 1293 1201 1362 quod
1217 1299 1283 1362 post
1299 1299 1408 1362 tempus
1426 1292 1613 1348 eonnention'm
1630 1291 1717 1345 eonti-

253 1401 265 1444 1
285 1385 364 1455 gerit
392 1385 495 1438 Futuro
512 1398 621 1453 quoque
639 1381 772 1452 sedifioio,
791 1382 864 1452 quod
882 1381 1003 1436 nondum
1022 1386 1073 1449 est,
1091 1381 1135 1435 uel
1154 1381 1258 1450 imponi
1275 1382 1319 1436 uel
1337 1381 1446 1451 adquiri
1463 1380 1581 1436 sennium
1597 1385 1700 1449 polest.

228 1476 266 1532 24
338 1474 456 1528 Pennus
474 1471 542 1527 libro
559 1472 654 1540 quinto
672 1471 779 1526 decimo
797 1471 833 1524 ed
848 1469 990 1524 Sabinum,
1016 1468 1102 1524 euius
1114 1467 1268 1525 mumolum
1280 1471 1339 1525 inre
1349 1471 1479 1540 superius
1490 1474 1541 1538 est
1560 1461 1719 1550 Q
1746 1474 1765 1526 S

285 1561 311 1616 ei
328 1570 371 1615 ius
389 1561 476 1615 estin
493 1557 599 1614 infinito
617 1575 701 1628 supra
718 1575 798 1614 sunm
816 1556 971 1613 aedificium
989 1557 1138 1627 imponere,
1156 1555 1371 1614 dum-inferiore
1389 1556 1514 1614 uedifioie
1525 1572 1580 1614 nou
1591 1557 1719 1626 grauiore

284 1649 416 1703 seruitute
434 1651 532 1703 oneret
546 1662 628 1717 quem
646 1649 704 1716 peti
722 1647 832 1702 debent.
1738 1655 1763 1695 ιι

228 1739 267 1796 25
337 1737 508 1792 Posmounus
531 1735 599 1791 libro
621 1736 781 1804 nigemimo
803 1735 885 1790 tertio
908 1733 943 1788 ed
962 1731 1103 1788 Sabinum.
1139 1735 1212 1803 Hoo,
1236 1733 1312 1803 quod
1335 1733 1440 1789 dietum
1463 1737 1508 1788 est
1527 1733 1562 1788 de
1579 1732 1719 1802 nnmissis,
1750 1729 1768 1780 S

284 1825 372 1879 looum
394 1822 478 1879 hebet
501 1839 537 1879 ex
557 1822 682 1878 aedificio
700 1823 754 1878 elio
772 1824 800 1878 in
817 1823 906 1878 eliud:
930 1823 1009 1877 aliter
1026 1823 1099 1877 enim
1116 1837 1200 1891 supro
1217 1823 1336 1878 alienum
1353 1820 1510 1876 eedifioium
1527 1823 1653 1892 suposins
1670 1820 1720 1874 lm·

252 1920 264 1964 1
284 1910 350 1966 bere
364 1926 447 1966 nemo
464 1916 564 1981 potest
592 1910 621 1967 si
639 1927 674 1966 ex
691 1911 779 1967 tribus
797 1910 913 1966 aeuum
928 1911 958 1965 in
975 1911 1036 1966 loeo
1053 1911 1150 1978 impuri
1167 1911 1266 1981 positis
1282 1910 1367 1966 eedes
1379 1910 1487 1965 mediae
1498 1925 1543 1965 su·
1561 1903 1721 1992 Q

283 1998 435 2069 perioribus
453 2000 575 2054 seruiunt
592 1999 715 2068 sedibus,
732 1997 875 2054 inferiores
888 2003 980 2053 eutem
992 1999 1059 2052 nulli
1072 1999 1201 2068 seruiunt,
1216 2004 1246 2054 et
1256 1999 1348 2068 peries
1361 1999 1522 2068 eommunis,
1541 1999 1587 2067 qui
1597 2000 1637 2052 sit
1647 2000 1721 2052 inter

285 2087 368 2142 sedes
385 2085 526 2144 inferiores
545 2091 573 2143 et
590 2087 704 2158 medius,
723 2087 804 2144 sitim
822 2103 839 2142 e
856 2086 967 2142 donnino
984 2084 1141 2142 inferiorum
1159 2085 1270 2142 sedium
1288 2086 1413 2144 subletum
1427 2088 1472 2156 sit,
1490 2088 1550 2142 inre
1561 2101 1624 2142 eum
1636 2086 1721 2141 ultius
1740 2096 1767 2135 so

284 2174 439 2230 habiturum
457 2173 575 2230 Sebinus
592 2175 639 2230 uit

228 2259 267 2318 26
337 2263 457 2319 Psuuue
480 2261 549 2319 libro
571 2264 666 2333 quinto
684 2263 791 2318 dooimo
809 2261 845 2316 sd
863 2260 1003 2318 Sebinum.
1039 2262 1071 2316 ln
1089 2276 1119 2316 re
1137 2264 1275 2318 oommnni
1291 2277 1372 2318 nemu
1391 2263 1562 2318 dominorum
1580 2255 1723 2346 Q
1752 2264 1772 2318 S

285 2351 344 2407 iure
361 2351 502 2408 seruitutis
519 2367 609 2422 neque
626 2351 717 2407 iuuere
735 2351 880 2420 quiequam
897 2349 984 2406 inuito
1001 2350 1088 2405 ollem
1104 2354 1198 2418 potest
1209 2365 1299 2420 neque
1310 2350 1463 2422 probibere,
1482 2367 1538 2421 quo
1549 2351 1638 2406 minue
1650 2351 1723 2406 ulter

285 2438 370 2496 fuoiet
386 2440 462 2506 (nulli
479 2441 552 2496 enim
571 2455 615 2495 res
637 2456 689 2495 sue
705 2439 815 2506 seroib:
832 2438 926 2507 iteque
943 2437 1055 2507 propter
1072 2439 1220 2521 immensus
1237 2439 1427 2496 eontentionus
1444 2440 1604 2509 plerumque
1619 2453 1665 2493 ree
1682 2438 1723 2493 nd

286 2525 447 2584 diuisionem
464 2529 598 2598 peruenit
630 2527 680 2584 sed
696 2543 747 2598 per
764 2527 901 2582 eommuni
918 2525 1069 2582 diuidundo
1086 2527 1222 2584 eutionem
1239 2528 1417 2597 eonsequitnr
1434 2528 1540 2598 moins,
1557 2527 1723 2597 quominus
1743 2537 1771 2578 ss

287 2628 357 2685 opus
374 2612 423 2670 fist
439 2622 489 2671 eut
505 2622 537 2671 ut
553 2616 584 2671 id
601 2631 671 2686 opus
688 2614 762 2686 quod
780 2613 846 2670 feeit
863 2615 949 2684 tollet,
968 2614 992 2668 si
1009 2614 1091 2671 modo
1108 2617 1161 2672 toti
1178 2617 1305 2672 sooieteti
1322 2615 1437 2685 prodest
1453 2631 1526 2686 opus
1540 2615 1607 2672 tolli

169 2775 173 2784 ι
230 2699 269 2756 27
340 2702 511 2759 ΡοιιΡοιιιιιε
532 2702 602 2760 libro
623 2703 782 2774 triguneimo
801 2703 881 2758 tertio
899 2701 936 2757 ed
953 2701 1094 2759 Sabinum.
1132 2703 1187 2760 Sed
1205 2705 1229 2759 si
1247 2705 1319 2759 inter
1335 2709 1364 2758 te
1381 2709 1411 2760 et
1428 2719 1473 2760 me
1491 2719 1563 2760 oum·
1582 2697 1725 2787 Q
1756 2707 1776 2759 S

288 2804 385 2846 munos
403 2798 468 2847 sunt
478 2791 603 2847 Titianae
620 2791 705 2847 sedes
723 2795 804 2846 etex
821 2789 864 2846 bis
882 2790 986 2860 aliquid
1002 2805 1059 2847 non
1075 2792 1133 2847 iure
1151 2793 1180 2847 in
1198 2793 1266 2848 elios
1283 2791 1367 2847 aedes
1386 2806 1463 2847 mess
1480 2793 1604 2862 proprius
1617 2792 1725 2846 immis-

288 2893 349 2934 sum
372 2878 422 2948 sit,
445 2894 543 2949 nempe
566 2883 658 2936 teoum
677 2879 742 2934 mibi
760 2893 843 2948 egere
860 2879 925 2934 lieet
942 2884 991 2934 eut
1007 2894 1064 2935 rem
1082 2881 1223 2950 perdere¹.
1259 2881 1333 2936 idem
1350 2878 1412 2950 fiet,
1436 2881 1461 2934 ei
1479 2895 1515 2935 ex
1531 2880 1586 2934 tuuis
1602 2878 1725 2948 propriie
1745 2887 1774 2928 ²⁹

287 2965 402 3022 sedibus
419 2967 449 3022 in
466 2982 625 3024 communes
643 2983 720 3023 meas
737 2973 767 3023 et
782 2971 846 3023 tuus
864 2967 947 3022 eedes
965 2967 1032 3038 quid
1049 2967 1172 3022 similiter
1190 2965 1200 3038 ll
1220 2973 1295 3022 esset
1310 2968 1476 3037 proiectum:
1496 2967 1563 3022 mibi
1579 2967 1651 3021 enim
1668 2967 1726 3021 soli
1744 2972 1817 3019 tnui

254 3063 268 3109 1
286 3060 378 3111 teoum
396 3059 441 3110 est
457 3057 539 3110 eotio.
565 3053 596 3110 Si
612 3056 641 3110 in
659 3071 725 3111 eree
741 3056 879 3111 eommuni
896 3053 1042 3111 eediiioere
1058 3055 1136 3125 uelis,
1154 3055 1245 3110 eooius
1256 3055 1419 3125 probibendi
1430 3057 1473 3111 ins
1485 3054 1576 3125 hebet,
1594 3054 1726 3123 quamuis

287 3149 318 3199 tn
338 3142 502 3201 eedlfioendi
523 3143 568 3198 imo
589 3143 692 3200 habeus
714 3160 732 3200 e
754 3143 846 3199 uioino
869 3159 1043 3214 oonoeesum,
1066 3143 1131 3213 quin
1153 3144 1240 3198 inuito
1263 3143 1339 3200 socio
1361 3144 1390 3199 in
1413 3143 1490 3199 iure²
1507 3143 1644 3199 eommuni
1665 3157 1727 3197 non

286 3230 390 3289 hebees
407 3233 451 3286 ius
468 3228 640 3286 eedifioendi.

230 3315 269 3374 28
339 3321 460 3376 Pennus
476 3319 545 3376 bbro
563 3319 659 3389 quinto
677 3319 784 3374 deoimo
801 3319 838 3374 ud
855 3318 996 3375 Sabinum.
1033 3319 1168 3374 Foremen
1183 3318 1212 3373 in
1229 3319 1284 3374 imo
1302 3319 1407 3388 pariete
1425 3319 1565 3374 uunolsnis
1582 3311 1726 3400 Q
1760 3323 1782 3376 S

287 3408 331 3464 uel
351 3407 485 3478 biclinii⁸,
509 3407 583 3478 quod
600 3411 675 3463 esset
691 3406 834 3475 proluendi
851 3407 1002 3477 pauimenti
1020 3422 1117 3477 oense,
1140 3406 1169 3460 id
1187 3421 1276 3476 neque
1292 3406 1394 3462 flumen
1412 3421 1475 3461 eesu
1492 3421 1581 3474 neone
1597 3410 1727 3473 tempore
1747 3417 1778 3456 ιε

287 3495 395 3565 adquiri
416 3496 528 3566 pleouit
564 3495 617 3551 boe
639 3495 679 3550 ile
700 3509 797 3550 uerum
815 3500 871 3566 eet,
894 3495 965 3550 siin
981 3508 1045 3550 eum
1061 3497 1152 3550 loeum
1170 3495 1237 3550 nibil
1253 3510 1289 3551 ex
1306 3496 1383 3550 oeelo
1401 3509 1491 3564 eques
1508 3494 1603 3549 uomet
1618 3495 1726 3562 (neque

287 3583 360 3638 enim
383 3588 543 3652 perpetuom
567 3598 678 3638 oausam
695 3581 780 3637 hebet
797 3582 871 3652 quod
888 3597 971 3638 muuu
988 3580 1044 3650 fit):
1067 3587 1097 3638 et
1113 3582 1189 3652 quod
1206 3598 1242 3637 ex
1259 3584 1335 3638 eaelo
1353 3582 1441 3653 oudit,
1464 3583 1518 3638 ulei
1535 3597 1589 3637 non
1606 3579 1726 3636 mnino

286 3668 326 3740 fit,
344 3684 380 3725 ex
397 3671 516 3725 netmeli
533 3675 626 3725 temen
644 3685 729 3725 oense
745 3669 777 3725 fit
794 3675 824 3725 et
840 3670 902 3725 ideo
920 3675 1053 3740 perpetuo
1071 3669 1130 3726 fieri
1147 3670 1327 3726 existimetur.
1354 3685 1450 3726 omnoe
1469 3675 1561 3725 eutem
1573 3668 1726 3724 sennium

285 3757 459 3826 praediorum
476 3761 625 3828 perpetues
643 3772 741 3813 ouuses
758 3756 860 3813 hebere
878 3757 987 3828 debent,
1006 3761 1034 3812 et
1051 3758 1114 3814 ideo
1125 3772 1215 3828 neque
1227 3774 1262 3814 ex
1273 3759 1335 3814 leon
1346 3772 1437 3828 neque
1449 3773 1484 3813 ex
1496 3761 1596 3827 stagno
1608 3755 1727 3811 oonoedi

286 3859 376 3916 muse
393 3844 493 3900 duetus
510 3849 610 3916 potest
639 3844 768 3900 otilliuidii
785 3859 893 3915 quoque
910 3845 1075 3900 immittendi
1092 3847 1224 3902 neutralis
1242 3851 1271 3901 et
1287 3849 1420 3916 perpetuu
1438 3861 1524 3902 oense
1541 3859 1602 3900 esse
1620 3841 1716 3897 debet.
1749 3855 1782 3895 eo

229 3937 268 3997 29
338 3933 510 3990 Pouromus
527 3933 597 3989 libro
615 3933 774 4002 bigemimo
791 3933 914 3989 seeundo
932 3933 968 3988 sd
986 3932 1116 3999 Quintum
1133 3934 1261 3988 lineium.
1297 3933 1327 3989 si
1345 3933 1411 4002 quid
1428 3933 1566 4003 igiturex
1582 3925 1728 4015 [effi
1752 3937 1799 3990 ’E

286 4035 320 4078 eo
337 4019 479 4092 foramine,
497 4037 533 4077 ox
550 4036 605 4092 quo
623 4021 742 4076 seruitus
759 4035 815 4076 non
832 4021 966 4091 oomlstit,
984 4020 1114 4077 domnum
1132 4021 1240 4077 uioinus
1257 4021 1398 4090 sensisset,
1415 4019 1563 4076 dicendum
1574 4023 1618 4075 est
1628 4017 1728 4074 damni

286 4108 380 4166 lnieuti
398 4109 600 4180 stipulationem
618 4109 708 4165 looum
725 4107 835 4164 bebere.

230 4201 270 4260 30
339 4199 466 4254 ΡιιιιιιιιεΑ
480 4197 549 4254 libro
567 4197 663 4268 quinto
681 4196 788 4252 dooimo
806 4195 842 4250 sd
860 4194 1000 4252 Sabinum.
1038 4193 1067 4252 Si
1085 4195 1147 4267 quis
1165 4195 1261 4266 eedes,
1285 4212 1357 4268 quae
1374 4196 1432 4251 suis
1450 4193 1566 4250 aedium
1585 4187 1728 4277 [ᾖ
1767 4201 1792 4254 S

286 4291 486 4363 F[P(V1,U)]:
505 4302 532 4348 os
549 4293 694 4349 t29-32
710 4295 761 4368 des.
779 4294 821 4347 P·

289 4429 438 4499 ¹perdere]
458 4433 572 4501 pertiti?
643 4432 850 4500 ¹inreiV⁸)?
921 4431 1039 4486 ’sione

288 4562 304 4615 1
327 4573 420 4624 meum
446 4578 495 4614 om.
513 4561 569 4615 PV
590 4565 595 4630 1
621 4560 760 4632 uedidoiis]
790 4561 914 4618 aedilicio
940 4563 976 4616 ΓΙ
1030 4562 1098 4632 peri]
1135 4563 1175 4617 eti
1193 4561 1267 4616 ΡΨ
1309 4563 1344 4616 22
1361 4562 1389 4616 in
1407 4575 1465 4616 rem
1483 4575 1655 4616 uommnnem
1670 4560 1733 4612 PV

288 4627 441 4684 'liueri'n't
457 4630 482 4682 F
520 4631 555 4685 10
573 4636 699 4688 ausum
716 4636 807 4688 litteris
824 4639 978 4704 emuipuuts's
1031 4635 1066 4688 26
1084 4578 1213 4700 uth2U,
1232 4631 1431 4696 om.l⁴’¹P⁸VL,
1450 4639 1498 4686 ine.
1512 4631 1554 4685 Ρ·
1605 4631 1640 4684 il'l
1659 4631 1728 4682 u27

288 4706 335 4754 out
350 4699 406 4754 sint
422 4699 463 4765 F!
515 4701 642 4756 neruliter
658 4702 730 4756 P⁶V
774 4703 809 4758 12
827 4701 925 4758 edfioio
939 4703 977 4756 1Ν
1031 4709 1146 4774 impleor
1169 4703 1324 4757 amomum
1339 4703 1388 4755 F·‘
1410 4702 1415 4767 Ι
1435 4715 1480 4755 me
1501 4705 1530 4756 et
1553 4705 1581 4754 te
1598 4697 1733 4752 F“PLU

289 4769 324 4824 14
341 4770 367 4825 oi
384 4770 427 4824 ius
445 4774 489 4824 est
515 4770 574 4834 uu,
593 4772 652 4826 eius
664 4774 747 4836 esti}
764 4772 929 4828 mn.P·?V:
949 4770 977 4827 'ss
1031 4773 1067 4828 29
1084 4773 1166 4827 lieeet
1182 4771 1239 4826 PV
1274 4773 1309 4827 31
1327 4770 1428 4828 bebeet
1445 4772 1481 4824 ΡΙ
1522 4772 1558 4825 33
1576 4768 1662 4824 hebes
1673 4767 1735 4820 PU

287 4840 319 4910 τῇ
332 4837 622 4909 ὲῑογοίᾳτοὴογὲετὶκ
636 4839 674 4894 ἐπ’
688 4841 978 4912 ἃπειροκτιῨτιῩψοῨιι
1031 4843 1067 4897 35
1084 4843 1235 4912 pauimenti
1252 4842 1340 4896 om.P
1382 4842 1416 4896 37
1435 4839 1621 4910 ntqn‘e'odF,
1640 4843 1729 4906 etque

288 4909 466 4978 Bffioebs'r.)
482 4910 487 4977 1
502 4910 686 4978 inponendum
695 4911 788 4966 iniP·
803 4915 808 4980 Ι
823 4913 983 4982 grauioreP
1036 4913 1079 4977 γ’,
1101 4912 1174 4967 idem
1198 4911 1272 4981 quod
1294 4912 1333 4974 L,
1357 4919 1406 4966 ine.
1419 4911 1460 4965 P·
1512 4911 1547 4966 39
1568 4910 1630 4964 loou
1654 4909 1692 4962 F'
1718 4907 1726 4974 Ι

290 4980 324 5034 15
341 4979 475 5036 deberent
491 4979 589 5034 P⁶VU
630 4982 664 5036 ll
683 4979 796 5038 elio's'in
813 4984 839 5036 F
877 4984 912 5038 18
929 4983 978 5038 im-
1031 4984 1195 5052 *emgnoF’
1229 4977 1725 5050 tusul.]etsuu.l²vuletm.1⁷
