3848 5536
913 205 1000 272 IIVII

233 377 331 433 tellum
349 377 567 448 Metellumque¹.
597 383 690 434 nostra
708 378 791 434 hodie
810 380 927 436 maxime
945 381 1059 436 interest
1078 381 1232 452 exemplum
1252 379 1326 450 quod
1344 379 1410 437 iecit
1427 381 1600 452 Augustinus
1619 379 1676 437 solii

233 484 307 538 silius
329 485 384 540 ianr
407 485 551 554 deperditi.
583 484 609 538 id
635 485 724 540 lucem
747 485 818 540 uidit
840 487 972 556 primum,
994 501 1028 542 ex
1046 487 1149 543 Metelli
1171 487 1268 558 opinor
1287 486 1396 542 schedis
1417 487 1623 559 depromptum,
1646 487 1675 544 iu

233 590 355 645 editione
373 589 473 660 digesti
491 591 594 646 ueterIs
612 591 746 662 impressa
763 591 891 662 Lugduni
910 593 1019 649 11552
1037 593 1112 664 apud
1127 594 1272 663 Hugouem
1292 593 1430 664 aPnrtn',
1450 594 1549 650 deinde
1566 595 1594 649 in
1612 610 1675 650 con·

233 697 409 753 stitutionum
427 695 593 754 Graecarum
617 697 720 754 codicis
742 698 886 755 IustinIani
911 699 976 770 imp.
995 701 1155 756 collectione
1178 699 1214 756 ab
1234 701 1295 770 ipsc
1314 700 1471 769 Augustino
1489 699 1592 771 publici
1609 701 1676 756 iuris

233 801 311 858 Iacto
327 803 433 859 Ilerdae
451 819 476 858 a.
491 805 559 860 1567
566 804 586 860 ¹.
614 805 745 875 scriptum
765 807 929 876 exemplum,
948 806 1021 877 quod
1040 806 1214 876 Augustinus
1233 808 1261 862 iu
1280 807 1374 862 codice
1393 823 1444 863 suo
1460 806 1565 863 Graeco
1584 809 1676 862 1170

234 912 274 974 (u.
287 909 437 980 Augustini
454 926 517 981 opp.
532 912 548 965 7
566 928 593 981 p.
607 911 652 976 54)
671 911 796 982 posuisse
815 911 933 982 uidetur,
951 929 1017 969 unm
1036 913 1126 970 adhuc
1144 915 1272 984 supersit,
1291 915 1395 983 ignoro.

289 1016 399 1072 Laelius
416 1017 597 1072 'l'sunannus
616 1017 748 1073 Fanensis
768 1019 971 1087 (1489-1569)
990 1035 1051 1076 cum
1071 1019 1180 1076 hortatu
1199 1019 1357 1090 Augustini,
1375 1019 1452 1075 iussu
1472 1019 1564 1076 Cosmi
1580 1020 1602 1076 Ι.
1621 1020 1676 1076 lie·
1695 1019 1813 1068 Tauranus

235 1121 306 1176 dicis
322 1129 387 1192 post
404 1121 555 1179 decennem
573 1121 694 1179 laborem
713 1125 903 1195 triplicemque
921 1127 1043 1182 uniuersi
1061 1127 1152 1197 operis
1174 1127 1388 1196 recognitionem
1406 1127 1511 1196 primus
1530 1125 1566 1182 ad
1584 1125 1677 1182 arche·

235 1229 297 1300 typi
315 1228 397 1284 iidem
414 1230 531 1298 Digesta
547 1229 635 1284 edidit
653 1230 706 1286 sub
723 1232 833 1287 nomiue
852 1231 990 1288 Francisci
1008 1231 1056 1288 tilii
1075 1233 1229 1289 Florentiae
1248 1235 1380 1303 a.1553⁴,
1400 1239 1562 1303 perpetuum
1581 1232 1677 1288 horum

235 1335 389 1392 studiorum
416 1334 625 1393 fundamentum
649 1338 742 1407 posuit
767 1339 1014 1395 commendandum
1037 1354 1091 1396 non
1118 1345 1175 1395 tam
1203 1344 1315 1411 propter
1339 1340 1500 1395 eruditionis
1524 1344 1553 1394 et
1575 1339 1678 1409 ingenii

235 1441 346 1497 laudem
369 1457 452 1513 quam
475 1447 587 1514 propter
612 1445 709 1500 merita
731 1461 785 1500 non
809 1445 913 1502 minora
937 1451 966 1502 et
987 1447 1069 1516 longe
1093 1447 1196 1502 rariora
1220 1445 1285 1502 fidei
1308 1445 1466 1515 diligentiae
1485 1446 1677 1516 simplicitatis.

234 1549 342 1620 primus
359 1550 431 1605 enim
451 1549 610 1620 uulgaribus
627 1549 704 1606 libris
722 1553 761 1606 ita
779 1553 896 1623 reiectis,
915 1557 946 1608 nt
963 1553 1131 1624 paucissima
1143 1557 1249 1608 tantum
1262 1568 1313 1608 nec
1326 1551 1382 1608 iere
1395 1553 1447 1606 nisi
1460 1553 1563 1607 monIto
1575 1553 1677 1607 lectore

235 1654 302 1710 iude
319 1655 513 1726 retinerentur,
537 1657 647 1726 digesta
664 1659 693 1712 in
711 1657 852 1730 omnibns,
877 1659 959 1716 ctiam
981 1659 1210 1730 orthographicis,
1235 1659 1270 1714 sd
1288 1659 1474 1715 Florentinum
1493 1659 1617 1715 codicem
1635 1673 1677 1714 re·

292 1943 301 1975 ¹
320 1941 424 1992 Antcrdi
441 1941 577 2008 Augustini
596 1942 718 2008 epistulae
736 1961 802 1994 nunc
825 1943 931 2010 primum
950 1945 1033 1996 editae
1052 1963 1067 1996 a
1086 1944 1181 1996 Ioanne
1195 1943 1330 1996 Androsia.
1356 1943 1463 1996 Parmae
1483 1945 1559 1996 1804.
1579 1945 1603 1996 8.
1623 1963 1678 1997 cum

234 2029 309 2096 ipsae
337 2029 460 2097 epistulae
487 2031 624 2096 Augustini
651 2032 684 2082 ad
711 2032 824 2084 Laelium
851 2032 995 2084 'Inurellum
1019 2035 1059 2100 (p.
1074 2033 1234 2096 loo-152)
1262 2043 1287 2084 11
1312 2033 1421 2084 Taurelli
1448 2035 1482 2084 ad
1509 2035 1678 2099 Augustinum

236 2119 275 2183 (p.
290 2119 450 2185 leo-212>
469 2127 495 2169 et
512 2119 643 2170 Metellum
661 2123 697 2187 (p.
710 2121 872 2188 usu-217),
890 2121 950 2173 item
966 2121 1065 2173 Metelli
1082 2121 1529 2188 adAngustinumip.153-189)
1548 2131 1600 2171 tum
1618 2139 1677 2172 eru-

235 2207 291 2257 dita
309 2207 412 2258 editoris
430 2209 554 2274 praefatio
571 2208 677 2260 multum
695 2210 827 2261 conserunt
849 2211 882 2261 ad
907 2210 991 2262 studia
1008 2211 1068 2262 iuris
1087 2211 1141 2262 eins
1162 2211 1253 2263 aetatis
1271 2211 1427 2262 illustranda.
1540 2210 1551 2244 ¹
1574 2211 1604 2261 Iu
1623 2211 1678 2276 ipso

235 2295 322 2346 indice
341 2296 376 2346 sic
395 2305 445 2348 est:
465 2293 609 2349 ‘adiecimus
628 2297 685 2348 huic
704 2297 808 2350 editioni
821 2300 944 2350 Graecam
957 2300 1111 2351 sanctionem
1124 2317 1139 2351 a
1152 2300 1235 2352 multis
1248 2309 1307 2352 aute
1326 2300 1397 2352 anuis
1417 2317 1466 2351 non
1480 2297 1560 2350 uisam
1578 2317 1678 2364 unaque

237 2383 289 2436 'Fa
305 2385 442 2437 Hotomaui
464 2385 697 2452 interpretationem
722 2385 853 2439 Latinam'.
887 2389 912 2440 in
941 2389 1098 2454 praefatione
1122 2389 1203 2442 editor
1227 2389 1312 2440 scribit
1336 2387 1422 2440 'totum
1445 2389 1504 2438 iuris
1528 2388 1680 2455 prudentiae

236 2471 337 2540 ‘corpus
356 2491 412 2524 cum
433 2475 571 2541 archetypo
590 2475 735 2528 Florentino
754 2477 939 2528 accuratissime
962 2476 1080 2528 collatum
1104 2475 1177 2530 esse'.
1287 2477 1454 2530 ⁸Praeterea
1472 2477 1628 2542 Augustinus
1652 2475 1679 2527 in

236 2563 339 2616 emend.
357 2563 402 2614 l.I
424 2563 475 2614 c.3
494 2564 530 2614 sic
549 2564 595 2614 ait:
622 2563 757 2616 'sciendum
775 2575 814 2617 ost
833 2567 938 2633 primam
955 2575 1054 2633 partem
1074 2567 1188 2618 Graecae
1206 2567 1388 2619 constitutionis
1409 2567 1445 2618 111
1462 2565 1594 2616 contritam
1613 2582 1678 2626 osse,

237 2649 275 2702 'nt
292 2669 343 2703 nou
361 2651 439 2703 multa
458 2653 536 2703 uerba
554 2651 605 2718 legi
623 2654 728 2719 possint.
755 2655 788 2704 ad
807 2672 881 2721 quam
899 2655 1034 2721 legendam
1053 2673 1108 2707 cum
1126 2665 1152 2706 11
1171 2655 1230 2706 11111
1249 2656 1409 2722 splendorem
1430 2665 1455 2706 et
1472 2655 1605 2705 maximam
1623 2653 1678 2705 aliis

236 2739 327 2792 'modis
352 2740 507 2808 diligentiam
530 2757 578 2808 ego
602 2751 629 2792 et
646 2743 682 2794 Io.
695 2742 813 2794 Meteilus
836 2744 1049 2808 adhibuissemus,
1072 2746 1165 2796 bonam
1189 2745 1242 2796 eius
1266 2755 1364 2812 partem
1387 2741 1580 2809 descripsimus.
1608 2743 1680 2794 addit

236 2829 354 2882 attulisse
377 2847 405 2882 se
427 2829 460 2880 ad
483 2814 662 2882 conferendam
686 2849 742 2882 cam
765 2832 857 2883 Alciati
880 2833 1022 2900 exemplum
1046 2851 1076 2884 er
1099 2832 1218 2884 Politiaui
1241 2851 1401 2900 expressum,
1426 2833 1571 2884 adhibuisse
1595 2840 1680 2882 autem

237 2919 316 2969 etiam
342 2919 420 2985 ipsius
447 2918 579 2980 Politiani,
612 2919 708 2970 scilicet
734 2920 850 2972 uolumen
879 2922 928 2973 iam
953 2933 1080 2974 seruatum
1106 2922 1132 2972 in
1160 2921 1312 2972 bibliotheca
1339 2920 1508 2972 Laurentisne
1536 2919 1678 2972 Gaddiana.

237 3007 408 3058 conserendae
426 3008 486 3058 item
504 3007 628 3074 epistulae
647 3009 783 3074 Augustini
806 3009 840 3060 ad
858 3010 1001 3062 'Ianrellum
1025 3011 1093 3076 apud
1111 3010 1263 3061 Androsinm
1282 3028 1306 3076 p.
1323 3011 1372 3062 150
1391 3021 1416 3060 11
1435 3011 1467 3061 ad
1486 3010 1600 3060 Ruicium
1619 3027 1678 3076 opp.

237 3095 265 3158 ⁷,
288 3097 351 3158 175,
374 3095 482 3162 denique
505 3095 653 3162 Moyansius
679 3098 704 3148 iu
729 3099 781 3148 uita
804 3099 939 3164 Augustini
963 3116 1022 3165 opp.
1041 3099 1058 3148 2
1077 3117 1102 3164 p.
1115 3099 1197 3150 XVII.
1310 3099 1321 3132 ⁴
1344 3099 1382 3149 Ex
1407 3098 1486 3149 Laelii
1509 3099 1618 3149 'Iaureili
1645 3099 1680 3150 ad

238 3185 378 3236 Antonium
404 3185 574 3252 Augustinum
601 3185 714 3251 epistulis
741 3188 774 3237 ab
801 3187 926 3238 Androsia
954 3187 1029 3239 editis
1052 3190 1095 3252 Iu.
1115 3205 1139 3239 n.
1155 3189 1184 3252 1)
1213 3187 1276 3238 haec
1303 3187 1417 3252 excerpsi
1444 3205 1494 3238 non
1522 3188 1582 3238 sutis
1609 3197 1679 3240 uota.

237 3274 371 3325 Taureilus
389 3275 422 3325 ad
441 3274 609 3341 Augustinum
628 3273 664 3325 IV
683 3274 708 3325 11.
729 3275 784 3326 Oct.
801 3276 867 3327 1543
886 3277 922 3343 (p.
938 3277 1011 3342 198)1
1031 3275 1101 3326 ‘Mihi
1124 3275 1279 3342 propositum
1303 3285 1358 3326 crat
1380 3293 1430 3326 non
1453 3275 1533 3326 solnm
1557 3277 1636 3327 uerba
1654 3287 1680 3328 11

238 3359 334 3414 ‘sorum
351 3371 508 3424 contextum,
527 3363 574 3414 sed
592 3373 618 3414 et
637 3361 775 3416 litterarum
794 3364 913 3430 figuram,
937 3365 1078 3432 ubicunque
1096 3381 1142 3431 per
1161 3365 1332 3431 apertissimos
1351 3382 1448 3416 errores
1467 3383 1516 3416 uon
1535 3365 1678 3431 impedirer,

238 3447 438 3516 ‘repraesentare
516 3469 670 3518 recognosco
694 3451 742 3504 iam
764 3453 838 3504 tertio
864 3453 1018 3520 digestorum
1039 3454 1116 3506 libros
1141 3454 1274 3504 Francisco
1300 3453 1350 3505 lilio
1376 3471 1405 3504 ex
1425 3453 1569 3506 Florentino
1593 3455 1679 3505 codice

239 3537 383 3602 Ι1111111111,
406 3557 446 3592 me
469 3557 529 3593 uero
549 3540 638 3606 siqua
656 3541 724 3606 prius
748 3541 874 3608 fugissent
897 3539 1052 3610 reponentc'.
1072 3573 1104 3581 -
1123 3542 1280 3608 Augustinus
1305 3541 1338 3594 ad
1355 3541 1469 3592 Laelium
1487 3541 1550 3592 XIII
1568 3542 1593 3592 k.
1613 3543 1679 3594 Nou.

240 3626 331 3696 [1548]
350 3629 475 3694 (p.145):
496 3628 638 3680 'Molestum
660 3629 708 3680 init
732 3631 800 3696 quod
823 3631 854 3682 dc
880 3632 1033 3683 retardanda
1057 3631 1239 3699 pandectarum
1261 3631 1371 3682 editions
1395 3631 1482 3682 scribis
1562 3630 1628 3696 quod
1647 3629 1680 3681 ad

238 3712 352 3767 'similem
371 3718 519 3784 scripturam
537 3719 655 3784 pertinet,
674 3718 732 3770 uide
751 3737 784 3770 ne
802 3719 851 3770 ista
869 3737 909 3770 ros
928 3721 1038 3772 omnium
1055 3719 1213 3772 librariorum
1231 3719 1314 3771 studia
1332 3719 1440 3784 Frangat.
1468 3719 1602 3771 multorum
1614 3719 1680 3770 enim

240 3803 398 3872 'sumptuum
417 3801 579 3860 maximorum
598 3807 734 3869 artificum,
753 3809 842 3858 summi
860 3807 953 3860 laboris
972 3819 998 3860 et
1016 3809 1100 3860 nescio
1119 3827 1192 3874 quam
1212 3807 1355 3868 necessarii,
1374 3807 1474 3858 minime
1494 3808 1594 3873 quidem
1612 3817 1680 3858 certe

239 3889 380 3946 ‘uendibilis
399 3905 438 3947 est
456 3895 567 3961 siquod
586 3895 659 3948 Facile
678 3913 737 3962 spes
755 3905 854 3948 nostras
873 3897 988 3948 Imstrari
1007 3898 1093 3964 possit.
1123 3897 1150 3948 id
1168 3915 1228 3949 uero
1247 3907 1275 3947 ut
1294 3895 1405 3948 obscuris
1424 3895 1556 3964 dubiisque
1574 3897 1635 3948 locis
1654 3907 1681 3948 et

239 3979 341 4034 'maneis
358 3983 416 4045 fiat,
440 4001 544 4046 censeo,
570 3986 615 4036 abs
635 3992 659 4034 te
679 3995 762 4036 autern
786 3984 893 4037 lectores
916 3987 1111 4046 admoneantur,
1138 3985 1226 4050 quibus
1250 3985 1338 4036 litteris
1363 3986 1553 4050 quoquomodo
1573 3987 1680 4052 scriptus

239 4069 314 4123 'totus
332 4072 381 4124 ists
398 4072 462 4124 iiber
481 4073 520 4125 sit.
548 4073 635 4124 addita
653 4073 736 4126 omnia
754 4082 780 4124 11
798 4073 928 4125 immutata
946 4074 1035 4124 iisdem
1054 4074 1182 4126 obelorum
1201 4083 1227 4124 11
1245 4073 1369 4140 dipiarum
1388 4083 1413 4124 et
1425 4073 1554 4125 liturarum
1573 4075 1638 4126 uotis
1658 4075 1679 4126 11

240 4159 364 4213 'uideatur
381 4161 545 4228 exprimenda
563 4170 633 4214 sunt:
659 4179 748 4214 manca
765 4180 826 4214 uero
845 4162 900 4214 ioca
919 4180 984 4228 quae
1002 4163 1055 4214 siue
1075 4177 1097 4211 (o
1115 4162 1201 4212 littera
1219 4162 1273 4213 sinc
1291 4162 1372 4213 cordis
1397 4163 1479 4228 figure
1501 4173 1589 4214 notatu
1613 4173 1679 4224 sunt,

239 4247 308 4301 'item
325 4250 375 4302 aiis
393 4268 458 4316 quse
477 4260 504 4302 tu
522 4251 596 4302 facile
615 4250 791 4316 deprehendes
815 4251 936 4302 similibus
961 4251 1027 4302 notis
1050 4261 1077 4302 11
1102 4252 1255 4313 scribantur,
1280 4249 1425 4316 perplacet'.
1446 4281 1476 4288 -
1497 4252 1628 4303 Taureiius
1647 4253 1680 4302 ad

239 4339 409 4404 Augustinum
426 4339 490 4391 XIII
501 4340 528 4390 11.
541 4339 613 4406 Sept.
628 4339 696 4390 1546
715 4343 751 4406 (p.
764 4340 840 4405 2081:
859 4337 1052 4392 ‘Pandectarum
1070 4339 1146 4391 editio
1166 4349 1299 4406 postquam
1317 4339 1434 4406 princeps
1454 4339 1514 4391 aiibi
1532 4340 1678 4406 11111111-

239 4425 344 4479 'rentine
361 4429 479 4496 negauit,
498 4429 560 4479 miro
579 4426 678 4479 silentio
696 4436 827 4480 transacta
844 4427 899 4480 est'.
922 4459 950 4468 *
975 4429 1007 4479 Κ.
1020 4429 1083 4494 Apr.
1099 4427 1165 4479 1547
1185 4429 1220 4494 (p.
1234 4429 1310 4494 um:
1330 4426 1486 4480 'Laurentius
1505 4429 1680 4494 typographus

239 4513 297 4568 'iam
314 4517 356 4568 hic
375 4517 475 4569 domum
493 4517 623 4578 conducit,
647 4517 823 4584 bombycinum
842 4519 954 4568 chartam
973 4526 1057 4578 curat,
1081 4525 1166 4568 cetera
1184 4517 1298 4579 molitur,
1322 4525 1350 4568 ut
1374 4534 1460 4568 mense
1478 4516 1546 4567 Maio
1566 4533 1621 4568 cum
1639 4517 1679 4568 ia·

239 4602 316 4656 'milia
333 4605 478 4658 1111111111
497 4603 634 4657 affuturus'.
660 4635 689 4644 -
714 4605 811 4657 Metelli
830 4607 1005 4658 adnotationes
1029 4607 1054 4657 in
1073 4605 1248 4658 'Fauneiiiauae
1272 4605 1388 4656 editionis
1411 4605 1551 4656 ternionem
1574 4606 1681 4670 primum

240 4691 323 4759 'quem
341 4693 438 4756 solum’,
460 4695 509 4756 ait,
533 4694 637 4746 'tantum
660 4693 729 4756 uidi’,
752 4711 808 4746 cum
826 4695 905 4761 ipsius
924 4695 1034 4746 Taurclii
1056 4694 1082 4745 iu
1105 4696 1218 4760 margine
1241 4693 1444 4760 replicationibus
1468 4711 1499 4744 ex
1518 4694 1603 4744 codice
1622 4693 1681 4745 clim

239 4783 390 4849 Augustini,
413 4784 464 4834 iam
486 4783 653 4836 bibliothecae
677 4783 805 4836 Gissensis
828 4802 854 4834 n.
867 4785 920 4836 946
942 4783 1125 4836 1369-171
1148 4785 1228 4836 edidit
1253 4785 1339 4836 Osann
1363 4783 1507 4848 (Pomponii
1530 4783 1562 4834 de
1584 4783 1680 4848 origine

239 4871 300 4923 iuris
323 4872 499 4938 fragmentum.
528 4873 620 4926 (111111
642 4873 717 4924 1848.
742 4872 767 4924 8.
786 4891 811 4939 p.
827 4871 911 4924 109-
926 4873 985 4938 121)
1009 4881 1035 4924 et
1058 4890 1106 4940 ego
1129 4873 1215 4924 codiee
1239 4871 1383 4925 Bercliuum
1406 4873 1481 4924 misso
1505 4873 1594 4922 iterum
1618 4888 1679 4922 1111-

179 4979 185 4990 ·
238 4978 343 5013 11111111.

1417 5089 1435 5132 B
