3856 5616
903 155 985 238 45*

229 320 280 373 est.
307 321 376 386 puta
388 318 464 372 LXX
483 317 593 388 quidem
612 331 744 374 annorum
763 333 817 374 non
836 323 985 389 asiaeque
1003 324 1059 375 tres
1076 319 1159 376 habet
1171 320 1271 375 tutelas
1283 319 1337 384 (set
1350 328 1396 375 sea.
1406 320 1441 385 L)
1454 335 1542 390 neque
1554 321 1580 376 V
1591 318 1663 375 filios

228 393 277 446 aut
295 390 369 445 aiud
392 389 502 460 aliquod
520 392 563 446 ius
581 390 765 446 excusationis
783 389 879 460 habet,
903 391 1029 447 nimirum
1054 391 1123 448 duas
1146 393 1248 448 tutelas
1266 395 1295 446 et
1312 391 1381 447 duos
1398 390 1482 461 iiiios,
1505 397 1535 448 et
1551 393 1602 446 LX
1620 396 1663 448 est

229 477 361 517 annorum
380 462 438 526 (lxx
456 478 519 517 ann.
532 467 576 516 est
593 462 622 527 1,
639 463 668 516 lx
680 462 689 516 i
701 477 763 517 ann.
777 463 808 527 L,
828 464 971 532 sexaginta
988 469 1032 518 est
1048 479 1111 520 anu.
1123 469 1168 519 est
1181 464 1218 529 0)
1236 466 1285 518 aut
1302 463 1357 518 alia
1374 462 1439 519 talia
1456 463 1574 534 quedam
1593 464 1663 533 (qui-

228 532 292 588 dem
313 534 350 599 O)
369 533 435 588 dicit
453 534 532 600 (dixit
550 534 585 600 ι)
603 548 653 602 per
675 549 705 588 se
728 533 790 604 ipsa
813 534 922 604 quidem
947 533 1068 606 (quidem
1087 555 1136 589 om.
1149 535 1184 602 L)
1206 532 1358 605 perfectum
1381 535 1511 591 auxilium
1530 550 1584 591 non
1601 551 1662 606 pre·

228 603 322 660 bentia
339 605 490 675 (prebenda
502 606 545 674 L),
564 619 598 659 ea
615 619 681 659 uero
699 620 753 676 qna
771 605 925 660 adinuicem
943 612 987 662 est
1004 607 1194 662 communione
1212 609 1266 675 (est
1277 621 1374 661 comm.
1387 626 1437 660 om.
1449 607 1481 672 L,
1499 612 1542 662 est
1555 626 1604 661 cm.
1618 606 1663 672 θ)

182 687 211 732 lt
229 677 285 732 sint
302 679 383 743 (sunt
401 677 438 742 0)
456 678 529 732 iusta
553 677 725 746 apparentia:
751 681 794 731 eet
817 677 906 732 uisum
931 684 974 734 est
995 677 1068 733 hunc
1086 677 1153 742 (bec
1173 679 1209 745 0)
1233 693 1288 733 ιιοιι
1312 678 1446 732 excusari.
1483 678 1535 744 Qui
1556 678 1664 748 aceepit

229 749 346 818 (accipit
365 749 394 814 Ι)
418 750 463 803 nei
487 746 571 803 babet
592 749 792 804 immunitatem
817 749 937 804 ciuilium
959 749 1004 804 uei
1027 749 1197 819 publicorum
1222 765 1378 820 munerum,
1402 749 1447 804 hic
1469 749 1591 805 atuteIa
1608 749 1665 814 (uel

181 829 211 874 la
229 836 296 876 cura
315 830 362 874 ins.
374 819 410 883 t)
429 835 483 875 non
502 818 686 875 excusabitur.
724 819 776 884 Qui
795 819 936 875 absolutus
954 825 997 875 est
1015 837 1032 875 a
1049 822 1136 876 tutela
1154 821 1198 875 uei
1216 837 1290 890 cura,
1309 835 1364 876 non
1382 821 1492 876 omnino
1509 821 1664 877 submemo·

229 889 380 947 rationibus
398 891 543 956 (submem.
561 890 778 960 depositionibus
799 891 818 955 i,
838 891 1053 961 depositionibus
1073 893 1104 956 L,
1123 891 1349 962 dispositionibus
1369 893 1405 960 0)
1423 891 1459 946 ad
1477 893 1664 948 remissionem

230 963 342 1019 alterius
361 963 507 1020 crestionis
526 967 618 1018 utetur
636 967 774 1027 (uteretur
792 963 837 1034 l),
856 965 879 1017 ei
898 979 952 1019 non
970 963 1110 1020 extiterint
1128 965 1285 1024 (extiterant
1303 964 1338 1032 L)
1362 963 1388 1018 ei
1411 963 1471 1019 iura
1486 963 1664 1019 remissionis.

183 1041 212 1088 14
230 1035 282 1101 Qui
300 1034 399 1088 dixerit
422 1049 452 1090 se
475 1033 566 1104 ipsum
588 1033 712 1104 ignotum
738 1049 799 1088 esse
821 1035 893 1104 patri
916 1036 960 1090 uei
979 1035 1059 1090 matri
1076 1035 1185 1104 pupilli,
1209 1052 1264 1090 non
1281 1039 1393 1105 propter
1410 1033 1462 1090 hoc
1480 1035 1664 1091 excusabitur.

182 1113 212 1160 it
230 1107 282 1162 Est
299 1109 390 1160 autem
410 1109 518 1172 (antem
537 1125 585 1159 om.
599 1107 674 1174 1⁶0),
692 1104 804 1175 quando
821 1113 849 1160 et
867 1109 907 1170 (et
923 1107 947 1161 is
965 1105 1003 1171 L,
1021 1105 1187 1176 quandoque
1207 1107 1243 1172 G)
1261 1107 1308 1177 qui
1326 1111 1382 1160 tres
1399 1107 1501 1162 tutelas
1518 1106 1602 1162 habet
1619 1107 1665 1162 uei

230 1193 322 1264 strusz
338 1191 393 1232 non
408 1177 495 1264 ΙΙιιιὶιιιι
512 1177 555 1232 ius
568 1177 744 1246 remissionis,
762 1182 830 1262 puta
843 1177 942 1264 siquis
954 1177 1125 1264 adectauerit
1136 1179 1276 1248 suscipere
1288 1177 1419 1249 (recipere
1434 1179 1480 1246 0).
1505 1178 1560 1234 iam
1573 1184 1664 1234 autem

182 1327 211 1374 16
229 1255 259 1305 et
277 1249 452 1377 (1Ἢέἳὲιῦιέ
459 1247 548 1376 iffis
555 1254 687 1389 ιῗιειὲιιιίῗὲο
688 1255 781 1388 (ragragtr
782 1263 883 1386 ιΐιιῗηῗί
901 1249 1184 1376 ἔξθὲξζῖιᾬέὲὲξὲῗιζ
1195 1319 1431 1384 (accusationibus
1451 1320 1489 1384 0)
1511 1319 1551 1374 ita
1572 1317 1667 1375 scribit

230 1390 311 1456 (libro
384 1392 481 1448 scribit
498 1411 548 1446 om.
560 1391 609 1456 Li:
628 1391 657 1448 Si
675 1392 737 1462 quis
755 1397 811 1447 tros
829 1393 899 1448 iuter
917 1393 1018 1448 tnteias
1036 1393 1200 1463 emancipati
1217 1390 1265 1448 iiiii
1283 1391 1327 1447 sni
1345 1391 1399 1457 (sui
1417 1409 1466 1446 om.
1479 1392 1533 1458 10)
1550 1391 1665 1446 tutelam

230 1463 411 1518 amministret
429 1463 621 1530 (amministrat
636 1465 680 1534 0),
701 1479 735 1517 an
753 1464 779 1518 ei
797 1463 847 1518 bec
865 1464 893 1518 in
912 1479 1053 1518 numerum
1067 1463 1191 1533 procedit
1202 1463 1345 1534 (procedat
1357 1462 1401 1531 Li,
1420 1462 1477 1517 scio
1496 1460 1665 1519 dubitatum:

230 1536 340 1590 inuenio
358 1539 449 1590 umen
462 1535 622 1604 rescriptum
635 1535 806 1604 emancipato
818 1532 873 1590 filie
885 1536 999 1591 tutelam
1012 1535 1147 1591 numerari
1159 1535 1231 1591 inter
1242 1533 1344 1590 honera
1355 1538 1481 1604 oportere
1493 1533 1613 1598 (inuenio

181 1611 212 1658 1⁷
230 1613 357 1677 oportere
375 1626 423 1660 om.
437 1607 479 1673 t).
511 1605 540 1660 Si
558 1605 620 1676 quis
639 1606 775 1661 creabitur
792 1611 867 1661 tutor
885 1608 1006 1662 existens
1025 1607 1052 1662 in
1070 1607 1156 1676 patris
1174 1611 1319 1676 potestate,
1338 1605 1437 1660 deinde
1455 1609 1534 1674 pater
1550 1605 1667 1668 noluerit

231 1677 364 1765 (uoluerit
376 1677 405 1744 Ι)
423 1693 473 1749 pro
492 1691 645 1762 occanere,
662 1678 803 1734 iusserunt
819 1678 896 1764 leges
915 1683 943 1733 et
959 1680 1050 1764 ipsum
1068 1684 1174 1764 patrem
1193 1677 1280 1732 creari
1297 1682 1425 1746 tutorem,
1443 1681 1475 1762 ut
1492 1677 1566 1731 nuiio
1585 1677 1666 1762 modo

230 1749 501 1890 stititiittii
515 1748 1374 1892 tristitiis”sititiitttiiuiitiit
1383 1747 1667 1903 distitisse

229 1893 384 1964 iigdonensi
402 1893 426 1948 si
444 1892 543 1948 dodius
561 1907 667 1946 merces
687 1893 738 1961 0),
761 1891 887 1961 quamuis
910 1891 981 1948 filius
1004 1891 1120 1948 familias
1144 1893 1192 1962 sit,
1216 1893 1331 1948 idoneus
1349 1895 1424 1946 tutor
1441 1905 1502 1946 asse
1521 1890 1667 1960 uidebitur,

230 1971 309 2036 pater
327 1969 419 2020 autem
438 1965 497 2020 eius
516 1963 619 2018 idcirco
637 1978 735 2019 cauere
754 1964 900 2032 nouauit,
926 1971 956 2019 ut
973 1962 1057 2018 filium
1076 1979 1155 2018 snum
1172 1965 1259 2019 tutela
1278 1964 1380 2019 eximat
1399 1963 1553 2024 (existimat
1573 1963 1620 2032 0),
1639 1969 1668 2016 et

230 2037 258 2094 in
276 2036 328 2091 hoe
347 2034 463 2091 artificio
479 2036 699 2106 perseuerauerit
715 2035 919 2106 (perseuerauit
937 2035 979 2104 Ι),
1004 2036 1131 2092 existimo
1154 2041 1183 2090 te
1200 2035 1264 2091 huic
1281 2034 1371 2091 fraudi
1389 2039 1464 2090 recte
1481 2047 1666 2104 occursurum,

230 2113 263 2164 ut
280 2113 309 2163 et
326 2111 365 2173 (et
383 2127 431 2160 cm.
445 2108 479 2173 1.)
496 2106 568 2161 iilius
593 2111 621 2162 et
644 2108 703 2176 ipse
719 2105 755 2161 ad
772 2107 886 2162 tutelam
903 2105 1049 2162 liberorum
1069 2107 1240 2172 (libertorum
1256 2108 1294 2173 0)
1308 2105 1456 2162 Clementis
1474 2105 1619 2172 (dementis
1633 2106 1667 2171 L)

267 2179 379 2235 madum
397 2180 594 2248 compellantur
617 2179 807 2248 (compeliatur
826 2179 853 2232 i:
877 2187 978 2234 ominis
1001 2185 1188 2233 constructionis
1204 2179 1290 2233 ociis
1305 2185 1365 2250 post
1382 2177 1540 2232 constitutio
1559 2176 1578 2230 1
1592 2177 1668 2232 tabet

230 2195 309 2306 5:00.-
326 2251 473 2308 mnodum
492 2251 582 2306 soient
599 2251 695 2322 augeri
712 2251 736 2305 si
753 2250 820 2320 quid
838 2249 1002 2320 patrimonio
1020 2250 1188 2318 accesserit).

285 2930 367 2986 Addo
386 2947 416 2984 ss
433 2927 520 2984 codice
537 2927 561 2980 L
578 2928 676 2984 sobolis
695 2927 745 2982 duo
764 2925 890 3000 Hopois'ns'
908 2927 944 2981 od
960 2925 1002 2992 27,
1017 2927 1041 2991 i,
1053 2925 1079 2995 6,
1090 2923 1121 2980 8.·

232 3033 418 3106 sgimnasiis]
437 3033 467 3090 id
484 3038 528 3090 ost
545 3049 562 3088 a
579 3031 770 3090 sacerdotibus
789 3033 944 3088 exerciciis:
962 3046 1059 3101 gemus
1078 3027 1257 3100 [rescierunt]
1276 3029 1347 3086 enim
1363 3029 1451 3086 Grscc
1469 3030 1566 3086 Latine
1584 3028 1669 3087 labor.

303 3109 363 3163 siue
382 3106 543 3163 exercitium
563 3106 633 3175 [sino
651 3105 801 3160 exercitum
821 3105 909 3174 codsa]
928 3103 1080 3160 secundom
1098 3102 1246 3174 Pytliium).
1264 3102 1449 3171 engericus).

233 3214 267 3270 al.
281 3217 387 3270 stantes
404 3219 434 3267 et
451 3227 540 3282 neque
558 3209 687 3266 bumenti
706 3215 734 3266 et
753 3211 808 3266 uini
827 3215 856 3266 at
873 3211 926 3268 olei
945 3211 1090 3280 emptionis
1114 3211 1143 3264 st
1167 3209 1210 3263 ius
1233 3208 1426 3278 propositionis
1448 3213 1477 3263 et
1494 3223 1583 3278 neque
1602 3207 1671 3264 iudi·

305 3301 367 3341 aare
391 3289 419 3339 et
443 3291 534 3338 cetera
558 3283 610 3354 [sic
624 3285 686 3356 sere
712 3283 750 3336 L:
773 3284 903 3338 diuersam
928 3291 1008 3354 ipitur
1030 3285 1159 3336 lectionem
1183 3279 1272 3334 tutuo
1296 3288 1322 3332 in
1345 3299 1391 3334 suo
1416 3281 1480 3336 libro
1504 3279 1670 3352 Hupctissusb

305 3357 338 3412 ai.
352 3356 516 3428 prepositois
530 3355 595 3424 [aial.
623 3360 652 3409 et
669 3353 745 3409 dices
763 3357 868 3408 omnies
886 3353 915 3408 id
933 3359 977 3408 est
994 3354 1145 3408 existentes
1162 3351 1334 3438 etflinmuues
1351 3351 1544 3438 propositionis
1557 3351 1671 3422 emptio·

305 3426 1104 3570 ¹¹2⁸si.⁰;ii“¹tttti¹¹ii.⁰.ti²diuisisti
1122 3426 1253 3550 ibit
1260 3420 1672 3566 stetissetis

304 3515 348 3627 gat
366 3586 472 3627 sensus.
492 3609 625 3627 ........
645 3538 828 3640 H(ugolinusj.
