3782 5544
164 317 233 365 nan
254 317 393 364 course
841 293 928 376 483
1336 299 1424 366 XVII
1446 303 1460 368 l
1486 307 1601 366 10-1a

164 455 287 524 cuniam,
310 453 360 510 sed
378 453 414 508 ad
432 469 499 510 usus
517 469 582 510 auos
600 454 749 524 conuertit,
767 455 795 510 in
813 469 910 510 murae
929 455 1121 525 conuenietnr,
1138 471 1209 525 qnae
1226 455 1349 526 legitimo
1367 455 1449 512 modo
1466 458 1495 513 in
1512 457 1601 528 regio-

164 543 247 598 nibus
263 542 477 613 frequentantur.
502 543 622 613 deniqne
640 540 806 613 Papinianus
824 543 863 598 ait
880 545 963 598 etiarn
981 543 1005 598 si
1023 559 1120 599 usuras
1139 545 1262 614 exegerit
1278 549 1438 614 procurator
1453 551 1482 601 et
1493 547 1521 602 in
1533 563 1600 602 usne

128 643 144 686 4
164 647 230 687 auos
248 633 391 700 conuertit,
410 648 508 687 rieures
526 647 589 686 eum
608 637 748 701 praestare
767 631 875 688 debere.
904 631 933 688 Sl
945 633 1006 703 quis
1018 633 1092 688 Titio
1105 632 1284 702 mandauerit,
1303 639 1334 688 ut
1346 633 1381 688 ab
1393 634 1530 690 actoribus
1543 635 1600 692 suis

163 726 288 775 mutuam
305 721 448 790 pecuniam
467 722 612 790 acciperet,
631 719 753 774 mandati
770 735 833 776 eum
852 737 906 776 non
918 726 1043 776 acturum
1056 723 1222 792 Papinianus
1234 721 1302 778 libro
1314 722 1395 776 tertio
1407 737 1600 793 responsorum

163 807 267 878 scribit,
287 809 352 879 quia
369 809 403 864 de
422 814 518 864 mutua
535 809 653 878 petuma
670 823 733 864 enm
752 807 835 864 babet
852 808 1017 878 obligatum:
1037 811 1144 866 ntideo
1162 826 1260 866 usuras
1273 825 1335 864 eum
1348 815 1441 880 petere
1453 828 1507 870 non
1518 828 1600 883 posse
1619 825 1633 868 a

129 899 244 966 tquasi
266 913 300 952 er
325 913 409 953 eausa
431 899 567 966 mandati,
592 897 616 951 si
638 897 666 950 iu
689 897 891 967 stipulationem
915 898 1050 954 deductae
1074 915 1128 954 non
1146 905 1219 954 sunt
1255 899 1332 953 Idem
1349 899 1515 968 Papinianus
1532 901 1600 958 libro

162 986 259 1040 eodem
279 985 363 1040 refert
380 984 533 1042 fideiussori
552 985 746 1054 condemnato,
765 986 813 1055 qni
829 986 892 1041 ideo
910 985 1059 1057 fideiussit,
1077 989 1143 1057 qnia
1159 986 1286 1042 dominns
1303 989 1472 1057 procuratori
1489 990 1600 1044 manda

161 1081 242 1130 uerat
262 1081 295 1130 ut
311 1077 456 1144 pecuniam
475 1081 598 1130 mutuam
617 1075 768 1144 acciperet,
792 1075 886 1129 utilem
904 1076 1038 1131 actionem
1058 1075 1176 1130 dandam
1194 1075 1273 1144 quasi
1290 1074 1467 1145 institoriam,
1490 1078 1555 1146 qnia
1573 1083 1602 1132 et

128 1175 143 1220 t
162 1162 207 1218 hic
226 1165 306 1233 quasi
323 1165 515 1234 praeposuisse
534 1179 596 1218 eum
615 1167 728 1217 matriae
746 1163 878 1232 pecuniae
897 1164 1072 1233 accipiendae
1089 1164 1224 1219 uideatur.
1260 1162 1288 1218 Si
1308 1164 1352 1218 cni
1369 1164 1548 1235 mandauero,
1568 1169 1601 1220 nt

161 1268 180 1306 a
198 1252 272 1307 Titio
290 1253 447 1323 stipuletur,
471 1259 566 1322 potero
584 1267 646 1306 cum
666 1266 699 1306 eo
716 1251 761 1305 cui
780 1251 909 1306 mauduni
926 1267 1009 1322 agere
1028 1253 1164 1322 mandeti,
1185 1257 1217 1308 nt
1234 1267 1297 1308 eum
1316 1259 1430 1322 accepto
1448 1253 1558 1323 liberet,
1576 1255 1600 1308 si
1620 1268 1649 1308 ro

161 1340 216 1396 boc
240 1341 335 1396 uelim:
358 1342 417 1411 uel,
441 1343 464 1396 si
482 1341 588 1410 madm,
611 1341 639 1394 in
657 1339 709 1394 boo
727 1355 823 1409 agam,
847 1346 878 1395 nt
895 1357 958 1396 eum
977 1340 1086 1412 deleget
1102 1340 1169 1396 mibi
1186 1341 1230 1396 uel
1249 1341 1273 1396 si
1291 1341 1336 1396 oui
1354 1343 1400 1397 alii
1418 1343 1538 1398 noluero.
1572 1347 1601 1398 et

160 1429 329 1499 Papinianus
346 1431 416 1486 libro
433 1429 531 1486 eodem
548 1427 651 1498 scribit,
669 1429 693 1484 ei
711 1433 799 1484 mater
816 1443 865 1498 pro
883 1427 939 1484 lilia
956 1429 1048 1486 dotem
1067 1429 1175 1484 dederit
1191 1444 1307 1500 eamque
1325 1431 1473 1486 mandante
1488 1430 1543 1486 filia
1556 1433 1601 1487 nel

161 1519 226 1574 ilico
238 1521 368 1588 stipulata
380 1519 415 1574 sit
427 1519 566 1574 ueletiam
579 1523 683 1587 postea,
703 1517 825 1572 mandati
837 1533 897 1572 eam
911 1519 1005 1589 tenen,
1023 1519 1150 1588 quamuis
1162 1519 1222 1588 ipsa
1235 1518 1278 1586 sit,
1297 1533 1368 1587 quae
1380 1519 1473 1574 dotem
1485 1519 1600 1576 dederit

126 1617 141 1662 7
160 1607 192 1662 Si
210 1609 273 1676 quis
290 1623 332 1677 ea,
350 1623 421 1677 qnae
440 1613 600 1677 procurator
618 1621 685 1661 suus
703 1611 731 1660 et
748 1606 820 1661 serui
835 1605 976 1676 gerebant,
995 1608 1035 1661 ita
1046 1607 1157 1662 demum
1169 1611 1230 1660 rata
1242 1622 1303 1661 esse
1315 1607 1465 1679 mandauit,
1483 1609 1506 1662 si
1519 1609 1600 1664 iuter·

159 1701 248 1752 uentu
267 1696 420 1767 Sempronii
443 1702 523 1767 gesta
545 1701 652 1764 essent,
677 1699 705 1750 et
728 1696 797 1750 male
821 1695 938 1764 pecnnia
960 1695 1065 1750 credita
1088 1697 1137 1765 sit,
1160 1694 1365 1765 Sempronium,
1389 1695 1437 1764 qui
1454 1695 1519 1752 nibil
1536 1697 1600 1754 dolo
1620 1710 1648 1751 rs

159 1783 236 1853 iecit,
255 1801 309 1840 uon
327 1788 422 1842 teneri.
450 1793 480 1840 et
497 1791 540 1842 est
557 1799 653 1840 nerum
672 1799 743 1852 enm,
761 1785 808 1853 qui
826 1798 881 1838 non
894 1784 984 1838 animo
996 1784 1179 1854 procuratoris
1191 1784 1347 1854 interuenit,
1366 1784 1415 1840 sed
1428 1785 1600 1841 adactionem

160 1873 305 1928 amicalem
323 1875 448 1943 promisit
465 1874 492 1928 in
511 1872 653 1928 monendis
671 1871 893 1943 procuratoribus
911 1877 940 1927 ct
958 1871 1097 1928 actoribus
1115 1877 1144 1926 et
1157 1873 1185 1928 in
1198 1871 1325 1942 regendis
1337 1873 1459 1942 consilio,
1479 1875 1600 1930 mandati

126 1973 141 2018 s
160 1977 218 2018 non
236 1963 336 2032 teneri,
359 1961 425 2016 sed¹
445 1963 468 2017 si
485 1961 552 2031 qnid
569 1961 633 2017 dolo
651 1960 754 2031 fecerit,
772 1977 827 2016 nou
846 1961 980 2030 mandati,
999 1961 1050 2016 ssd
1069 1962 1157 2030 magia
1174 1961 1209 2016 de
1227 1961 1290 2016 dolo
1309 1962 1404 2018 teneri.
1440 1961 1471 2016 Si
1489 1962 1600 2018 manda·

160 2066 229 2106 uero
246 2051 416 2120 procuratori
435 2065 509 2120 meo,
535 2055 566 2104 nt
583 2051 657 2105 Titio
675 2051 818 2120 pecuniam
838 2065 927 2104 meam
945 2049 1040 2106 credat
1058 2051 1117 2105 sine
1136 2051 1241 2119 usuris,
1265 2049 1342 2118 isque
1361 2065 1416 2104 non
1433 2051 1492 2106 sine
1511 2052 1601 2106 neuris
1685 2063 1689 2072 ’

159 2139 322 2209 crediderit,
346 2153 381 2194 an
400 2140 483 2194 etiarn
502 2155 599 2194 neuras
618 2138 683 2193 mibi
700 2139 844 2194 restituere
863 2137 976 2208 debeat,
1002 2139 1153 2194 uideamus.
1186 2143 1215 2192 et
1231 2139 1325 2192 Labeo
1344 2138 1439 2195 scribit
1456 2141 1601 2195 restituere
1620 2150 1649 2191 ao

159 2244 224 2284 eum
243 2232 378 2296 oportere,
395 2227 504 2282 etiamsi
521 2227 572 2284 hoe
590 2227 785 2296 mandassem,
803 2232 835 2282 ut
851 2227 999 2296 gratuitus
1016 2227 1161 2296 pecuniam
1180 2226 1266 2295 daret,
1285 2227 1420 2296 quamuis,
1438 2228 1462 2282 si
1479 2229 1601 2298 periculo

126 2328 140 2373 9
159 2333 213 2372 suo
230 2317 401 2385 credidisset,
420 2321 548 2384 oemaret,
567 2315 655 2384 inquit
672 2315 774 2386 Labeo,
793 2316 821 2372 iu
839 2316 928 2370 usuris
946 2316 1019 2372 actio
1038 2315 1169 2372 mandati.
1196 2315 1273 2372 ldoru
1291 2314 1385 2372 Labeo
1403 2317 1443 2371 ait
1460 2321 1488 2372 et
1506 2331 1601 2372 uerum

159 2411 205 2460 est
223 2407 410 2474 reputationee
428 2419 537 2474 quoque
556 2403 607 2459 hoc
625 2404 754 2460 iudicium
773 2403 918 2460 admittere
936 2408 978 2472 et,
1003 2405 1084 2460 sicuti
1102 2401 1207 2460 fructus
1225 2405 1333 2474 cogitur
1350 2405 1494 2461 restituere
1512 2405 1536 2460 is
1554 2405 1602 2476 qni

159 2499 302 2564 procurat,
321 2495 361 2548 ita
378 2499 531 2564 sumptum,
549 2507 630 2562 quom
649 2493 677 2546 in
694 2491 799 2548 tructus
817 2482 1007 2562 percipiendos
1025 2490 1104 2562 lecit,
1122 2492 1259 2548 deducere
1277 2509 1340 2548 eum
1359 2498 1481 2563 oportet:
1505 2493 1555 2548 sed
1573 2498 1602 2548 et

160 2585 184 2638 si
209 2583 246 2638 ad
268 2588 397 2638 semotas
415 2597 494 2651 suas,
516 2581 582 2636 dum
601 2583 720 2638 excurrit
737 2583 766 2638 in
782 2581 908 2651 praedia,
931 2586 1071 2651 sumptum
1089 2579 1168 2650 feeit,
1192 2587 1259 2650 puto
1277 2580 1328 2637 bos
1347 2597 1457 2652 quoque
1474 2587 1601 2652 sumptus
1619 2593 1648 2636 st

159 2677 292 2742 reputare
308 2687 370 2726 enm
389 2675 527 2741 oportere,
549 2671 601 2726 nisi
619 2671 643 2724 si
661 2670 817 2724 salariarius
836 2667 887 2726 fuit
905 2676 934 2724 et
950 2669 1002 2725 hoc
1021 2671 1161 2740 conuenit,
1181 2675 1213 2726 ut
1229 2677 1356 2741 sumptus
1374 2669 1410 2725 de
1429 2685 1479 2725 sno
1497 2668 1602 2727 iaceret

113 2772 142 2817 ιο
160 2761 196 2816 ad
216 2759 285 2815 baec
302 2760 412 2828 itinera,
437 2759 489 2814 hoo
506 2765 549 2814 est
567 2758 602 2814 de
620 2759 728 2814 salario.
764 2758 841 2814 Idem
860 2759 912 2826 ait,
936 2757 1044 2828 siquid
1063 2763 1222 2828 procurator
1240 2760 1310 2814 eitra
1327 2759 1486 2814 mandatum
1505 2760 1534 2816 in
1553 2773 1600 2815 uo·

159 2850 296 2919 luptatem
314 2847 387 2918 lesit,
405 2847 617 2918 permittendum
629 2847 656 2902 ei
668 2846 784 2917 anferre,
802 2846 875 2917 quod
888 2847 947 2902 sine
959 2846 1060 2902 damno
1072 2847 1175 2904 donnini
1187 2846 1244 2918 fiat,
1262 2847 1315 2903 nisi
1326 2847 1461 2903 rationem
1474 2853 1600 2916 sumptus

112 2951 139 2995 ιι
160 2939 241 2993 istius
264 2938 391 2993 dominus
414 2937 542 2992 admittit.
579 2935 767 2992 Fideiussores
791 2941 819 2990 et
842 2935 1018 2990 mandatores
1040 2941 1069 2990 et
1092 2936 1116 2990 si
1134 2937 1193 2992 sine
1211 2936 1312 2992 iudicio
1330 2935 1474 3006 soluerint,
1498 2935 1601 2990 babent

113 3039 142 3083 ra
160 3027 298 3082 actionem
318 3026 447 3081 mandati.
475 3025 645 3081 Generaliter
663 3025 784 3080 lulianus
802 3025 851 3094 eit,
868 3025 892 3078 si
909 3022 1054 3079 fideiussor
1071 3040 1107 3080 ex
1124 3040 1175 3080 sua
1192 3040 1310 3094 persona
1327 3025 1450 3080 omiserit
1461 3023 1600 3092 exceptio-
1619 3035 1649 3075 so

159 3131 237 3185 aem,
257 3131 312 3185 qna
329 3130 392 3170 reus
411 3115 523 3170 utinen
541 3114 644 3185 potnit,
662 3114 686 3169 si
704 3112 814 3182 quidem
833 3113 922 3168 minus
939 3112 1091 3182 honestam,
1109 3112 1211 3168 habere
1229 3129 1292 3168 cnm
1310 3113 1431 3168 mandati
1449 3112 1600 3168 actionem:

159 3205 236 3276 quod
255 3205 278 3260 si
296 3219 371 3274 earn,
393 3219 528 3274 quarens
546 3203 588 3260 uti
604 3203 709 3273 potnit,
728 3203 751 3256 si
770 3202 859 3256 sciens
877 3201 907 3256 id
924 3199 1004 3272 iecit,
1023 3217 1078 3257 uon
1095 3201 1251 3258 habiturum
1269 3201 1391 3258 mandati
1409 3201 1558 3270 actionem,
1576 3200 1601 3256 si

159 3291 243 3348 modo
262 3292 359 3348 babuit
375 3289 532 3348 facultatem
551 3293 591 3346 rei
609 3291 789 3346 conueniendi
808 3289 1047 3360 desiderandique,
1066 3297 1097 3346 nt
1114 3291 1173 3362 ipse
1191 3291 1344 3360 susciperet
1360 3289 1452 3360 potius
1469 3289 1600 3344 iudicium

111 3395 140 3440 ls
159 3381 207 3436 uel
230 3397 281 3436 sno
305 3382 350 3436 uel
371 3382 559 3451 procuratorio
582 3381 700 3436 nomine.
738 3377 768 3434 Si
790 3377 944 3434 fideiussori
968 3379 1123 3435 donationis
1144 3395 1229 3434 musa
1246 3383 1390 3448 acceptum
1408 3376 1511 3434 iactum
1530 3378 1601 3434 sita

158 3470 310 3539 creditore,
328 3475 404 3540 puto,
423 3470 446 3524 si
464 3467 653 3524 fideiussorem
672 3469 839 3524 remunerari
856 3468 944 3524 uoluit
961 3468 1088 3538 creditor,
1106 3467 1207 3524 habere
1226 3483 1289 3524 eum
1310 3466 1430 3522 mandati
1449 3467 1599 3522 actionem:
1619 3477 1648 3520 ss

159 3560 247 3614 mrdto
265 3559 362 3628 magis,
381 3559 404 3614 ei
423 3559 518 3614 mortis
536 3573 621 3612 musa
638 3561 755 3626 accepto
771 3556 880 3612 tulisset
898 3557 1016 3612 creditor
1033 3557 1079 3616 uel
1097 3557 1120 3612 si
1138 3572 1199 3612 eam
1217 3555 1406 3612 liberationem
1424 3554 1535 3624 legauit.

103 3649 138 3704 11
214 3648 385 3703 Pormosrue
403 3646 472 3702 libro
490 3647 571 3702 tertio
589 3661 625 3700 ax
641 3645 756 3700 Plautio.
784 3644 813 3699 Si
831 3646 865 3714 ei,
883 3647 928 3702 cui
946 3645 1091 3700 damnatus
1109 3660 1144 3700 ex
1155 3661 1241 3702 eausa
1251 3644 1424 3700 fideiussoris
1442 3636 1600 3727 [ᾗῇ-Η
1619 3649 1661 3704 'E

158 3734 275 3804 fueram,
293 3735 373 3790 beree
391 3740 489 3805 postea
506 3735 630 3803 extitero,
648 3732 756 3789 habebo
775 3734 898 3788 mandati
915 3734 1060 3791 sadonem.

102 3826 139 3882 12
214 3824 365 3880 Uarianos
382 3823 451 3879 libro
466 3824 624 3892 trigensimo
636 3823 724 3893 primo
736 3822 772 3878 ad
784 3822 911 3878 edictum.
940 3821 969 3879 Si
981 3837 1047 3878 uero
1059 3838 1114 3880 non
1126 3823 1317 3880 remunerandi
1329 3837 1422 3890 cansa,
1441 3813 1639 3904 Q‘OES

126 3925 138 3971 1
158 3913 210 3968 sed
226 3913 411 3984 principaliter
429 3911 556 3966 donando
574 3909 727 3966 fideiussori
744 3911 849 3966 remisit
867 3911 1015 3980 actionem,
1039 3911 1161 3966 mandati
1179 3927 1242 3966 enm
1261 3927 1316 3966 non
1334 3916 1466 3965 acturum.
1500 3909 1510 3980 ll
1529 3910 1598 3964 lilar-
1616 3914 1633 3962 t
1644 3916 1689 3962 stt

158 3999 245 4055 cellos
268 4007 358 4055 autem
383 3999 497 4072 facturr,
521 3999 545 4054 si
567 4000 628 4068 quis
652 3998 802 4054 donaurrus
824 3998 978 4054 fideiussori
995 4015 1045 4069 pro
1064 4015 1097 4055 eo
1115 4001 1228 4055 soluerit
1245 3999 1388 4067 creditori,
1413 3995 1513 4052 babere
1532 3995 1598 4050 dds·
1617 4007 1644 4046 rr

125 4091 293 4146 aiussorem
318 4089 440 4144 mandati
463 4089 607 4144 actionem.
643 4089 742 4159 Plane,
766 4088 866 4158 inquit,
891 4087 914 4142 si
935 4087 1007 4143 lilius
1024 4085 1141 4143 familias
1160 4090 1205 4144 uel
1222 4103 1319 4143 seruus
1337 4086 1390 4141 tuit
1407 4085 1552 4141 fideiussor
1569 4087 1598 4140 st

107 4182 114 4196 “
156 4177 323 4248 1’1Ρ11Ἧ11

1439 4263 1599 4274 —----

158 4304 169 4338 ¹
188 4307 217 4356 et
235 4311 283 4357 ins.
300 4306 335 4368 (u.
348 4309 378 4368 ι’.)

159 4423 230 4480 lad
243 4424 318 4493 usus]
339 4424 471 4479 aduersum
485 4425 563 4478 P‘U⁶
607 4423 780 4494 Pde‘i'niqne
793 4425 848 4488 ΡΙ
904 4425 1033 4482 salarium
1045 4425 1144 4480 P‘VU
1193 4425 1227 4479 27
1246 4424 1443 4492 uolumptatern
1457 4421 1483 4473 F
1490 4422 1547 4482 (em.
1551 4422 1597 4492 s),

157 4501 337 4565 procurator*
354 4495 393 4548 Ρ
446 4496 563 4550 3sui*s⁴
582 4497 620 4548 Ρ
673 4497 789 4550 atreum
813 4496 851 4547 Ρ
904 4498 1018 4552 uolunta
1044 4496 1085 4561 U·,
1107 4495 1249 4563 uoluptate
1276 4495 1310 4548 U⁶
1367 4494 1402 4548 28
1425 4492 1549 4547 raciones
1572 4489 1600 4544 P

157 4567 313 4635 bpecunia
329 4573 410 4620 teu⁴m
430 4567 487 4634 ΡΙ
508 4571 630 4634 repetere
648 4567 688 4620 Ρ
740 4567 850 4621 8insti-
904 4569 939 4622 29
958 4573 987 4622 et
1004 4567 1037 4637 si]
1058 4575 1087 4622 et
1103 4567 1182 4621 Pell·
1235 4567 1271 4620 32
1289 4564 1352 4635 qua]
1372 4579 1455 4633 quam
1474 4561 1596 4625 F¹P¹U⁶,

157 4637 302 4692 t‘ut'oriam
333 4637 379 4702 Ρ,
412 4637 580 4692 institutoria
610 4639 650 4691 Pa
675 4639 679 4702 l
704 4637 786 4706 quia
813 4637 852 4690 Ρ
904 4654 973 4708 quae
996 4645 1122 4710 reparate,
1145 4657 1204 4692 mos
1228 4652 1284 4705 qna
1307 4635 1437 4690 adsistas
1457 4634 1496 4687 Ρ
1516 4635 1521 4698 l
1541 4647 1596 4686 nou

157 4710 344 4778 tlpccuniae⁴
358 4709 396 4760 Ρ
438 4710 468 4764 11
483 4707 630 4764 nolu‘n'ero
642 4709 680 4761 Ρ
717 4706 850 4763 13ii'lico
905 4729 953 4764 orn.
969 4709 1003 4762 Ρ
1048 4710 1084 4763 33
1100 4709 1270 4778 susciperet*
1289 4708 1324 4760 Ρ
1369 4707 1403 4760 35
1422 4716 1597 4758 remunerare

158 4781 197 4832 Ρ
212 4782 217 4848 l
232 4779 314 4848 qnae]
328 4794 382 4848 qne
396 4780 565 4852 F(sappl.s),
584 4780 631 4847 qui
647 4779 681 4832 U·
718 4781 751 4834 16
764 4779 850 4834 n'e'on
903 4780 955 4834 PU
1006 4781 1041 4834 36
1059 4780 1162 4835 multo
1180 4779 1219 4832 Ρ
1272 4779 1305 4832 37
1324 4776 1488 4846 pomponius
1506 4792 1554 4826 om.
1570 4780 1597 4826 sa

157 4855 213 4906 ten.
236 4850 273 4904 Ρ
319 4853 351 4905 17
370 4849 543 4904 a'u'ctoribns
555 4851 593 4903 Ρ
640 4850 674 4903 18
692 4849 786 4918 eadsi]
801 4849 851 4904 sed
903 4858 987 4920 spatio
1005 4869 1089 4905 aaran
1108 4851 1144 4904 Ρ
1192 4850 1227 4904 38
1246 4847 1371 4904 *habebo
1389 4847 1434 4910 Ρ,
1453 4843 1540 4898 babeo
1563 4841 1598 4896 U·

157 4926 186 4976 et
204 4922 229 4978 si
247 4923 283 4976 P:
302 4919 356 4976 ἄλλ’
375 4922 398 4975 ei
415 4921 570 4976 assidetes
583 4920 709 4992 ἒιιριῐὲτι
724 4919 851 4991 Βδ(ιικ)
904 4922 938 4976 39
956 4921 1082 5007 ulpianus
1101 4939 1149 4996 om.
1165 4927 1192 4975 in
1208 4927 1294 4992 spatio
1312 4937 1393 4974 saeuo
1412 4917 1448 4970 Ρ
1493 4915 1529 4970 41
1550 4911 1596 4967 hs·

157 4993 192 5047 21
217 4993 241 5047 si
263 4992 315 5048 hoc
338 4993 421 5047 edam
445 4993 486 5046 P·
549 4993 583 5046 25
612 4991 763 5061 impraedia
785 4992 853 5046 ΡΙ]
903 4991 989 5047 beret
1013 4993 1054 5046 Ρ

157 5065 192 5120 26
210 5068 320 5135 oportet
331 5065 371 5118 Ρ
388 5066 392 5132 Ι
408 5064 432 5118 si
449 5082 497 5118 om.
510 5063 588 5118 ΡΗ·
603 5065 608 5132 Ι
624 5063 791 5118 ealadau'nm
804 5064 852 5128 P'¹‚

1323 5145 1383 5201 31*
