3778 5544
147 265 393 316 mnmusnsuno
832 243 920 326 369
966 177 972 187 ·
1352 245 1412 316 XII
1432 249 1453 316 2
1473 253 1589 310 tlt-ne

149 419 224 474 esse,
248 403 326 462 iilius
348 403 488 462 oouueuiri
505 405 620 476 potesit=
642 403 694 462 sod
711 408 740 462 et
756 409 837 476 putor
853 407 894 463 ito
910 404 1101 475 eonneuietur,
1125 409 1157 462 ut
1173 408 1237 476 post
1254 403 1384 476 eduuisiti
1401 405 1502 476 penulii
1519 403 1589 461 ratio

119 492 297 549 thebeetur.
332 493 510 554 iurisiurandi
533 494 657 552 ooudioio
680 509 716 550 ex
738 509 851 551 numero
873 509 935 550 esse
952 497 1045 566 potest
1062 492 1150 549 uideri
1168 493 1289 550 nouandi
1306 493 1501 566 delegendiue,
1525 495 1591 566 quis

148 581 337 652 proficiscitur
353 599 390 640 os
407 583 596 654 oouuentioue,
615 584 743 654 quamuis
760 583 862 640 hebent
879 588 908 642 et
923 583 1011 640 iustu
1027 581 1129 640 iudioli.

97 666 132 726 i'l
201 669 303 728 (issue
323 671 392 731 libro
417 674 513 745 quinto
538 672 574 729 sd
596 672 716 730 edietum
739 673 914 746 prouineisle.
949 671 1144 730 Iusiurandum
1163 671 1247 729 edum
1264 673 1326 730 loeo
1344 674 1414 732 solu·
1434 667 1591 759 Q
1622 677 1663 734 li·

148 760 231 816 tionis
251 761 337 818 oedit
1608 772 1622 815 s

97 843 132 904 ie
199 850 327 908 Psuuue
344 849 414 908 libro
431 854 532 908 ooteuo
549 851 657 908 deeimo
675 850 711 907 sd
728 851 858 924 edietum.
885 850 918 908 Iu
934 849 1042 908 duobus
1055 848 1416 922 relsstipulsndinbeltero
1434 847 1592 938 [Q
1622 855 1651 910 Ε

119 947 130 992 1
149 937 275 996 delstnm
295 939 483 997 iusiurandum
501 941 584 998 etiem
603 941 682 998 elteri
699 941 816 998 nooebit
853 939 933 1008 Quod
949 955 1013 997 reus
1030 939 1140 1012 iursuit,
1159 941 1242 996 οιὶιιιιι
1260 939 1414 996 fideiussori
1431 941 1547 1012 proiicit.
1576 959 1594 999 n

148 1027 316 1086 fideiussore
339 1034 466 1086 exsotum
490 1030 677 1088 iusiurandum
700 1031 832 1102 prodesse
850 1031 933 1087 etism
950 1045 998 1086 reo
1016 1029 1129 1087 (dusius
1147 1030 1315 1086 stimuum
1333 1031 1424 1087 siunt:
1447 1047 1510 1088 nom
1529 1032 1594 1105 quin

150 1118 177 1174 in
199 1119 296 1176 looum
319 1120 461 1178 solutionis
485 1119 620 1190 succedit,
643 1119 688 1176 bio
711 1136 820 1191 quoque
838 1120 936 1178 eodem
954 1121 1014 1176 loeo
1032 1119 1189 1176 habendum
1208 1124 1264 1178 est:
1288 1120 1312 1176 si
1331 1121 1413 1178 modo
1431 1120 1493 1178 ideo
1512 1121 1593 1178 inier-

148 1208 274 1277 positum
288 1212 337 1270 ,esi
353 1209 551 1280 iusiurandum,
569 1213 602 1265 ut
619 1209 654 1266 de
671 1210 733 1280 ipso
751 1215 895 1266 oenusetu
912 1215 941 1265 et
958 1209 994 1265 de
1011 1225 1049 1281 re,
1068 1223 1123 1266 non
1140 1209 1176 1264 de
1193 1223 1312 1280 persone
1330 1210 1445 1267 iuuentis
1457 1217 1593 1280 mereim.
1612 1219 1641 1261 ιο

119 1305 133 1350 ι
150 1295 180 1352 Si
201 1297 243 1367 ei,
268 1298 318 1368 qui
341 1298 493 1358 debitorem
515 1315 608 1356 meum
630 1299 659 1355 iu
680 1298 810 1356 iuditium
834 1297 963 1355 exhibere
984 1298 1121 1370 promisit,
1146 1299 1334 1357 iusiurandum
1352 1300 1497 1357 detulerim
1515 1301 1593 1370 inque

150 1385 286 1443 iurauerit
303 1403 334 1443 se
352 1388 463 1446 omniuo
481 1387 676 1446 exhibitionem
694 1389 754 1445 eius
771 1402 827 1444 nou
839 1387 1021 1459 promississe,
1039 1388 1172 1460 prodesse
1184 1387 1301 1446 debitori
1315 1403 1376 1448 meo
1388 1389 1417 1445 id
1428 1405 1484 1448 uon
1496 1389 1592 1448 debet:

150 1475 260 1532 sineno
279 1476 412 1534 iurnuen't
428 1493 459 1534 se
477 1477 543 1534 nibil
561 1477 627 1536 mihi
644 1481 784 1550 preestnre
803 1483 937 1548 oportere,
956 1475 1179 1548 dintingueudum
1198 1478 1250 1534 sit¹
1269 1481 1299 1534 et
1314 1479 1490 1549 replioutioue
1502 1495 1593 1538 omen·

150 1563 284 1636 dsndum,
302 1571 394 1622 utrum
413 1567 476 1624 ideo
494 1567 625 1624 iurauerit
643 1584 678 1624 sn
697 1568 762 1639 quis
778 1572 843 1638 post
859 1566 1068 1638 promissionem
1086 1565 1241 1623 exhibuerit
1258 1584 1294 1624 un
1312 1583 1379 1624 nero
1391 1569 1457 1639 quin
1468 1570 1593 1626 soluerit:

121 1653 225 1723 equod
249 1659 280 1710 et
302 1655 332 1712 iu
354 1655 562 1712 fideiussorem²
580 1656 665 1714 debiti
686 1656 910 1727 distinguendum
928 1661 979 1714 est
1016 1655 1060 1712 Iix
1077 1655 1258 1712 duobusireis
1275 1657 1453 1728 promittendi
1471 1658 1594 1714 eiusdem
1612 1665 1641 1708 tt

120 1743 286 1812 speouuine
309 1745 378 1802 eber
399 1745 514 1802 innuit:
537 1747 615 1804 elteri
637 1762 745 1818 quoqne
762 1745 895 1818 prodesse
914 1744 1033 1802 debebit
1069 1745 1204 1816 Exeeptio
1221 1745 1396 1802 iurisiurandi
1414 1761 1468 1803 non
1486 1750 1594 1804 tentum

152 1832 175 1886 si
198 1847 233 1888 es
256 1834 367 1892 notione
391 1835 453 1906 quis
469 1839 576 1906 utetur,
600 1836 679 1894 ouius
696 1837 806 1894 uomlue
824 1835 917 1906 exegit
933 1834 1135 1906 iusiurandum,
1160 1835 1261 1906 opponi
1278 1834 1375 1906 debet,
1401 1835 1451 1892 sed
1468 1837 1552 1892 mum
1570 1837 1594 1894 ei

152 1919 217 1991 slis,
240 1923 266 1978 si
291 1923 374 1980 modo
396 1923 493 1980 eudem
516 1926 643 1996 qumsuo
666 1926 695 1982 in
717 1925 770 1982 hoo
787 1925 918 1983 tudinium
935 1923 1101 1995 dedendine,
1125 1923 1195 1982 sorte
1220 1925 1245 1980 si
1261 1923 1298 1981 ob
1316 1925 1451 1982 sotionem
1470 1925 1593 1982 meudun

152 2013 327 2082 negotiorum
345 2018 485 2084 gestorum
503 2015 643 2072 woietstis
655 2020 816 2086 oeternsque
828 2015 930 2072 similes
942 2013 1130 2072 iusiurandum
1143 2018 1271 2072 exsulum
1283 2014 1328 2085 sit,
1347 2013 1446 2070 deinde
1458 2029 1493 2072 ox
1505 2015 1592 2072 isdem

123 2102 242 2157 tosusis
266 2107 374 2160 nemum
397 2104 569 2178 condiuntur,
594 2105 660 2176 quin
680 2120 731 2176 pen
753 2106 867 2162 ultorum
885 2103 1021 2160 eotlouenn
1040 2105 1127 2162 sltero
1143 2117 1252 2175 quoque
1271 2103 1448 2159 eonsumitur.
1484 2101 1593 2173 Siquis
1612 2109 1641 2152 ¹⁰

152 2189 285 2248 iuseuerit
307 2208 339 2248 se
361 2208 417 2249 uon
440 2195 576 2266 tepuisse,
599 2208 655 2251 uon
678 2193 761 2251 debet
783 2193 909 2250 sdiuunri
931 2191 983 2250 hoe
1006 2193 1182 2252 iussimsudo
1205 2193 1234 2250 ln
1252 2193 1360 2249 notione
1378 2189 1444 2248 iusti
1463 2198 1512 2248 snt
1529 2207 1592 2249 oon·

124 2287 138 2334 t
154 2279 281 2352 diutione,
300 2281 366 2352 quis
383 2282 457 2338 uliud
470 2287 514 2340 est
523 2281 626 2340 furtum
639 2281 746 2354 lenisse,
764 2283 839 2354 quod
852 2282 897 2339 uel
910 2283 979 2339 olum
992 2280 1052 2338 dori
1063 2287 1163 2354 potest
1191 2279 1320 2354 Gelonus,
1339 2296 1402 2338 eum
1414 2296 1470 2352 quo
1482 2287 1593 2353 propter

153 2370 274 2426 suooisss
293 2368 364 2428 sorte
382 2371 494 2429 nuberes
513 2372 648 2443 agebatur
665 2387 701 2429 ex
719 2373 821 2444 leonto,
840 2372 864 2428 si
881 2373 1013 2430 iussuerit
1030 2387 1061 2428 se
1079 2387 1135 2430 uon
1152 2369 1316 2442 suouidlsse,
1334 2371 1394 2428 siue
1412 2385 1428 2426 o
1445 2371 1507 2442 lege
1525 2371 1592 2428 duo

155 2457 242 2516 desim
263 2459 421 2518 tubulorum
445 2461 480 2518 de
502 2460 645 2520 srbonbus
668 2461 783 2519 suoeisis
806 2461 866 2518 sine
890 2477 906 2518 e
929 2462 991 2533 legs
1008 2461 1119 2532 Aquilia
1142 2459 1235 2517 damni
1252 2459 1352 2516 iniurius
1369 2460 1429 2516 siue
1446 2460 1592 2518 intordioto

125 2547 226 2615 equod
243 2551 273 2606 ui
292 2555 342 2606 eut
359 2552 428 2607 elem
446 2553 544 2621 poetes
562 2551 753 2623 conuenietnr,
775 2566 825 2622 per
843 2551 1032 2622 exeeptionem
1049 2549 1223 2607 iurisiurandi
1241 2547 1353 2606 defendi
1369 2551 1479 2621 peterit
1516 2551 1593 2618 Quse
1612 2557 1642 2600 tt

156 2636 253 2694 iursuit
270 2639 384 2696 diuortii
400 2655 485 2698 eeuse
501 2655 558 2696 rem
577 2656 608 2698 se
626 2655 681 2696 nou
700 2641 850 2712 annuisse,
869 2656 924 2698 nou
942 2639 1026 2699 debet
1042 2637 1153 2696 delendi
1172 2637 1183 2711 l
1202 2653 1251 2710 per
1269 2639 1468 2712 exeeptiouem,
1486 2641 1511 2696 si
1529 2655 1592 2697 eum
1610 2643 1684 2692 tneo

156 2739 187 2780 ee
203 2727 230 2782 ln
248 2743 309 2786 rem
327 2734 427 2800 egetur
444 2735 481 2801 et,
499 2729 523 2785 si
542 2729 690 2787 oontendut
708 2745 786 2786 susm
805 2745 875 2801 esse,
894 2730 947 2787 slio
964 2729 1139 2787 iureiurando
1157 2743 1226 2798 opus
1241 2732 1298 2784 est:
1317 2733 1414 2784 eontrs
1425 2730 1449 2786 si
1461 2729 1593 2786 iurauerit

157 2830 230 2872 mum
254 2833 333 2889 esse,
356 2817 441 2874 debet
463 2819 492 2876 in
513 2819 620 2876 notione
637 2833 728 2874 rerum
747 2823 900 2878 emturum
917 2818 1037 2878 defendi.
1074 2823 1104 2876 et
1120 2819 1231 2884 omnium
1248 2817 1301 2874 hoo
1319 2817 1522 2875 obseruandum
1540 2823 1591 2890 est,

156 2904 216 2962 lieet
232 2923 282 2978 pes
301 2908 382 2964 alium
400 2908 536 2964 sotionem
554 2908 652 2964 eedem
669 2909 794 2980 quaestio
813 2915 969 2980 monmtnr,
987 2914 1020 2964 ut
1036 2909 1163 2979 exeeptio
1181 2907 1356 2964 iurisiurandi
1373 2907 1463 2964 loeum
1482 2905 1591 2964 humet

129 2993 239 3063 sigium
256 2997 281 3052 si
300 2997 362 3068 quis
379 2997 480 3054 iurauit
497 3013 528 3054 so
546 3013 601 3054 uon
618 3013 680 3054 esse
692 2997 913 3070 ooudemnetum,
932 2998 1038 3054 etiemsi
1050 3013 1087 3054 es
1097 2997 1230 3068 stipulstu
1241 2996 1391 3054 iudieutum
1404 2996 1474 3052 solui
1486 2995 1522 3052 ob
1534 3012 1592 3052 rem
1611 3002 1640 3045 ⁸⁰

158 3082 302 3142 indicatum
321 3088 507 3158 bonnoniam,
526 3085 688 3144 defendetur
704 3102 755 3158 per
772 3087 970 3159 exeeptlouem.
998 3091 1094 3143 noune
1111 3087 1143 3157 si,
1162 3102 1225 3142 eum
1244 3100 1280 3142 es
1296 3085 1428 3156 stipulstu
1441 3085 1592 3142 indosmm

159 3173 225 3230 solui
245 3177 452 3248 conueniretur,
475 3176 577 3232 iursuit
599 3192 630 3232 se
652 3174 719 3232 duro
740 3193 795 3234 non
814 3181 953 3248 oportere,
977 3175 1071 3246 egenti
1088 3175 1201 3233 iudiosti
1218 3189 1274 3232 uon
1291 3175 1387 3245 ntique
1405 3169 1527 3232 obstabit
1545 3191 1592 3231 ex·

159 3264 258 3333 ceptio:
282 3269 376 3336 potest
396 3266 468 3322 euim
486 3264 560 3336 deri,
582 3269 687 3323 utnon
705 3267 743 3323 sit
759 3268 907 3324 oommisse
923 3265 1077 3337 stipulatio,
1101 3265 1167 3322 lieet
1184 3281 1229 3322 res
1246 3265 1368 3322 ludiostn
1385 3265 1435 3320 sit:
1458 3264 1512 3322 uisi
1529 3263 1593 3322 ideo

129 3349 286 3425 ilmssset,
310 3355 385 3426 quod
404 3371 455 3412 neo
473 3355 632 3412 demnatum
651 3372 682 3412 se
700 3371 762 3413 esse
780 3357 891 3413 deeset
923 3355 994 3412 Item
1011 3356 1179 3427 Pomponius
1196 3355 1235 3410 sit
1253 3369 1329 3424 eum,
1354 3354 1401 3424 qul
1419 3351 1520 3410 iustum
1540 3351 1593 3410 sibi

119 3438 257 3500 lisseium
279 3446 396 3502 slieuim
413 3445 454 3500 rei
470 3445 584 3516 iurauit,
606 3461 663 3504 non
680 3447 773 3502 stetim
792 3445 873 3502 etism
893 3444 1072 3502 eondiotiouis
1091 3460 1202 3502 uenum
1221 3444 1352 3500 nnnoisoi.
1387 3443 1457 3500 Item
1476 3456 1539 3498 oum
1557 3456 1594 3498 es
1611 3448 1640 3492 ⁸⁶

160 3527 207 3587 heo
226 3540 307 3604 perte
323 3534 513 3590 iusiurandum
531 3540 560 3591 et
577 3537 713 3594 sotionem
734 3535 779 3592 et⁸
798 3534 987 3605 exeeptionem
1005 3533 1130 3606 induent,
1153 3532 1266 3591 siforte
1283 3549 1347 3590 reus
1366 3537 1445 3590 extro
1461 3530 1592 3588 ludioium

161 3623 247 3679 sutore
269 3621 404 3682 inserente
426 3623 558 3680 iurauerit
580 3640 611 3681 se
635 3625 701 3681 dere
725 3641 780 3682 nou
800 3628 927 3694 oportere
944 3628 974 3680 et
991 3627 1068 3682 notor
1084 3638 1131 3680 reo
1149 3621 1291 3680 deferente
1308 3621 1368 3678 dsri
1386 3621 1439 3678 sibi
1456 3623 1591 3690 oportere,

159 3709 200 3765 uei
216 3718 320 3784 eonion,
338 3715 473 3785 posterior
491 3730 575 3770 oense
591 3713 765 3770 iurisiurandi
782 3715 873 3785 potior
889 3711 1047 3770 habebitur:
1066 3727 1117 3770 neu
1134 3717 1229 3769 tumen
1239 3709 1435 3784 proeiudieium
1455 3704 1593 3795 Q

160 3800 271 3866 pedurio
290 3803 402 3860 dionius
420 3802 476 3874 liet,
494 3803 632 3875 quianon
650 3808 803 3874 quaeretur,
822 3819 858 3860 nn
876 3803 943 3860 dere
961 3817 1023 3858 oum
1043 3806 1159 3874 oportet,
1178 3803 1228 3859 sed
1246 3818 1283 3858 en
1300 3805 1377 3858 sotor
1394 3800 1533 3856 iurauerit
1611 3807 1641 3848 ³⁹

114 3878 146 3938 29
208 3889 422 3950 Tumonmus
443 3892 513 3949 libro
536 3897 615 3949 sexto
638 3891 862 3962 disputationum.
900 3891 980 3958 Quod
1003 3892 1027 3948 si
1049 3893 1138 3948 iuueni
1156 3896 1185 3947 te
1202 3889 1344 3948 deferente
1362 3904 1418 3947 nou
1435 3883 1592 3974 [effi
1611 3891 1654 3946 ’P

1451 3964 1593 3974 -----

161 3972 259 4036 iurasse
277 3985 306 4036 te
323 3981 407 4039 dure*
424 3982 474 4039 tibi
491 3985 626 4054 oportere,
644 3984 674 4038 et
690 3982 823 4038 aduersus
841 3981 937 4038 utilem
951 3981 1097 4054 notionem,
1114 3997 1170 4052 que
1181 3979 1233 4037 hoo
1246 3979 1393 4052 quaeritur,
1412 3993 1448 4034 sn
1459 3978 1593 4036 inueneris
1655 3987 1660 3996 ·

108 4099 112 4106 ·
162 4071 292 4150 FlPldll

163 4329 255 4403 iqnia
277 4353 304 4407 p.
328 4351 364 4392 ex
385 4336 565 4394 conuentione
588 4338 689 4392 omP·
717 4331 846 4408 'ipro-
898 4337 1001 4392 rnuerit
1018 4336 1089 4392 PU
1137 4335 1172 4392 18
1195 4336 1219 4393 sl
1236 4334 1282 4408 ob]
1302 4333 1355 4390 snb
1373 4333 1414 4389 P·
1468 4334 1503 4389 19
1520 4333 1593 4389 simi·

163 4401 298 4463 uineislem
316 4407 345 4462 P
388 4407 777 4475 edecimoom.1²,l.xxniii
798 4407 845 4474 Ul
898 4409 932 4465 lis
951 4409 978 4462 F
1024 4409 1059 4464 ii
1082 4405 1195 4464 debebit
1211 4407 1261 4475 ΡΙ
1282 4405 1408 4462 sdiuberi
1425 4406 1461 4460 F¹
1482 4407 1488 4473 Ι
1507 4404 1544 4474 in]
1565 4408 1594 4460 et

163 4471 445 4548 inonsPUlreiP·
490 4481 669 4536 pomp-e
716 4479 846 4552 emend
899 4479 1005 4536 inPU
1054 4478 1219 4536 iuniores
1243 4477 1434 4549 fertePle]
1458 4492 1494 4532 ex
1516 4475 1592 4548 Pul

164 4541 211 4599 PU
259 4551 588 4621 10ntd01utetde1²d
602 4553 608 4622 Ι
623 4567 679 4608 uon
693 4551 850 4622 personeP
900 4550 1045 4606 duodecim
1146 4552 1182 4606 24
1209 4565 1224 4606 e
1252 4553 1303 4618 (ex
1329 4549 1366 4617 U)
1394 4549 1457 4618 lege
1487 4567 1536 4604 om.
1553 4547 1594 4602 Ρ·

165 4614 194 4696 .1¹
203 4617 377 4678 detuleritP·
411 4625 444 4679 1³
452 4627 576 4693 praesint
584 4639 628 4693 op.
638 4623 681 4678 P·
711 4624 747 4680 14
755 4629 847 4680 uinum
900 4623 935 4679 25
954 4622 1133 4678 conueniatur
1150 4623 1177 4677 P
1219 4623 1255 4678 ³0
1273 4636 1335 4678 esse
1353 4639 1402 4676 om.
1415 4621 1455 4675 P·
1498 4617 1593 4675 tieb-

164 4685 219 4744 1deo
234 4693 413 4750 iuraueriten
429 4696 544 4765 quis...
557 4695 678 4764 soluerit]
697 4699 848 4768 confirmant
900 4694 1029 4750 stsuitF¹
1075 4694 1161 4749 dbrei
1174 4695 1272 4749 om.P·
1316 4691 1543 4764 38periud1'olum
1553 4691 1594 4746 P·

165 4755 322 4834 Β(Αιιωι.);
346 4766 460 4838 πιότεροι
480 4767 519 4822 ὼε
536 4765 571 4820 ull
591 4765 753 4832 buoioselcec
772 4767 787 4820 lt
807 4765 846 4820 u‘tc
899 4767 935 4821 39
953 4766 1130 4852 oporteretP
1172 4763 1468 4834 41tibi1U⁵,sibiFP,
1486 4769 1533 4816 ene.
1547 4761 1594 4816 id:

165 4835 317 4906 *psalmo
341 4837 357 4891 i
382 4837 422 4893 ὼε
445 4837 599 4892 κιτιιΒιΛώιι
624 4846 648 4892 et
673 4837 721 4894 Rs
745 4837 845 4909 (oyem
900 4835 946 4891 ul
965 4837 1055 4892 οιιὸεω
1081 4855 1109 4892 ce
1127 4834 1162 4892 ull
1182 4835 1347 4892 esulanus·
1367 4833 1594 4906 xpeoctslcoetss

167 4905 218 4946 Μ
231 4905 336 4964 ὤιιοοειι
354 4908 407 4964 εἶτε
426 4909 466 4965 ὼε
483 4909 518 4964 ni
537 4907 715 4982 ἒπερωτιιθεὶι
735 4909 788 4964 εἴτε
808 4908 847 4964 dc
900 4910 1010 4974 (Am)
1025 4910 1030 4976 Ι
1046 4907 1181 4979 oportere]
1201 4913 1327 4979 oportere
1338 4907 1384 4964 uel
1395 4909 1492 4962 eoum
1501 4906 1594 4975 poete·

168 4975 654 5124 illelminluebltl'
674 4979 854 5106 “tunt
900 4979 955 5038 ‘¹⁰¹
1074 4980 1115 5036 ¹²·
1450 4997 1453 5003 “

584 5061 629 5108 ⁴u
649 5068 695 5108 um
836 5079 847 5090 ·

1328 5137 1364 5194 24
