3766 5554
179 319 305 370 555555
850 295 938 378 613
1360 305 1436 374 XXI
1462 309 1477 373 1
1501 314 1620 372 51-54

179 460 205 516 id
223 461 252 516 15
270 475 356 516 cansa
373 459 576 532 redhibitionis,
599 463 667 516 tuno
684 461 792 531 quaeri,
816 465 907 516 utrum
926 459 1052 516 debuerit
1069 460 1205 517 redhiberi
1224 478 1259 518 an
1277 477 1333 518 non
1351 462 1489 518 debuerit:
1514 479 1565 520 nec
1584 464 1619 522 do

141 555 300 620 intempore
318 556 473 620 quaeretur,
492 566 527 604 an
546 551 618 606 lutra
635 555 760 620 tempora
778 549 929 605 redhibitus
945 565 1006 606 esse
1020 549 1156 605 uideatur.
1183 549 1254 606 Illud
1265 553 1346 622 plane
1358 552 1427 607 haee
1439 553 1511 608 actio
1524 555 1618 625 exigit,

177 643 209 693 ut
229 640 265 694 511
282 639 447 694 redhibitus:
471 644 593 694 ceterum
612 639 663 694 nisi
682 637 764 693 155511
782 637 947 708 redhibitus,
971 637 1065 693 deficit
1082 640 1136 694 ista
1155 641 1239 709 actio,
1265 641 1373 696 etiamsi
1390 642 1464 696 nudo
1483 657 1618 699 consensu

177 729 318 798 placuerit,
336 733 369 783 ut
387 727 570 784 redhibeatur.
603 729 749 784 conuentio
768 743 834 798 ergo
852 729 887 783 de
905 726 1075 783 redhibendo
1094 743 1148 784 non
1167 727 1234 784 15511
1251 730 1341 784 locum
1359 730 1423 785 huic
1441 732 1549 800 actioni,
1568 731 1618 786 sed

138 821 162 866 15
177 817 237 887 ipsa
255 817 408 873 redhibitio.
436 817 554 873 115511551
573 821 665 872 autem
684 817 768 872 debet
785 817 922 887 perhanc
941 819 1076 873 actionem
1096 818 1179 872 etiam
1198 817 1272 886 quod
1290 819 1316 872 ei
1328 835 1409 874 seruo
1421 821 1447 874 in
1460 821 1618 876 uenditione
1637 830 1651 871 5

137 912 162 957 io
177 907 302 962 necessit
333 907 403 973 Quia
421 907 538 961 adsidua
556 911 598 960 est
616 906 716 976 duplae
735 906 888 976 stipulatio,
908 906 1009 961 idcirco
1028 907 1131 978 placuit
1150 908 1231 961 etiam
1252 923 1286 962 ex
1305 913 1397 978 empto
1416 910 1460 978 agi
1479 925 1574 980 posse,
1594 911 1617 965 ai

176 995 434 1066 duplam'uenditor
452 995 581 1064 mancipii
599 1010 654 1050 non
672 1001 785 1050 canent:
804 1009 838 1049 ea
855 995 936 1064 enim,
956 1010 1027 1065 quae
1043 1000 1107 1050 5551
1119 997 1202 1050 moria
1215 1000 1243 1050 et
1255 997 1469 1068 consuetudinis,
1488 1000 1516 1054 15
1528 998 1617 1056 bonae

136 1083 366 1140 51155115515115
384 1084 487 1140 dehent
506 1085 609 1139 uenire.
643 1083 695 1150 Qui
713 1085 850 1154 mancipia
868 1083 1005 1154 nendont,
1024 1086 1162 1140 uodonem
1182 1086 1314 1156 cuiusque
1333 1088 1360 1142 in
1378 1087 1537 1143 conditione
1555 1103 1617 1159 pro·

175 1175 301 1228 nuntiare
319 1173 434 1229 debent:
458 1173 619 1244 plerumque
638 1173 710 1228 enim
729 1173 894 1228 5511555551
913 1177 961 1229 aut
978 1179 1112 1244 prouocat
1129 1179 1177 1229 aut
1195 1175 1316 1230 deterret
1332 1183 1497 1246 emptorem:
1516 1177 1617 1233 idcirco

176 1263 291 1318 interest
308 1267 402 1318 nostra
420 1264 490 1317 scire
508 1263 661 1317 nationem:
679 1267 887 1332 praesumptum
906 1263 1006 1318 etenim
1025 1269 1069 1318 est
1087 1263 1220 1334 quosdam
1239 1279 1335 1320 sauros
1352 1265 1440 1321 honos
1459 1281 1533 1336 esse,
1553 1267 1618 1337 quia
1638 1274 1665 1314 ¹⁰

175 1353 286 1407 natione
306 1357 370 1408 sunt
387 1367 442 1408 non
461 1350 601 1420 infamata,
620 1351 753 1420 quosdam
772 1351 1617 1424 5551555115ιὶ,55155555115555551,55555551515151515

176 1445 227 1496 est.
256 1441 329 1511 quod
348 1442 371 1496 51
390 1441 425 1496 de
444 1441 555 1497 natione
573 1442 612 1495 ita
629 1441 834 1510 pronuntiatum
853 1441 991 1510 nouerit,
1011 1440 1140 1496 iudicium
1160 1442 1276 1512 emptori
1294 1441 1475 1524 omnibusque
1494 1443 1529 1498 ad
1547 1459 1617 1513 quos

134 1535 159 1580 55
176 1546 209 1585 ea
231 1545 276 1585 555
298 1530 446 1601 pertinebit
464 1529 586 1599 dabitur,
611 1543 661 1599 per
678 1529 752 1599 quod
770 1533 877 1598 emptor
895 1527 1020 1584 redhibet
1038 1530 1212 1600 mancipium.
1246 1528 1275 1586 Si
1300 1517 1485 1616 [Pon-14
1441 1543 1463 1589 5
1458 1519 1584 1614 iffa,
1586 1519 1616 1591 51

176 1619 241 1689 quid
260 1619 299 1674 ita
317 1620 440 1689 uenierit,
459 1625 498 1688 ut,
518 1619 569 1673 nisi
587 1618 729 1688 placuerit,
748 1619 820 1674 intra
837 1617 1011 1688 praefinitum
1029 1621 1137 1688 tempus
1150 1618 1333 1690 redhibeatur,
1353 1637 1386 1674 55
1398 1623 1543 1676 conuentio
1555 1627 1616 1677 rata

176 1707 305 1764 habetur:
329 1709 352 1762 si
371 1713 462 1762 autem
482 1708 517 1762 de
536 1713 660 1776 tempore
678 1706 744 1762 nihil
762 1707 928 1778 conuenerit,
947 1707 975 1762 15
993 1705 1097 1762 1551555
1116 1707 1188 1762 actio
1206 1708 1277 1762 intra
1296 1710 1440 1778 sexaginta
1458 1709 1516 1764 dics
1534 1711 1615 1765 utiles
1635 1721 1664 1763 55

176 1796 399 1852 accommodatur
422 1797 539 1866 emptori
559 1796 594 1851 ad
614 1795 825 1866 redhibendum,
850 1796 922 1851 ultra
939 1811 1002 1851 non.
1036 1797 1059 1850 51
1078 1809 1144 1850 uero
1162 1797 1333 1866 conuenerit,
1359 1799 1435 1852 utin
1452 1803 1614 1869 perpetuum

133 1891 159 1936 55
176 1884 320 1942 redhibitio
338 1884 395 1954 1151,
413 1891 481 1956 puto
498 1885 570 1940 hane
588 1885 798 1940 conuentionem
817 1885 918 1941 ualere.
945 1885 1014 1940 ltem
1034 1885 1058 1939 si
1075 1889 1185 1955 tempus
1204 1887 1348 1956 sexaginta
1365 1886 1470 1942 dierum
1489 1885 1615 1956 55551151-

175 1980 233 2030 tum
252 1973 427 2029 redhibitioni
444 1975 593 2044 praeteriit,
612 1989 697 2028 55555
715 1975 827 2044 cognita
844 1972 973 2028 iudicium
993 1973 1114 2028 dabitur:
1133 1974 1161 2028 in
1179 1989 1280 2028 causae
1292 1980 1382 2029 autem
1396 1976 1551 2044 cognitione
1563 1974 1616 2030 hoo

175 2063 343 2132 uersabitur,
369 2063 393 2118 si
417 2068 465 2118 aut
489 2079 566 2118 mora
583 2061 636 2118 1511
653 2079 703 2132 per
721 2063 907 2132 uenditorem,
931 2067 980 2117 aut
998 2077 1053 2117 non
1071 2061 1124 2117 luit
1141 2077 1271 2133 praeseus
1290 2065 1335 2120 eui
1353 2063 1520 2132 redderetur,
1540 2061 1616 2146 [rep]

175 2158 222 2208 aut
239 2152 331 2222 aliqua
348 2152 421 2206 15515
439 2167 524 2207 cauae
541 2152 710 2222 intercessit,
735 2167 784 2206 cur
801 2152 874 2206 intra
891 2151 964 2206 diem
983 2149 1147 2206 redhibitum
1168 2153 1332 2222 mancipium
1351 2169 1405 2208 non
1424 2159 1479 2223 est,
1497 2153 1571 2223 quod
1590 2153 1615 2208 ei
1635 2165 1664 2206 ao

132 2247 158 2293 54
175 2243 263 2312 magis
281 2241 466 2311 displicuerat.
494 2242 525 2296 ln
545 2241 587 2296 hie
606 2246 697 2296 autem
717 2238 872 2295 actionibus
891 2239 987 2294 eadem
1007 2244 1088 2295 erunt
1100 2239 1281 2310 obseruanda,
1300 2257 1371 2312 quae
1384 2243 1418 2297 de
1431 2249 1511 2314 partu
1524 2242 1616 2298 tructi-

132 2337 158 2382 55
175 2329 226 2385 555
244 2329 449 2385 accessionibus
467 2345 593 2400 quaeque
606 2329 640 2384 de
653 2335 762 2384 mortuo
773 2328 942 2384 redhibendo
954 2329 1028 2384 dicta
1040 2334 1113 2384 5551.
1141 2329 1220 2395 Quod
1233 2331 1363 2402 emptioni
1377 2331 1490 2402 accedit,
1508 2335 1615 2402 partem

175 2433 235 2474 5555
253 2417 420 2474 conditionis
437 2417 618 2489 prudentibus
637 2419 726 2473 uisum
745 2422 797 2472 est.

124 2505 158 2564 32
226 2509 322 2564 Gaura
343 2507 412 2564 11555
430 2507 552 2563 secundo
571 2507 607 2562 ad
625 2507 745 2562 edictum
765 2507 892 2562 aedilium
912 2506 1054 2562 curulium.
1090 2507 1187 2577 Itaque
1206 2507 1278 2562 siout
1296 2509 1421 2578 superius
1440 2503 1543 2590 [Γ.
1489 2521 1526 2576 15,
1536 2521 1573 2575 ιο,
1585 2521 1616 2567 55
1646 2515 1674 2570 li

175 2598 302 2654 uenditor
326 2597 361 2652 de
384 2595 479 2652 morbo
503 2597 606 2652 uitioue
630 2597 780 2651 electoris
805 2611 876 2665 quae
899 2595 938 2650 ibi
962 2593 1159 2665 comprehensa
1183 2601 1247 2650 5551
1263 2595 1422 2665 praedicere
1440 2597 1516 2651 15551
1504 2601 1563 2668 1,55
1527 2585 1615 2653 51
1634 2611 1663 2652 as

174 2693 317 2759 praeterea
338 2687 366 2741 15
389 2685 432 2740 his
457 2687 549 2740 causis
567 2701 623 2742 non
641 2701 702 2740 esee
720 2685 886 2754 mancipium
905 2689 936 2739 ut
953 2683 1096 2754 promittat
1112 2685 1291 2754 praecipitur:
1316 2685 1356 2738 115
1374 2690 1482 2740 etcum
1501 2687 1615 2742 55551151

176 2777 219 2832 aiii
244 2777 283 2831 rei
307 2775 404 2844 homo,
428 2774 523 2830 eadem
548 2779 577 2829 et
594 2773 752 2845 praedicere
770 2778 799 2828 et
816 2773 977 2842 promittere
995 2773 1172 2844 compellitur.
1206 2773 1280 2842 quod
1298 2789 1353 2828 uon
1371 2775 1459 2830 solum
1478 2775 1529 2830 hoc
1548 2791 1614 2831 eaeu

176 2864 388 2934 intellegendum
408 2867 459 2933 est,
478 2879 532 2934 quo
550 2865 711 2918 nominatim
730 2862 847 2917 adicitur
865 2877 1038 2918 accessurum
1057 2861 1142 2918 155115
1160 2861 1297 2917 hominem
1317 2860 1448 2934 Stichum,
1466 2863 1613 2920 sedetiam

176 2955 199 3008 51
216 2953 380 3024 generaliter
397 2953 489 3008 omnia
507 2952 643 3021 mancipia
661 2966 732 3021 quae
750 2953 777 3006 15
796 2949 881 3006 irrndo
899 2951 954 3006 sint
972 2951 1104 3006 accedant
1121 2951 1281 3006 uenditioni.
1634 2963 1663 3006 aa

124 3039 160 3098 33
226 3043 380 3098 Unrraaus
400 3041 470 3096 libro
493 3041 582 3111 primo
600 3041 635 3096 ad
653 3041 773 3096 edictum
793 3039 921 3094 aedilium
940 3041 1082 3095 curulium.
1119 3039 1236 3095 Proinde
1254 3041 1420 3110 Pomponius
1440 3037 1613 3124 [515-55551
1646 3047 1673 3102 Ε

177 3133 214 3186 515
230 3133 331 3187 iustam
351 3145 462 3186 causam
482 3145 557 3200 esse,
580 3134 612 3185 55
629 3129 704 3200 quod
722 3131 750 3184 15
769 3127 927 3184 conditione
946 3143 1120 3184 accessurum
1139 3143 1201 3184 esse
1219 3129 1322 3183 dictum
1341 3132 1384 3183 est
1402 3135 1458 3184 tam
1476 3131 1613 3199 integrum

176 3225 336 3290 praestetur,
355 3235 436 3289 quam
455 3218 522 3274 illud
540 3219 674 3289 praestari
693 3216 789 3273 debuit
806 3217 880 3288 quod
898 3217 1084 3288 principaliter
1097 3218 1197 3272 ueniit:
1216 3233 1278 3272 uam
1292 3217 1350 3272 iure
1363 3219 1444 3288 ciuili,
1463 3223 1494 3273 ut
1507 3220 1614 3286 integra

176 3309 229 3365 5151
246 3325 318 3379 quae
336 3323 482 3364 accessura
499 3307 603 3362 dictum
622 3306 712 3377 inerit,
734 3323 768 3362 ex
787 3311 879 3377 empto
898 3307 971 3362 aetio
989 3313 1039 3377 est,
1058 3307 1144 3362 ueluti
1162 3307 1185 3361 si
1200 3307 1273 3361 dolia
1284 3321 1430 3362 accessura
1442 3305 1527 3364 fundo
1539 3308 1614 3364 dicta

176 3395 282 3453 1555151.
310 3397 359 3452 sed
377 3396 429 3452 hoe
447 3397 494 3465 115,
514 3397 537 3451 51
556 3400 661 3452 eertum
679 3411 780 3466 corpus
793 3411 967 3451 accessurum
980 3393 1063 3450 inerit
1074 3395 1193 3451 dictum:
1212 3411 1274 3451 nam
1287 3397 1310 3451 ai
1322 3411 1419 3451 seruus
1431 3412 1493 3452 cum
1505 3397 1613 3466 peculio

176 3487 298 3556 uenierit,
317 3501 351 3541 ea
368 3485 505 3556 mancipia
523 3499 594 3555 quae
612 3487 640 3540 in
657 3487 766 3556 peculio
784 3485 885 3542 suerint
903 3501 971 3540 sana
989 3500 1050 3540 esse
1067 3489 1209 3554 praestare
1227 3485 1355 3540 uenditor
1373 3501 1426 3540 non
1439 3485 1530 3556 dehet,
1548 3486 1614 3555 quia
1632 3497 1661 3540 55

175 3591 226 3632 555
250 3575 322 3630 dixit
344 3579 448 3630 certum
473 3589 571 3645 corpus
596 3589 784 3646 accessurum,
808 3575 858 3630 sed
875 3574 1011 3644 peculium
1030 3575 1085 3629 tale
1103 3578 1243 3644 praestare
1262 3577 1413 3644 oportere¹,
1437 3579 1466 3628 et
1483 3573 1613 3644 quemad-

176 3665 286 3720 modum
309 3667 411 3718 certam
436 3665 618 3734 quantitatem
641 3663 741 3734 peculii
765 3669 906 3734 praestare
928 3677 983 3718 non
1001 3661 1095 3732 debet,
1122 3663 1161 3718 ita
1180 3677 1230 3717 nec
1249 3660 1308 3718 hoc.
1345 3662 1460 3718 eandem
1480 3663 1613 3717 rationem

176 3751 264 3809 iacere
283 3753 449 3823 Pomponius
469 3753 516 3822 ait,
535 3758 567 3807 ut
584 3753 676 3823 etiam,
695 3753 718 3808 51
738 3751 874 3807 hereditas
893 3757 942 3807 aut
958 3752 1095 3822 peculium
1114 3751 1187 3806 serui
1205 3751 1329 3821 uenierit,
1348 3752 1424 3806 loeus
1437 3750 1527 3805 edicto
1540 3750 1613 3805 aedi-

175 3843 237 3898 lium
261 3857 317 3898 non
335 3843 372 3898 511
390 3843 462 3897 eirca
480 3857 514 3896 ea
532 3857 659 3912 corpora,
684 3857 755 3912 quae
773 3847 837 3896 sunt
855 3841 883 3896 in
902 3841 1053 3896 hereditate
1071 3841 1165 3894 autin
1183 3841 1300 3909 peculio.
1336 3839 1408 3894 idem
1427 3837 1526 3910 probat
1544 3844 1572 3894 et
1590 3839 1613 3894 si

175 3929 275 3988 1551155
298 3947 360 3986 cum
385 3932 568 3986 instrumento
592 3932 708 3986 uenierit
731 3937 759 3987 51
781 3932 809 3986 15
827 3931 1008 3985 instrumento
1027 3930 1164 4000 mancipia
1182 3930 1243 3984 sint.
1275 3932 1342 3998 puto
1360 3928 1430 3982 hanc
1449 3929 1613 3984 sententiam
1632 3941 1661 3982 so

146 4037 158 4081 1
175 4035 275 4090 ueram,
294 4021 347 4076 5151
366 4021 389 4076 51
408 4020 482 4076 aliud
501 4019 656 4090 specialiter
673 4027 764 4076 actum
784 4035 845 4076 ease
863 4025 1039 4090 proponatur.
1076 4016 1105 4074 Si
1123 4018 1236 4074 uendita
1253 4033 1297 4072 res
1315 4017 1498 4088 redhibeatur,
1516 4033 1613 4073 seruus

175 4123 282 4179 qnoque
300 4110 348 4179 qui
366 4111 392 4164 ei
410 4110 449 4164 rei
468 4110 592 4180 accessit,
611 4109 676 4164 licet
693 4110 797 4164 nullum
815 4109 843 4164 15
862 4123 895 4164 55
913 4109 1010 4163 uitium
1029 4109 1073 4178 ait,
1091 4107 1257 4162 redhibetur.

126 4201 159 4260 54
225 4199 400 4254 messus
417 4197 487 4253 libro
506 4203 585 4253 sexto
603 4199 802 4267 quaestionum.
831 4197 898 4253 (inm
918 4198 1041 4252 eiusdem
1059 4197 1167 4266 generis
1179 4197 1270 4265 piures
1282 4209 1326 4250 res
1339 4194 1420 4249 simul
1439 4189 1613 4278 [iffi-⁰3³
1632 4202 1668 4256 *s

175 4292 300 4358 5555551,
320 4287 331 4358 l
351 4287 436 4342 ueluti
455 4287 580 4342 comoedi
598 4287 642 4342 uel
660 4287 767 4358 chorus,
787 4285 887 4342 referre
906 4287 952 4356 ait,
971 4287 999 4341 15
1016 4287 1161 4342 uniuersos
1180 4301 1215 4340 an
1232 4285 1261 4340 15
1280 4285 1401 4354 singulos
1418 4285 1536 4354 pretium
1549 4301 1612 4340 con-
1630 4293 1647 4341 1.
1657 4293 1703 4340 eoa

174 4375 315 4446 stituatnr,
340 4381 371 4430 ut
394 4376 499 4431 scilicet
520 4375 657 4432 interdum
680 4391 748 4446 una,
771 4375 908 4431 interdum
930 4376 1022 4448 plures
1041 4374 1214 4432 conditiones
1232 4377 1389 4430 contractae
1406 4373 1612 4444 intellegantur:
1631 4384 1660 4427 45

173 4481 292 4552 F[P(V,
311 4491 357 4554 pur·
373 4485 442 4538 redit
459 4503 476 4537 5
493 4483 566 4538 513
584 4481 757 4552 mancipium,
781 4481 827 4553 U)]

174 4643 414 4714 ι1515555551555
432 4647 560 4714 oportere
578 4645 625 4697 del.
644 4645 772 4710 (5155511155
789 4642 862 4710 Hui.)

172 4755 299 4762 u—-r--a
492 4753 599 4761 ...aa—..-

174 4802 302 4872 lqunerr]
314 4802 502 4872 quacnturP
535 4803 684 4871 tquentur
694 4803 744 4856 PU
774 4804 867 4858 5555-
920 4801 1129 4858 1555511555Ρ·
1168 4798 1359 4856 3551515511..
1368 4800 1492 4870 peculio
1502 4819 1550 4854 om
1560 4801 1610 4867 F‘t

174 4873 304 4930 ditionem
320 4873 372 4927 PU
414 4873 658 4928 lconsuetudinee
671 4875 711 4928 Ρ·
756 4875 867 4928 saucio
921 4889 1002 4929 55555
1016 4873 1055 4926 Ρ·
1100 4874 1134 4928 36
1154 4873 1221 4928 sed
1235 4873 1271 4926 F*
1319 4873 1352 4927 31
1372 4871 1612 4940 certaquantitate

174 4944 235 5009 PU,
254 4947 326 5000 ratio
346 4945 372 4996 F
420 4947 454 4999 16
473 4947 642 5000 5555555511
660 4947 686 4998 Ρ
735 4946 769 4998 19
791 4961 868 5000 mora
920 4947 967 5008 Ρ·,
991 4951 1082 5000 cetera
1106 4945 1286 5014 quantitatem
1304 4943 1358 4998 V¹¹t
1411 4945 1445 4998 38
1468 4941 1613 4998 uenirerit

174 4987 254 5071 inerit
272 5017 299 5070 P
339 5017 375 5070 25
393 5015 502 5070 iubetur
520 5035 568 5069 om.
582 5017 621 5070 Ρ·
627 5016 865 5086 1121551555]
920 5015 1117 5082 1115511515
1133 5016 1169 5070 Ρ·
1214 5018 1248 5072 39
1264 5015 1442 5070 hereditatem
1456 5015 1483 5067 P
1530 5006 1576 5068 to
1584 5016 1613 5068 51

176 5099 208 5140 sa
226 5088 265 5141 Ρ·
271 5087 306 5141 V⁰
351 5087 386 5142 28
404 5087 493 5144 sticho
512 5087 552 5142 Ρ·
599 5089 680 5144 3115
698 5087 865 5158 uenditionc]
919 5087 984 5157 15]·
977 5105 1005 5144 m
1023 5087 1094 5155 PV·,
1113 5087 1187 5144 etU
1232 5088 1268 5143 44
1281 5086 1414 5155 comoedi]
1428 5084 1612 5142 commodiF¹
