3812 5598
948 268 1035 351 806
1370 293 1417 368 ιι
1438 291 1709 344 ιιιιιιιιιιιιιι

497 633 535 712 ιι
574 633 638 708 DE
666 494 1050 709 MAGISTRATgllld
1081 631 1427 710 OONUENlENDIS
1466 633 1503 711 a
1729 645 1772 700 su

239 800 254 854 1
329 792 480 848 Uarianos
498 790 567 845 libro
585 789 726 858 trigesimo
745 792 824 843 sexto
843 788 878 842 ad
897 788 1025 843 edictum.
1056 789 1088 842 ln
1101 788 1223 844 ordinem
1240 788 1404 844 subsidiaria
1417 790 1490 844 actio
1502 805 1557 844 non
1576 783 1711 872 [Q
1729 791 1747 846 S

276 882 394 949 dabitur,
414 881 509 935 sedin
529 879 713 948 magistratus,
733 893 784 931 uec
801 878 829 931 in
847 874 1023 931 fideiussores
1042 893 1150 931 corum:
1169 876 1196 931 hi
1215 878 1287 932 enim
1306 892 1364 932 rem
1382 877 1519 948 publicam
1534 878 1638 933 saluam
1657 877 1713 932 fore

275 971 446 1041 promittuut,
465 983 520 1024 nou
537 967 641 1037 pupilli.
672 967 787 1037 proinde
804 982 856 1021 neo
874 966 1059 1021 nominaturus
1077 966 1287 1034 magistratuum
1311 982 1346 1021 ex
1369 967 1420 1022 bac
1439 983 1524 1022 causa
1540 967 1742 1036 tenebrarunt

276 1060 325 1114 sed
349 1059 400 1114 soli
418 1059 605 1126 magistratus.
634 1056 683 1110 sed
707 1057 731 1110 si
754 1055 822 1110 ordo
841 1055 976 1124 receperit
993 1055 1021 1109 in
1045 1069 1075 1110 se
1098 1055 1262 1124 periculum,
1288 1055 1341 1110 dici
1364 1055 1448 1111 debet
1470 1055 1559 1111 teneri
1583 1071 1644 1124 ιιι,
1669 1056 1714 1125 qui

276 1154 435 1218 praesentes
455 1145 578 1200 luerunt:
597 1145 674 1214 parui
693 1145 765 1198 enirn
784 1141 875 1213 refert,
894 1143 1098 1198 nominauerint
1114 1144 1159 1198 uel
1177 1142 1361 1199 fideiusserint
1378 1161 1411 1199 an
1424 1146 1452 1200 ιι
1468 1161 1499 1200 ιι
1510 1146 1661 1215 periculum
1675 1159 1713 1200 re·

277 1237 412 1305 ceperint:
436 1235 510 1289 utilis
535 1249 601 1302 ergo
625 1233 652 1287 in
676 1247 724 1286 eos
748 1233 819 1287 actio
844 1233 982 1301 competit.
1016 1231 1066 1286 sed
1089 1232 1112 1286 ιι
1137 1247 1154 1286 ι
1176 1231 1383 1301 magistratibus
1407 1233 1617 1304 municipalibus
1641 1239 1715 1287 tutor

243 1337 255 1382 1
277 1325 358 1378 datus
377 1325 425 1392 sit,
450 1338 504 1377 non
522 1322 633 1376 uidetur
649 1336 698 1390 per
722 1321 843 1375 ordinem
869 1322 981 1376 electus.
1018 1320 1114 1389 Neque
1132 1325 1243 1389 praetor
1260 1335 1350 1389 neque
1368 1323 1430 1391 quis
1448 1323 1531 1392 alius,
1556 1323 1600 1377 cui
1618 1322 1715 1378 tutoris

243 1426 257 1470 a
277 1413 359 1466 dandi
378 1413 421 1467 ius
440 1416 489 1480 est,
509 1411 560 1465 hac
579 1410 687 1463 actione
706 1408 852 1463 tenebitur.
883 1407 912 1463 Si
930 1423 1043 1478 praeses
1061 1408 1218 1478 prouinciae
1237 1409 1398 1464 denuntiare
1411 1412 1591 1480 magistratus
1608 1415 1714 1466 tantum
1732 1417 1758 1458 ¹⁰

276 1500 311 1555 de
330 1499 506 1554 facultatibus
524 1504 644 1554 tutorum
662 1497 760 1566 uoluit,
779 1497 887 1567 etipse
906 1496 992 1566 daret,
1012 1497 1163 1564 uideamus,
1181 1512 1216 1550 an
1230 1501 1259 1550 et
1270 1503 1406 1566 quatenus
1418 1503 1572 1554 teneamur.
1600 1505 1629 1554 et
1641 1505 1716 1554 extat

277 1589 334 1644 diui
352 1589 435 1643 Marci
453 1589 630 1656 rescriptum,
654 1601 709 1654 quo
727 1585 815 1640 noluit
832 1601 894 1656 eos,
919 1587 965 1655 qul
988 1585 1107 1654 praesidi
1124 1585 1294 1654 renuntiant,
1319 1602 1374 1642 nou
1392 1588 1505 1656 perinde
1523 1590 1611 1643 teneri
1633 1593 1716 1657 atque

276 1679 299 1732 si
317 1678 370 1745 ipsi
388 1676 543 1744 dedissent,
567 1674 617 1732 sed
636 1675 659 1730 si
678 1675 859 1744 deceperunt,
883 1675 972 1744 gratia
990 1672 1060 1729 torte
1079 1678 1127 1728 aut
1144 1674 1262 1743 pecunia
1280 1672 1351 1729 falsa
1368 1673 1567 1731 renuntiantes.
1594 1678 1677 1746 plane
1695 1677 1716 1730 si

275 1780 388 1834 praeses
406 1765 563 1834 prouinciae
582 1764 650 1818 satis
668 1778 716 1818 eos
738 1764 849 1832 exigere
874 1763 966 1832 iussit,
990 1779 1044 1818 non
1067 1761 1254 1817 dubitabimus
1275 1764 1363 1818 terreri
1387 1779 1447 1834 eos,
1473 1766 1582 1820 etiamsi
1604 1779 1717 1836 praeses

243 1866 256 1910 ι
277 1853 391 1908 dederit.
428 1852 457 1908 Si
475 1867 587 1922 praeses
606 1853 763 1922 prouinciae
782 1850 937 1907 nominibus
962 1850 998 1905 ab
1015 1851 1069 1907 alio
1088 1851 1208 1920 acceptis
1227 1851 1262 1906 ad
1281 1853 1460 1922 mag‘stratus
1479 1854 1659 1924 municipales
1679 1869 1717 1908 re
1735 1860 1759 1900 ιι

276 1942 394 2012 miserit,
417 1948 450 1997 nt
467 1957 497 1996 se
516 1942 551 1996 de
570 1939 725 1996 nominibus
743 1941 894 2009 instruant,
918 1944 947 1994 et
964 1938 1078 2009 perinde
1101 1939 1250 1994 instructus
1268 1940 1376 1996 dederit
1394 1947 1514 1997 tutores:
1538 1959 1573 1997 an
1592 1943 1718 2011 exemplo

276 2046 369 2086 eornm
389 2033 435 2100 qui
453 2035 608 2100 praetorem
626 2029 766 2084 instruunt
784 2028 904 2084 debeant
923 2029 1100 2097 magistratus
1116 2029 1211 2099 teneri,
1230 2031 1383 2098 quaeritur:
1402 2032 1497 2100 ntique
1509 2031 1582 2086 euim
1595 2031 1718 2100 interest,

275 2125 366 2174 utrum
385 2119 438 2190 ipsi
456 2119 635 2188 magistratus
653 2118 764 2172 nomina
782 2117 870 2172 electa
888 2116 1014 2172 dederint
1030 2117 1151 2187 praesidi
1169 2133 1204 2172 an
1222 2132 1269 2188 ea,
1293 2133 1365 2187 quae
1383 2118 1419 2174 ab
1437 2119 1491 2174 alio
1509 2135 1622 2189 praeses
1641 2135 1718 2174 acce

275 2209 328 2278 pit,
353 2209 532 2276 inquisien'nt.
560 2211 589 2262 et
607 2211 673 2276 puto
692 2212 809 2276 utroque
828 2221 895 2260 casu
913 2206 953 2261 sic
970 2205 1071 2276 teneri,
1096 2205 1175 2275 quasi
1198 2204 1262 2259 dolo
1285 2207 1330 2261 uel
1347 2207 1405 2262 lata
1422 2208 1505 2278 culpa
1522 2209 1625 2263 uersati
1646 2213 1719 2264 sunt.

211 2307 257 2354 ιι
275 2296 336 2351 Νιι
355 2301 462 2351 tanturn
480 2297 590 2366 pupilli,
609 2295 658 2350 sed
678 2295 760 2349 etiam
780 2309 953 2350 successores
972 2306 1065 2349 comm
1083 2293 1249 2349 subsidiaria
1266 2309 1349 2364 agere
1366 2302 1492 2366 possunt.
1530 2296 1560 2352 Si
1578 2302 1720 2354 curatores
1738 2303 1763 2344 to

275 2384 387 2440 fuerunt
405 2385 495 2440 minus
514 2384 606 2440 idonei
624 2383 691 2454 dati,
709 2383 855 2439 dicendum
874 2388 917 2440 est
934 2383 1021 2438 teneri
1039 2383 1217 2452 magistratus
1236 2388 1370 2454 oportere,
1390 2386 1413 2438 si
1429 2400 1465 2439 ex
1476 2391 1612 2455 suggestu
1624 2401 1721 2442 eorum

275 2475 321 2529 uel
338 2473 494 2529 nominibus
512 2473 548 2529 ab
566 2473 606 2529 eis
625 2473 746 2543 acceptis
763 2487 877 2542 praeses
895 2471 1010 2527 dederit.
1038 2471 1088 2526 sed
1106 2476 1135 2526 et
1152 2472 1176 2526 si
1194 2471 1229 2526 ad
1248 2486 1296 2526 eos
1313 2473 1457 2543 remiserit,
1476 2475 1578 2544 stipsi
1596 2474 1667 2531 dent
1678 2475 1721 2530 nol

243 2576 257 2621 ι
276 2567 340 2632 post
357 2563 497 2618 dationem
516 2567 547 2618 ut
564 2563 707 2632 exigerent
723 2561 939 2630 satisdationem,
961 2561 1113 2631 periculum
1131 2560 1167 2614 ad
1185 2575 1234 2616 eos
1251 2561 1408 2630 pertinebit.
1444 2563 1655 2632 magistratibus
1672 2565 1721 2620 ιιι-

277 2655 390 2722 putatur
408 2652 504 2722 etiam,
530 2653 554 2706 si
578 2652 688 2707 omnino
711 2655 787 2707 tutor
810 2651 855 2705 uel
878 2649 1001 2718 culrator
1022 2648 1104 2704 datus
1128 2649 1250 2703 nonsit:
1275 2649 1324 2704 sed
1343 2651 1383 2705 ita
1400 2651 1511 2706 demum
1530 2657 1676 2722 tenentur,
1698 2648 1806 2708 ιιιιιι

278 2741 374 2796 moniti
391 2756 446 2796 nou
464 2739 598 2795 dederint.
626 2740 688 2796 idco
707 2739 846 2809 damnum,
865 2738 937 2808 quod
956 2737 1112 2808 impuberes
1130 2738 1175 2793 uel
1193 2737 1385 2794 adulescentes
1399 2740 1490 2796 medio
1502 2745 1627 2812 tempere
1646 2742 1723 2812 passi
1740 2749 1766 2790 ⁸⁵

278 2834 356 2898 suut,
380 2829 415 2884 sd
434 2845 482 2884 ees
501 2830 680 2900 magistratus
697 2829 834 2898 pertinere
857 2842 912 2883 nou
936 2826 1097 2896 ambigitur,
1120 2827 1167 2896 qui
1186 2830 1315 2882 munere¹
1335 2827 1465 2884 mandato
1487 2845 1544 2884 uon
1561 2837 1722 2899 paruerunt.

245 2926 260 2972 ‘t
279 2917 425 2973 Sciendum
444 2923 536 2974 autem
555 2922 611 2987 est,
637 2918 661 2973 si
680 2917 859 2987 magistratus
877 2916 1057 2986 municipales
1074 2915 1141 2970 data
1157 2931 1242 2985 opera
1259 2916 1373 2970 tutelam
1392 2917 1549 2973 distulerint
1566 2920 1593 2974 in
1612 2935 1723 2976 succes·

279 3021 355 3062 sores
374 3022 440 3062 suos
457 3009 502 3062 uel
520 3007 545 3062 si
562 3007 769 3062 satisdationem
788 3005 855 3060 data
872 3021 957 3076 opera
974 3004 1109 3060 traxerint
1126 3003 1217 3073 quoad
1235 3015 1409 3060 successores
1428 3007 1577 3076 accipiant,
1596 3008 1666 3063 nihil
1684 3008 1724 3063 eis

247 3105 261 3151 e
279 3096 419 3165 prodesse.
456 3095 545 3150 Diuus
563 3095 719 3150 Hadrianus
737 3095 879 3164 rescripsit
897 3095 979 3150 etiam
997 3093 1025 3148 in
1043 3108 1119 3162 eum,
1139 3093 1186 3162 qui
1204 3093 1308 3148 electus
1327 3099 1370 3149 est
1388 3094 1424 3150 ad
1443 3095 1631 3151 aestimandas
1651 3099 1724 3152 tuto·

246 3193 339 3240 trum
363 3183 571 3254 satisdationes,
596 3185 732 3239 actionem
756 3183 886 3238 dandam.
927 3182 957 3238 Si
979 3183 1051 3237 inter
1073 3181 1251 3250 magistratus
1274 3181 1326 3237 hoc
1350 3184 1524 3253 conuenerit,
1551 3189 1583 3239 ut
1608 3185 1725 3241 alterius
1742 3193 1769 3234 so

279 3277 386 3329 tantum
404 3273 526 3343 periculo
548 3277 654 3329 tutores
678 3272 822 3342 darentur,
847 3271 1044 3327 conceptiones
1062 3271 1164 3340 pupillo
1183 3285 1237 3324 nou
1254 3270 1445 3340 praeiudicare
1463 3273 1546 3328 diuus
1564 3273 1724 3330 Hadrianus

279 3363 432 3432 rescripsit:
456 3363 638 3418 conuentione
661 3363 734 3416 enim
757 3361 963 3416 duumuirorum
987 3360 1031 3414 ins
1053 3357 1193 3429 publicum
1213 3359 1314 3414 mutari
1334 3374 1389 3415 nou
1406 3363 1508 3429 potest.
1535 3363 1611 3432 prius
1627 3369 1725 3420 tamen

279 3451 398 3506 arbitror
415 3451 632 3506 conueniendum
651 3465 728 3520 euru,
753 3450 800 3520 qni
818 3448 871 3505 hoo
889 3448 1016 3518 suscepit,
1035 3447 1135 3502 delude
1153 3447 1277 3502 excussis
1300 3446 1478 3505 facultatibus
1496 3452 1573 3507 cius¹
1590 3455 1661 3507 tane
1679 3467 1724 3507 ue·

280 3541 410 3598 siendum
429 3540 465 3596 ad
483 3540 624 3610 collegam,
643 3537 883 3609 quemadmodum,
903 3537 926 3592 si
945 3537 1019 3592 solus
1038 3534 1168 3606 dedisset,
1187 3533 1341 3592 diceremus
1358 3537 1436 3608 prius
1454 3553 1531 3608 eum,
1550 3540 1652 3596 deinde
1671 3542 1726 3596 col·

232 3637 262 3685 ιι
280 3630 371 3700 legam
390 3629 615 3698 adgrediendum.
646 3626 675 3682 st
694 3626 803 3696 quando
822 3627 914 3682 desint
931 3625 959 3682 in
977 3624 1099 3695 ciuitate,
1117 3639 1152 3680 ex
1170 3641 1225 3694 qua
1242 3625 1337 3696 pupilli
1355 3628 1464 3683 oriundi
1479 3635 1552 3700 srrnt,
1571 3630 1618 3699 qui
1631 3630 1726 3685 idonei
1743 3637 1769 3678 ιι

281 3719 436 3786 uideantur,
454 3715 573 3773 officium
587 3721 631 3771 est
642 3717 852 3784 magistratuum
866 3716 1007 3783 exquirere
1020 3729 1055 3768 ex
1067 3714 1165 3769 uicinis
1178 3713 1336 3770 ciuitatibus
1350 3715 1572 3773 honestissimum
1586 3733 1726 3788 quemque

233 3815 261 3861 ιι
282 3813 310 3862 et
333 3807 444 3862 nomina
467 3804 639 3876 praesidibus
661 3805 819 3874 prouinciae
842 3804 965 3872 mittere,
987 3819 1042 3858 uon
1064 3803 1140 3872 ipsos
1165 3801 1306 3858 arbitrium
1331 3803 1414 3860 dandi
1438 3805 1491 3860 sibi
1508 3806 1659 3862 uindicare.
1697 3805 1726 3862 Si

282 3896 460 3964 magistratus
478 3893 513 3950 ab
532 3895 610 3949 initio
627 3898 748 3950 tutorem
765 3892 894 3948 idoneum
913 3891 991 3947 dedit
1007 3895 1036 3945 et
1054 3892 1121 3946 satis
1139 3906 1193 3946 nou
1210 3892 1311 3962 exegit,
1331 3907 1385 3948 non
1398 3891 1514 3949 sufficit:
1533 3894 1606 3964 qued
1619 3896 1645 3950 si
1657 3895 1726 3951 satis

282 3985 375 4054 exegit
393 3987 423 4038 ct
439 3984 568 4038 idoneum
586 3982 705 4052 exegit⁸,
729 3981 855 4068 quamuis
872 3983 971 4051 postea
989 3978 1165 4035 facultatibus
1187 3979 1258 4049 lapsi
1280 3981 1335 4036 sint
1352 3987 1458 4038 tutores
1475 3983 1521 4038 uel
1538 3981 1726 4054 fideiussores,

281 4072 348 4127 nihil
366 4077 418 4140 est,
437 4071 510 4141 qnod
529 4071 553 4125 ei
572 4071 620 4139 qni
637 4071 714 4126 dedit
730 4071 894 4140 imputetur:
919 4085 974 4126 ιιι
992 4069 1064 4124 enim
1084 4067 1185 4124 debent
1202 4069 1380 4138 magistratus
1398 4069 1506 4126 futuros
1524 4087 1607 4128 casus
1625 4077 1655 4128 et
1673 4071 1726 4128 lor·
1743 4081 1770 4122 tt

235 4169 264 4214 ιι
283 4167 378 4216 ιιιιιι
395 4160 499 4230 pupillo
516 4163 666 4228 praestare.
703 4158 758 4216 Sed
776 4163 805 4215 et
823 4159 846 4214 si
865 4159 933 4214 satis
950 4173 1005 4214 ιιι
1023 4157 1124 4227 exegit,
1143 4156 1258 4212 idoneus
1276 4161 1369 4214 tamen
1387 4163 1463 4216 tutor
1475 4175 1509 4216 eo
1521 4165 1647 4232 tempore
1665 4160 1725 4230 fuit,

282 4267 326 4335 F(
331 4265 501 4334 WDQEIO)

283 4411 293 4446 ¹
312 4409 434 4464 iniuncto
452 4416 500 4463 ιιι.
571 4405 701 4461 ¹deiude
719 4407 843 4462 excussis
860 4405 1037 4462 facultatibus
1055 4407 1115 4464 cius
1134 4409 1182 4462 det.
1254 4409 1266 4444 ⁸
1284 4407 1368 4479 elegit
1385 4409 1455 4474 (dett.
1467 4409 1605 4480 quidaml‘?

283 4551 301 4606 2
324 4555 352 4604 ιι
369 4547 516 4604 heredibus
534 4563 627 4602 eorum
653 4550 756 4613 (eorum
774 4545 921 4603 heredibus
939 4549 976 4612 E)
1034 4547 1098 4602 Wla'
1114 4549 1168 4613 (cti
1185 4549 1273 4603 deletis
1289 4549 1374 4604 nerlu
1390 4549 1524 4604 traxerint
1542 4566 1623 4620 quam
1643 4553 1726 4606 edac-

281 4629 340 4692 poet
350 4619 545 4676 conuenieudis
554 4619 614 4672 edd.
625 4620 676 4672 ind.
687 4619 713 4670 F
722 4618 846 4683 WDQu,
858 4638 907 4671 cm.
918 4618 980 4673 HG
1030 4626 1101 4674 ictor
1114 4628 1140 4672 in
1152 4629 1268 4690 margine
1280 4619 1368 4690 pileis]
1382 4635 1437 4675 ιιι
1449 4625 1503 4688 est)
1518 4621 1540 4686 1,
1557 4621 1624 4676 data
1641 4638 1728 4692 opera

284 4712 339 4746 eom
358 4692 385 4746 B
435 4691 530 4760 6soli]
549 4687 678 4754 DQEIG,
697 4688 753 4743 doli
770 4689 835 4743 FW
879 4691 977 4745 11cx-
1031 4690 1209 4746 detraxerunt
1226 4691 1300 4759 quod
1317 4693 1431 4747 tutelam
1446 4692 1483 4756 D,
1502 4694 1633 4749 trexano
1651 4694 1728 4764 quod

284 4766 359 4817 *stat
377 4763 412 4815 ι’
458 4763 493 4816 14
510 4759 697 4816 dubitauimns
716 4761 751 4812 ΡΙ
796 4760 832 4815 25
850 4759 978 4816 moniti'o'
1031 4761 1358 4832 dataoperatutelamC
1393 4764 1426 4818 31
1446 4763 1546 4818 dinus
1559 4763 1595 4818 Γ*
1629 4765 1727 4821 35ιιι·

285 4849 340 4888 ιιι
361 4833 394 4886 F‘
442 4835 477 4888 27
496 4832 563 4887 data
580 4845 664 4900 opera
679 4830 804 4899 tutelam]
826 4828 896 4897 Qut,
913 4832 979 4886 data
1032 4832 1114 4888 sin'i't
1131 4833 1168 4886 Ρ
1222 4835 1257 4888 38
1281 4833 1354 4903 quod
1378 4833 1401 4889 si
1420 4833 1486 4888 satis
1505 4835 1599 4904 exegit
1620 4843 1650 4890 et
1669 4837 1727 4892 ide

285 4920 370 4974 opera
389 4904 529 4958 ‘traxerint
550 4901 624 4973 quod
649 4901 684 4956 ad
709 4916 882 4957 successores
906 4902 978 4959 suos'
1032 4919 1114 4959 usum
1133 4904 1235 4974 exegit]
1253 4905 1275 4960 ει
1294 4904 1325 4958 ιι
1342 4905 1434 4960 ianuas
1452 4903 1583 4977 ειιιρογι
1600 4905 1728 4971 ennete

285 4976 401 5030 tutelam
419 4974 464 5040 F‘,
487 4975 553 5030 data
574 4989 659 5044 opera
675 4973 809 5027 traxerint
826 4978 978 5034 (conmarc-
1034 4978 1114 5030 attero
1132 4983 1255 5030 commate
1273 4984 1367 5031 omissa
1385 4977 1412 5030 B
1429 4978 1540 5046 (Anca.)

285 5047 340 5109 rint
357 5047 380 5112 I,
398 5047 444 5102 aed
461 5062 513 5108 con
528 5047 587 5114 det.)
606 5043 681 5118 quod
698 5047 791 5114 (quam
810 5045 846 5112 Ε)
865 5047 979 5102 tutelam
