3734 5578
211 239 330 306 inivit
352 242 371 306 3
392 247 407 300 1
889 227 975 308 796

211 399 337 464 existere,
357 396 455 466 quibus
474 397 532 450 sine
550 393 759 463 reprehensione
778 396 851 445 tutor
869 397 965 446 auctor
984 392 994 462 ll
1013 389 1044 446 fit
1061 392 1164 461 pupillo
1183 391 1219 446 ad
1231 391 1451 462 deminuendnm,
1470 391 1582 447 decreto
1593 391 1645 448 sci-
1662 397 1736 445 teto

211 487 274 541 licet
292 487 505 541 interueniente:
530 483 616 538 ueluti
634 482 657 536 si
677 482 755 535 matri
774 487 822 534 aut
840 481 939 548 sorori,
964 496 1034 549 qnae
1053 482 1132 535 aliter
1150 497 1179 536 se
1198 483 1267 536 tueri
1285 497 1340 536 non
1358 486 1486 551 possunt,
1505 485 1580 535 nitar
1597 481 1645 536 ali-

212 580 304 630 menta
321 575 500 644 praestiterit:
520 589 582 626 nam
602 587 663 625 cum
682 570 770 624 bonae
788 569 852 622 fidei
871 569 1000 624 indicium
1019 571 1062 638 sit,
1082 585 1162 624 nemo
1180 568 1257 639 feret,
1276 571 1371 640 inquit,
1390 576 1439 625 aut
1452 571 1584 640 pupillum
1597 574 1647 624 aut

212 665 390 719 substitutum
409 664 467 718 eius
486 667 640 731 querentes,
659 659 731 727 quod
750 663 806 712 tam
826 660 987 714 coniunctae
1005 674 1138 728 personae
1157 659 1237 713 alitae
1256 659 1322 713 sint:
1342 661 1407 729 quin
1425 660 1509 714 immo
1520 673 1570 729 per
1582 675 1647 714 oon·

179 761 192 804 3
212 755 323 808 tranium
342 758 421 822 putat
440 767 520 820 posse
540 766 601 803 oum
621 753 710 801 tutore
730 747 774 814 agi
793 748 902 816 tutelae,
923 749 945 801 si
964 748 1017 801 tale
1037 745 1154 801 officium
1174 749 1395 818 praetermiserit.
1432 746 1528 803 Officio
1546 748 1680 804 tutoriss

212 842 344 898 incumbit
362 843 443 894 etiam
463 839 582 893 rationes
601 844 678 890 actus
697 837 739 890 sni
758 834 892 890 conficere
911 841 938 889 et
956 837 1058 905 pupillo
1077 837 1206 891 reddere:
1224 843 1345 892 ceterum
1365 838 1388 890 si
1406 853 1460 894 non
1478 836 1544 891 feeit
1562 841 1612 891 aut
1624 837 1648 892 si

211 930 299 986 iactas
318 947 372 985 non
391 929 507 996 exhibet,
527 927 578 980 hoc
597 926 705 979 nomine
722 925 822 978 indicio
841 925 943 978 tutelae
961 925 1106 979 tenebitur.
1133 925 1167 980 de
1186 927 1272 980 seruis
1290 942 1399 995 quoque
1411 927 1647 996 interrogationes,

213 1021 262 1074 sed
286 1027 314 1074 et
337 1019 512 1088 quaestiones
535 1013 676 1069 habendas
699 1018 728 1067 et
744 1012 797 1067 hoe
815 1012 905 1068 officio
924 1014 1021 1068 indicis
1039 1015 1185 1070 conuenire
1203 1015 1314 1084 placuit.
1346 1032 1409 1070 nam
1428 1014 1508 1070 diuus
1527 1013 1648 1069 Seuerus

212 1111 346 1178 decreuit,
372 1124 434 1162 cum
453 1121 541 1174 neque
559 1103 711 1159 inuentaria
730 1117 818 1170 neque
836 1103 1001 1157 auctionalia
1018 1101 1201 1172 proferentur,
1227 1104 1347 1158 remedio
1366 1119 1400 1158 eo
1417 1104 1458 1159 uti
1475 1102 1591 1172 debere,
1615 1108 1648 1158 ut

212 1202 331 1254 rationes
351 1215 367 1252 a
386 1198 472 1250 seruis
491 1194 536 1264 qni
555 1209 611 1248 rem
631 1197 774 1260 gesserant
789 1190 974 1260 proferantur:
994 1191 1042 1246 has
1061 1193 1180 1247 rationes
1199 1193 1221 1246 si
1241 1208 1302 1247 esse
1321 1193 1393 1248 mala
1410 1191 1464 1247 tide
1477 1193 1648 1262 conscriptas
1669 1203 1698 1242 ιο

179 1297 193 1340 4
213 1305 229 1342 a
248 1289 334 1341 seruis
354 1287 447 1339 dicunt
465 1289 577 1350 tutores,
597 1282 678 1334 etiam
698 1280 725 1333 in
745 1281 930 1348 quaestionem
950 1281 1023 1334 serui
1040 1281 1200 1348 interrogari
1218 1288 1355 1350 poterunt.
1385 1282 1531 1336 Praeterea
1550 1281 1573 1335 si
1592 1297 1648 1334 ma·

212 1382 281 1430 trem
300 1375 368 1429 aluit
384 1373 478 1443 pnpilli
497 1376 579 1438 tutor,
598 1373 678 1438 putat
696 1367 788 1422 Labeo
809 1370 942 1438 imputare
961 1385 1023 1424 eum
1041 1385 1137 1438 posse:
1157 1370 1205 1424 sed
1225 1376 1268 1424 est
1281 1371 1373 1424 uerius
1385 1385 1440 1424 non
1451 1371 1503 1424 nisi
1516 1385 1648 1439 perquam

213 1465 304 1533 egenti
329 1464 417 1532 dedit,
441 1463 576 1530 imputare
595 1473 657 1512 cum
677 1461 817 1526 οροιοοιοι
838 1459 872 1512 de
890 1459 974 1527 largis
993 1457 1167 1512 facultatibus
1185 1461 1293 1528 pupilli:
1318 1465 1463 1529 utrumque
1482 1459 1568 1528 igitur
1585 1474 1648 1514 con·

184 1561 197 1606 5
213 1568 320 1608 currere
338 1557 453 1620 oportet,
473 1554 503 1603 ut
522 1553 550 1602 et
568 1552 654 1601 mater
668 1563 756 1616 egena
769 1547 805 1600 sit
818 1552 846 1601 et
857 1546 928 1601 filins
940 1547 969 1601 iu
980 1546 1156 1602 facultatibus
1169 1549 1283 1617 positus.
1310 1547 1366 1602 Sed
1380 1548 1403 1602 si
1416 1565 1514 1604 munus
1527 1549 1649 1618 nuptiale

213 1644 293 1697 matri
310 1642 404 1711 pnpilli
423 1640 534 1706 miserit,
554 1652 607 1691 non
626 1651 688 1690 enm
706 1637 808 1706 pupillo
826 1637 1021 1705 imputaturum
1035 1635 1128 1692 Labeo
1147 1637 1268 1706 scripsit:
1286 1653 1338 1692 neo
1350 1652 1481 1706 perquam
1494 1637 1650 1692 necessaria
1669 1647 1698 1687 ra

183 1738 256 1786 cest
278 1732 332 1785 ista
355 1729 516 1784 muneratio.
553 1725 582 1780 Si
604 1725 713 1794 pupillis
731 1730 835 1779 tutores
854 1730 933 1794 pater
950 1724 1039 1794 dedit,
1060 1726 1131 1780 inter
1149 1741 1218 1794 quos
1236 1731 1265 1780 et
1282 1725 1408 1781 libertum
1427 1741 1522 1795 sunm,
1546 1741 1649 1796 perque

214 1835 276 1875 eum
295 1820 411 1874 uoluerit
428 1817 541 1871 tutelam
562 1814 753 1882 administrari,
772 1820 800 1867 et
818 1819 922 1869 tutores
942 1819 1042 1868 certam
1062 1829 1196 1869 summam
1215 1816 1241 1870 ei
1259 1819 1422 1884 statuerunt,
1440 1815 1505 1884 quia
1522 1815 1602 1870 aliter
1619 1829 1650 1868 se

181 1917 194 1962 7
214 1908 343 1963 exhibere
360 1922 415 1961 non
433 1909 548 1975 poterat,
567 1902 721 1956 habendam
740 1903 798 1956 eins
817 1903 948 1956 rationem
968 1902 1041 1970 quod
1060 1907 1192 1958 statutum
1212 1909 1254 1959 cst
1271 1904 1343 1958 Mela
1359 1904 1507 1958 existimat.
1536 1904 1610 1973 Ergo
1622 1909 1651 1958 et

213 1999 236 2052 si
259 2013 292 2051 ex
315 1996 490 2065 inquisitione
514 1996 626 2063 propter
649 1992 687 2045 rei
711 1991 835 2045 notitiam
854 1989 936 2045 tuerit
954 1990 1035 2045 datus
1053 1997 1128 2047 tutor
1145 1993 1224 2062 eique
1243 1993 1372 2048 alimenta
1390 1993 1537 2048 statuerint
1555 1999 1649 2048 contu·

180 2095 194 2140 8
212 2092 295 2154 tores,
314 2083 426 2139 debebit
444 2098 537 2136 eornm
557 2081 625 2135 ratio
643 2079 745 2149 baberi,
764 2081 828 2149 qnia
846 2080 918 2134 iusta
937 2095 1021 2134 causa
1038 2086 1082 2135 cst
1098 2082 1264 2150 praestandi.
1292 2080 1346 2136 Sed
1366 2085 1394 2136 et
1411 2082 1435 2136 si
1447 2083 1536 2138 seruis
1548 2081 1651 2136 cibaria
1669 2093 1699 2132 ro

211 2174 378 2245 praestiterit
397 2172 440 2226 uel
458 2171 574 2238 libertis,
594 2169 698 2222 scilicet
716 2170 755 2223 rei
773 2169 868 2238 pnpilli
886 2170 1056 2238 necessariis,
1076 2170 1221 2224 dicendum
1240 2175 1283 2225 est
1300 2175 1503 2241 reputaturum:
1521 2169 1651 2240 idemque

180 2272 194 2317 9
213 2271 240 2319 et
258 2266 282 2319 si
300 2263 392 2318 liberis
411 2260 575 2328 bominibus,
595 2259 618 2312 si
636 2264 728 2311 tamen
746 2259 816 2312 ratio
834 2257 991 2327 praestandi
1009 2259 1082 2314 iusta
1099 2259 1259 2314 intercedat.
1286 2261 1355 2314 item
1370 2266 1497 2330 sumptus
1508 2261 1564 2316 litis
1577 2267 1651 2316 tutor

166 2361 195 2406 10
213 2351 352 2423 reputabit
375 2355 404 2406 et
425 2351 541 2418 niatioa,
567 2347 590 2402 si
615 2363 649 2400 ex
672 2344 762 2400 cilicio
785 2361 898 2402 necesse
923 2346 1018 2402 habuit
1039 2348 1131 2417 aliquo
1154 2363 1297 2404 excurrere
1319 2350 1365 2404 uel
1387 2348 1534 2420 proficisci.
1571 2350 1651 2405 Nunc

213 2447 375 2510 tractemus,
394 2441 417 2494 si
436 2439 527 2508 plures
545 2436 658 2490 tutelam
677 2435 771 2505 pupilli
790 2435 1047 2504 administranerint,
1066 2452 1116 2504 pro
1134 2451 1189 2506 qua
1207 2438 1322 2507 quisque
1340 2453 1434 2493 eornm
1454 2443 1532 2508 parte
1550 2455 1650 2494 eonne-

165 2535 194 2580 11
213 2529 330 2584 niendus
348 2529 391 2583 sit.
425 2528 461 2582 Et
479 2527 503 2580 si
521 2525 630 2594 quidem
650 2537 745 2578 omnes
763 2524 842 2578 simul
861 2530 1006 2593 gessenrnt
1022 2526 1135 2580 tutelam
1155 2523 1650 2610 ῌιὶιῖὦῶιῆιεῆιῇιξῇἶ-εοξῑιιῖ,
1670 2537 1700 2578 ae

214 2625 243 2673 et
265 2633 359 2674 omnes
382 2615 513 2672 soluendo
534 2618 610 2683 sunt,
636 2612 830 2681 aequissimum
849 2613 900 2668 erit
917 2613 1003 2668 diuidi
1022 2615 1156 2670 actionem
1175 2615 1311 2670 intereos
1329 2616 1569 2686 proportionibus
1587 2619 1651 2672 niri-

166 2713 195 2758 12
213 2707 284 2763 libus
303 2707 429 2776 exemplo
447 2703 656 2764 fideiussorum.
675 2700 730 2756 Sed
749 2705 777 2756 et
794 2701 818 2755 si
836 2717 890 2756 non
904 2718 999 2758 omnes
1013 2703 1143 2758 soluendo
1156 2703 1219 2774 sint,
1238 2704 1309 2758 inter
1321 2719 1369 2759 cos
1382 2705 1429 2774 qui
1441 2705 1575 2761 soluendo
1587 2711 1653 2761 sunt

166 2801 195 2846 ιο
213 2796 345 2851 diuiditur
362 2796 443 2848 actio.
471 2792 538 2846 sed²
556 2797 637 2862 prout
656 2791 771 2860 quisque
791 2791 922 2846 soluendo
941 2797 996 2860 est,
1021 2795 1150 2862 poterunt
1167 2793 1315 2848 conueniri.
1353 2794 1389 2847 Et
1406 2795 1430 2848 si
1447 2792 1519 2850 sorte
1536 2795 1598 2864 quis
1615 2810 1652 2850 ox

213 2884 287 2940 sacto
305 2884 417 2939 altadus
435 2883 534 2937 tutoris
551 2881 749 2935 condemnatus
766 2879 934 2949 praestiterit
951 2881 995 2934 uel
1014 2895 1049 2934 ex
1067 2881 1203 2936 communi
1222 2887 1303 2951 gestu
1321 2897 1372 2936 nso
1390 2883 1414 2936 ei
1427 2884 1575 2938 mandatae
1586 2889 1653 2938 sunt

1417 254 1464 300 DE
1486 254 1644 301 nonum

215 2975 350 3042 actiones,
375 2971 554 3028 constitutum
577 2975 620 3024 est
642 2985 659 3022 a
682 2969 747 3023 diuo
771 2969 819 3022 Pio
843 2972 871 3022 et
894 2967 929 3022 ab
952 2969 1115 3037 imperatore
1139 2975 1233 3025 nostro
1252 2975 1280 3025 ct
1298 2970 1362 3026 diuo
1380 2976 1459 3042 patre
1478 2973 1537 3028 eins
1555 2973 1651 3028 utilem
1671 2986 1700 3026 so

166 3069 197 3114 14
215 3064 348 3118 actionem
368 3061 452 3117 tutori
470 3059 603 3114 aduersus
621 3062 792 3113 contritorem
810 3056 938 3112 dandam.
969 3057 1053 3112 Plane
1072 3059 1095 3113 si
1113 3074 1147 3113 cx
1165 3059 1229 3115 dolo
1248 3061 1384 3115 communi
1403 3067 1556 3116 conuentus
1572 3077 1651 3132 prae-

215 3152 315 3206 stiterit
337 3156 424 3219 tutor,
448 3164 537 3218 neque
562 3146 734 3202 mundandae
757 3152 822 3200 sunt
844 3147 966 3200 actiones
990 3161 1079 3216 neque
1098 3147 1171 3202 ntilis
1190 3151 1333 3219 competit,
1356 3151 1422 3220 qnia
1439 3151 1542 3221 proprii
1559 3150 1653 3206 delicti

214 3255 330 3310 poenam
349 3239 435 3294 subit:
453 3253 524 3307 quae
542 3252 586 3290 res
604 3237 744 3306 indignum
764 3250 828 3290 enm
840 3233 913 3305 iecit,
932 3239 963 3289 ut
976 3251 992 3290 a
1004 3237 1102 3290 ceteris
1115 3236 1181 3306 qnid
1193 3243 1378 3308 consequatur
1388 3239 1444 3294 doli
1456 3238 1652 3310 participibus:

167 3336 196 3382 it
214 3345 266 3384 neo
284 3329 356 3384 enim
374 3329 430 3383 ulla
448 3327 566 3381 societas
584 3324 777 3380 maleficiorum
796 3325 840 3379 nel
858 3324 1068 3380 communicatio
1086 3326 1159 3380 iusta
1177 3325 1269 3382 damni
1284 3343 1319 3382 ex
1331 3327 1466 3385 maleficio
1479 3334 1530 3384 est.
1559 3329 1653 3399 Usque

213 3435 439 3504 remanare)

217 3588 225 3622 ¹
243 3586 378 3655 imputare
396 3599 457 3639 enm
477 3588 601 3654 oportere
620 3584 667 3636 dcl.

216 3689 323 3696 ——-—-

215 3739 232 3792 3
251 3736 296 3806 sit]
316 3735 379 3790 siin
392 3738 426 3789 F¹
471 3735 592 3790 4'e'eins
607 3731 640 3786 Fi
656 3735 660 3800 Ι
676 3731 856 3802 qu'a'erentes
869 3733 905 3787 F’
959 3748 1052 3788 eornm
1062 3737 1167 3788 tantum
1178 3735 1285 3803 culpam
1298 3734 1443 3805 [acacnlpa
1452 3736 1509 3806 qni]
1519 3735 1652 3792 soluendo

740 3582 751 3616 ¹
759 3585 856 3653 fimat
873 3582 989 3637 Iulianus
1007 3585 1042 3648 (a.
1056 3585 1097 3648 r'.):
1117 3584 1164 3653 qui
1182 3583 1313 3638 soluendo
1331 3589 1396 3639 sunt
1414 3593 1461 3640 tas.

215 3810 232 3862 9
245 3808 416 3876 auctionalia]
432 3809 488 3870 FD,
502 3805 646 3861 actionalia
660 3803 722 3857 WE
732 3805 787 3868 (obt
800 3812 826 3857 tn
835 3823 904 3857 mar-

213 3875 905 4014 ιιι·112211112211111321·

375 3972 417 4003 ur
603 3969 611 4002 :
658 3987 664 4000 .
840 3989 845 4012 ,
895 3976 906 3986 ·

215 4020 356 4075 tionabilia
376 4023 411 4074 O:
430 3970 597 4091 rpauezr'rqntoi
616 4019 686 4083 λὸΓοι
709 4019 755 4072 Bs
774 4017 847 4087 (ut),
866 4025 904 4070 br-

216 4091 348 4146 aardrnara
376 4092 402 4145 B
426 4094 535 4156 (Aaou.)
609 4092 642 4145 10
669 4088 843 4159 proferuntur
869 4090 905 4142 F¹³

217 4164 251 4217 14
263 4161 386 4229 egen'd'a
398 4163 434 4214 Γ)
470 4164 505 4216 20
517 4163 619 4216 eiuaria
629 4162 663 4214 F*
701 4163 734 4214 21
747 4159 800 4229 uel]
812 4159 858 4214 bel
870 4161 905 4212 F¹

217 4235 252 4289 23
270 4234 408 4302 reputanit
426 4233 462 4284 F¹
507 4234 542 4287 24
560 4235 583 4287 si
601 4231 723 4302 plu's'res
740 4230 777 4285 F*
826 4233 860 4286 25
879 4236 907 4285 et

216 4306 239 4360 si
257 4304 368 4374 quidem
386 4318 480 4358 omnes
497 4304 558 4374 aeq]
579 4309 610 4367 ἐξ
625 4304 728 4358 11-15
745 4311 784 4356 etc
799 4311 826 4355 tn
838 4321 906 4356 rom-

214 4377 335 4446 pendium
352 4377 451 4446 redepit
463 4375 579 4428 Iulianus
597 4385 622 4429 ta
637 4377 779 4429 collectione
797 4376 828 4427 dc
845 4393 906 4427 con·

216 4448 341 4500 tutoribus
368 4447 435 4510 (cod.
452 4447 540 4498 Berol.
559 4447 618 4499 Lat.
627 4448 678 4518 sol.
696 4465 721 4496 n.
738 4445 790 4498 269
800 4447 827 4516 s.
847 4445 905 4506 193,

234 4538 288 4570 uem
302 4523 483 4588 capreerimas:
497 4517 534 4568 ed.
545 4517 702 4569 Pitlroermoc
713 4534 738 4586 p.
749 4516 807 4580 69):
823 4515 847 4583 [ὅ
861 4513 903 4582 11]

217 4537 246 4642 ζῆ
258 4593 351 4642 tamen
361 4603 418 4642 rem
428 4587 462 4640 de
476 4602 529 4654 qna
542 4588 632 4656 agitur
644 4601 739 4640 omnes
751 4591 905 4654 gesserunt,

217 4659 265 4713 sed
285 4659 412 4728 [sedetet]
432 4659 455 4712 si
473 4658 581 4727 quidem
601 4673 695 4712 omnes
708 4658 839 4712 soluendo
852 4657 907 4712 sint

217 4731 272 4784 litis
284 4735 436 4784 contestata
446 4735 576 4798 tempore,
590 4729 720 4784 diuiditur
733 4729 760 4783 in
769 4744 817 4784 eos
826 4729 905 4783 actio.

218 4801 243 4870 [ξ
259 4801 299 4870 12]
324 4801 353 4855 Si
372 4806 463 4856 autem
487 4801 597 4868 quidam
621 4815 714 4855 eornm
733 4815 765 4854 eo
783 4807 906 4868 tempore

218 4872 349 4927 soluendo
367 4888 422 4926 non
440 4873 476 4926 sit
495 4873 552 4941 [aar.
566 4871 638 4940 sint],
658 4887 740 4926 onera
757 4886 850 4925 eorum
869 4871 906 4926 hii

217 4945 263 5068 gni
276 4943 407 4998 soluendo
421 4948 485 4998 sunt
496 4943 638 5011 recipiunt.
659 4942 737 5011 [513]
751 4941 805 4996 Sed
816 4943 839 4996 si
848 4943 906 5011 qni-

237 5029 280 5067 em
290 5029 324 5069 ex
336 5015 537 5084 neglegentiam
547 5019 606 5082 (scr.
617 5043 647 5053 -
655 5013 703 5080 tia)
714 5015 851 5069 cummuni
863 5015 907 5070 nel

958 3820 1014 3859 non
1032 3811 1097 3859 snnt
1113 3805 1287 3861 condemnati
1310 3805 1410 3861 fuerint
1427 3807 1520 3862 idonei
1537 3813 1651 3876 tutores,

959 3875 1093 3930 ceduntur
1117 3877 1157 3930 eis
1180 3878 1307 3931 acciones
1330 3878 1425 3947 pnpilli
1445 3880 1490 3934 uel
1511 3876 1653 3934 habebunt

959 3949 1053 4002 utilem
1076 3947 1214 4003 accionem
1238 3948 1372 4003 aduersus
1395 3954 1555 4006 contntorcs
1577 3965 1651 4006 snos.

959 4019 1041 4087 1514]
1067 4018 1145 4084 Quod
1169 4020 1192 4074 si
1216 4019 1252 4074 ob
1276 4019 1368 4074 dolnm
1393 4035 1566 4076 cummnnem
1587 4037 1652 4077 con·

959 4090 1080 4144 damnati
1098 4087 1211 4158 fuerint,
1233 4091 1307 4144 nulla
1323 4092 1364 4145 eis
1381 4093 1575 4164 cessionesque
1593 4093 1652 4162 [scr.

961 4161 1049 4215 cessio
1062 4163 1159 4232 neque]
1173 4163 1316 4230 opitulatio
1329 4161 1417 4217 datur.
1446 4164 1471 4233 [ξ
1487 4165 1529 4233 15]
1548 4165 1579 4220 ln
1592 4171 1652 4219 tan-

960 4239 1018 4286 tum
1042 4238 1131 4286 autem
1155 4234 1261 4288 idoneis
1285 4233 1476 4290 cantatoribus
1496 4235 1652 4290 constitutis

960 4304 1004 4357 alii
1022 4307 1128 4359 tutores
1146 4304 1182 4360 ob
1200 4305 1307 4374 culpam
1325 4321 1498 4361 communem
1515 4323 1570 4362 non
1588 4321 1652 4361 con·

960 4375 1105 4430 damnatur
1122 4375 1180 4445 [aar.
1193 4377 1418 4447 condemnantur]
1435 4378 1465 4432 in
1477 4377 1602 4447 solidum,
1620 4381 1653 4432 nt

960 4447 1041 4501 etiam
1061 4447 1237 4516 magistratus
1252 4447 1422 4517 municipalis
1437 4455 1467 4503 et
1477 4447 1653 4504 fideiussores

959 4533 1073 4572 necesse
1092 4518 1138 4588 [sit
1156 4519 1212 4587 tna]
1232 4524 1295 4573 ante
1313 4534 1361 4574 eos
1380 4521 1533 4588 conueniri,
1557 4521 1581 4575 si
1598 4521 1652 4574 sol·

959 4589 1065 4644 nendos
1078 4591 1136 4659 [acc.
1145 4591 1286 4660 soluendo]
1297 4591 1366 4645 sint:
1379 4597 1445 4646 tnnc
1454 4592 1526 4646 enim
1540 4591 1652 4647 ultimae
1685 4631 1689 4640 .

959 4676 1093 4731 personae
1111 4660 1251 4732 publicae,
1276 4677 1338 4716 cum
1363 4663 1485 4731 querella
1508 4664 1604 4732 pupilli
1623 4664 1652 4718 in

960 4747 992 4787 eo
1017 4733 1065 4801 sit,
1089 4732 1162 4802 quod
1183 4748 1238 4788 non
1261 4733 1357 4788 remoti
1379 4731 1481 4789 fuerint
1499 4740 1603 4789 tutores
1621 4739 1653 4789 ut

960 4805 1081 4874 suspecti
1104 4805 1148 4858 nel
1170 4805 1244 4872 quod
1267 4804 1395 4860 satidatio
1419 4811 1518 4862 exacta
1534 4807 1652 4860 nonsit.

960 4875 997 4929 Et
1023 4875 1091 4929 baec
1118 4877 1210 4931 omnia
1234 4874 1454 4932 manifestissime
1484 4877 1558 4932 dicta
1586 4881 1653 4933 sunt

960 4945 1006 5001 lib.
1020 4945 1113 5001 xxvi
1128 4948 1186 5016 [scr.
1199 4947 1315 5017 XXVII]
1328 4947 1407 5002 titulo
1419 4949 1459 5003 ΠΙ
1472 4948 1651 5019 digamorum.
