3856 5616
235 187 345 238 osnes
366 187 584 238 morsuum
903 164 991 246 895
1124 178 1131 189 ’
1339 169 1487 238 XXVIIII
1508 173 1529 240 4
1551 177 1667 238 uu-ut

233 322 329 384 inerit:
347 324 448 384 Titius
462 325 542 384 heres
562 331 636 384 estur
654 326 678 381 d
696 324 786 384 Titine
804 324 884 382 bores
902 327 967 397 erit,
985 325 1111 406 Iiseuius
1127 324 1207 384 berse
1224 325 1293 384 esto·
1311 331 1341 383 et
1357 327 1447 386 Titius
1464 327 1566 386 omisso
1584 341 1670 386 osum

232 415 391 472 testsmeuti
407 413 587 472 hereditatem
605 415 755 486 legitimum
773 416 940 487 possederit,
958 416 1067 472 Mneuio
1086 415 1218 472 sduersus
1237 431 1299 470 eum
1318 417 1414 486 petitio
1432 415 1593 472 hereditatis
1610 415 1670 474 dsri

233 519 289 564 uon
305 504 389 563 debet
405 520 456 576 pro
472 511 566 575 purte,
584 521 667 576 quur
684 503 828 562 bubiturus
845 509 936 576 erret,
957 505 982 562 si
999 505 1160 562 testamenti
1178 519 1263 560 osuss
1280 505 1383 562 emisse
1400 522 1454 562 nou
1472 505 1577 562 fuisset.
1605 521 1667 560 oum

232 593 305 650 euim
323 593 425 651 omisso
442 597 608 650 testsmento
620 593 758 650 heredites
769 593 935 664 possidetur,
952 594 1105 665 legstorum
1117 593 1228 664 quidem
1241 599 1270 649 et
1280 593 1447 652 Iibertutiunu
1460 596 1530 650 rutio
1542 593 1670 650 bubends

231 683 562 754 sstuuhsiiterquum
580 681 615 738 nb
633 681 733 739 beredo
751 682 810 740 duri
828 697 883 740 uon
901 687 1061 754 potuerunt:
1080 681 1241 738 bereditstie
1259 683 1702 753 ueroquseitsdstsestm

230 750 335 830 donem
352 770 454 828 bebere
471 777 582 842 prestus
599 787 654 828 uon
672 770 769 828 debet:
792 787 845 828 sus
861 772 936 830 enim
953 773 1034 842 oulps
1051 775 1168 828 testetur
1191 769 1244 828 sub
1263 769 1315 828 bse
1332 771 1492 828 ooudieIous
1509 771 1669 828 bereditst'u

199 871 212 918 1
230 866 338 932 purten
355 860 443 931 dedit,
460 875 544 932 qum
562 861 652 932 potuit
669 875 738 932 pure
755 858 827 916 dure.
858 860 948 928 Quoue
966 866 995 917 et
1006 861 1031 916 si
1047 860 1087 916 its
1105 861 1238 930 scriptum
1256 858 1368 918 fuissem
1386 860 1484 916 'Titius
1496 860 1575 918 heres
1592 863 1668 916 esto:

231 949 363 1021 'numnis
380 949 446 1006 mibi
463 965 500 1006 ex
515 965 601 1020 supro
617 949 726 1020 seriptis
749 948 829 1006 beree
853 949 918 1020 erit,
942 948 1052 1006 Stiobus
1075 949 1144 1004 tuber
1166 949 1300 1020 heresque
1322 947 1390 1004 esto'
1408 953 1438 1004 et
1455 949 1544 1006 Titios
1567 949 1669 1004 omisso

230 1041 396 1094 mento
414 1037 593 1096 bereditsbrm
611 1037 760 1108 possident,
778 1036 933 1094 bbertsteuu
951 1043 1062 1109 praetor
1074 1037 1161 1094 Stiohi
1178 1039 1249 1094 tueri
1268 1053 1323 1096 nou
1341 1035 1426 1094 debet
1441 1052 1493 1093 ueo
1511 1037 1670 1094 bereditstis

197 1127 390 1198 spetibosem
408 1127 435 1184 ei
453 1127 527 1184 dne.
558 1127 588 1184 st
604 1127 668 1198 quis
684 1126 737 1184 boe
754 1127 837 1184 modo
854 1132 1049 1184 tesmmentum
1067 1127 1220 1198 scripserit:
1240 1127 1336 1184 'Tib'os
1354 1126 1434 1182 beros
1452 1131 1526 1184 esto:
1544 1126 1669 1184 siTitIus
1688 1137 1716 1178 uo

231 1214 317 1272 ‘bores
334 1232 390 1275 uon
408 1217 467 1288 erit,
485 1217 609 1274 bitenius
626 1215 706 1273 beree
724 1221 799 1272 esto:
824 1217 948 1288 quisquis
967 1216 1032 1272 mibi
1050 1231 1086 1272 ex
1103 1231 1186 1286 supra
1204 1215 1313 1286 seriptis
1331 1214 1410 1271 bures
1428 1215 1493 1284 erit,
1510 1215 1627 1284 Maeuio,
1645 1215 1669 1271 si

230 1303 304 1362 'nitu
320 1303 401 1364 berse
418 1319 474 1362 uou
492 1306 552 1376 erit,
569 1311 680 1362 eentum
697 1303 781 1374 dete,
799 1305 899 1362 deiude
911 1306 1002 1362 Titius
1019 1306 1122 1362 omisso
1140 1310 1305 1362 testamento
1321 1303 1473 1374 legium
1490 1303 1668 1362 bereditstem

229 1393 383 1465 porsidest,
406 1411 444 1452 sn
460 1395 581 1466 leonio,
606 1395 685 1452 ouius
702 1394 731 1450 iu
748 1399 885 1466 potestute
903 1394 968 1466 fuit,
992 1401 1024 1450 ut
1041 1407 1076 1450 ex
1094 1394 1289 1470 substitutione
1313 1392 1440 1450 adeundo
1458 1397 1546 1450 totum
1564 1393 1669 1451 beredi—

228 1487 314 1540 tutem
332 1483 460 1554 heberet,
483 1484 635 1554 legstorum
654 1483 728 1540 serto
746 1483 805 1540 dsri
823 1482 932 1553 debent,
950 1485 1098 1554 quaeritur.
1127 1488 1157 1540 et
1173 1484 1265 1554 plsoet
1282 1481 1354 1552 duri,
1379 1481 1445 1551 quis
1461 1481 1527 1538 nibil
1544 1481 1670 1552 probbet

228 1571 367 1631 ludum
384 1573 484 1630 iustum
502 1587 613 1630 osnnuu
632 1570 772 1644 bubuisse,
789 1577 901 1643 propter
919 1587 1003 1642 qusuu
1020 1573 1105 1630 uoilet
1122 1571 1241 1642 negotiis
1259 1569 1430 1627 bereditsriis
1447 1571 1589 1640 impiiosri.
1689 1581 1717 1624 re

169 1659 211 1718 23
282 1659 434 1720 Uuuusuoe
455 1661 525 1720 bbru
547 1659 761 1734 qundssguimo
784 1665 864 1720 sexto
886 1661 923 1716 ud
946 1659 1075 1716 edietum.
1112 1660 1141 1716 Si
1164 1660 1237 1718 filius
1259 1660 1308 1730 qui
1330 1660 1433 1719 mansit
1449 1660 1477 1716 iu
1495 1653 1669 1742 [Hussr‘r‘sr‘e'
1688 1665 1739 1738 ss·

228 1751 316 1822 pstrIs
332 1753 479 1822 potenteis,
497 1751 563 1808 item
582 1749 638 1808 di'n
655 1749 771 1808 heredes
789 1749 908 1806 instituti
926 1749 1074 1820 praeterito
1092 1746 1176 1806 butue
1194 1747 1375 1818 eusnoipsto,
1394 1747 1442 1822 qui
1453 1746 1669 1806 senonubmss

228 1839 354 1910 sooipere
371 1841 573 1910 possessiouem
596 1839 698 1912 potuit,
723 1843 755 1894 ut
775 1839 897 1894 intestuti
914 1837 1001 1910 petris
1018 1837 1220 1908 possessivum
1239 1837 1409 1908 sooeperiut,
1433 1838 1526 1906 tegete
1543 1835 1669 1892 omuibus

227 1927 408 1998 prsestsbnnt
425 1944 477 1985 ueo
494 1927 550 1986 di'n
562 1929 653 1986 dotem
667 1943 744 1984 suem
758 1925 833 1982 tratri
847 1925 977 1996 conferet,
996 1941 1059 1982 oum
1071 1929 1103 1982 ut
1115 1925 1217 1995 seriptu
1229 1924 1355 1982 uidentur
1367 1925 1545 1981 hereditatem
1558 1924 1668 1981 bebere.
1689 1937 1717 1978 ιι

168 2016 211 2075 24
282 2017 402 2074 Pronus
427 2015 496 2074 bbro
521 2017 695 2088 sexagesimo
717 2017 754 2073 sd
777 2015 907 2072 edIotum.
948 2015 980 2072 Si
1004 2015 1066 2072 dolo
1090 2016 1188 2072 tutoris
1211 2015 1334 2071 omiserit
1357 2016 1476 2086 pupillus
1495 2009 1669 2100 Q
1687 2021 1715 2078 Ε

229 2119 342 2162 osseum
364 2107 524 2164 testsmemi
545 2111 574 2163 et
596 2107 747 2177 Ieffltimsm
770 2105 949 2164 bereditstem
967 2103 1123 2174 possident,
1142 2103 1234 2160 dsnds
1250 2109 1295 2162 est
1312 2105 1464 2175 tegutonnu
1482 2105 1555 2164 sotio
1573 2105 1601 2162 iu
1618 2119 1667 2174 pu·

228 2193 332 2266 pdlnm,
349 2193 400 2250 sed
417 2199 541 2268 eatenus,
559 2201 696 2268 quaeum
712 2193 850 2250 bereditus
868 2193 894 2250 si
912 2192 1051 2266 adquisito
1067 2199 1119 2248 est
1148 2193 1214 2262 quid
1232 2195 1314 2266 euim,
1334 2195 1358 2252 ri
1375 2209 1438 2250 oum
1456 2193 1510 2250 ulio
1528 2193 1669 2264 possideat

196 2291 208 2336 ι
227 2283 427 2342 hereditatem?
462 2283 519 2341 Sed
542 2284 595 2342 boe
617 2291 646 2342 ot
668 2285 697 2340 iu
715 2299 749 2340 eo
766 2283 814 2354 qui
832 2281 919 2353 pubes
938 2286 982 2338 est
999 2281 1121 2352 plerique
1139 2285 1239 2352 putuut
1256 2281 1473 2353 obseruandum,
1497 2287 1529 2338 nt
1546 2297 1596 2354 pro
1613 2298 1669 2353 qus

227 2377 307 2446 purte
323 2373 479 2445 posddest,
501 2379 641 2445 tenuetur,
659 2373 785 2444 quemuis
803 2377 913 2443 prsetor
929 2370 1043 2442 pesiude
1060 2371 1089 2428 iu
1107 2385 1170 2428 eum
1188 2371 1237 2428 det
1253 2373 1403 2444 uodonem,
1421 2377 1506 2444 stoue
1521 2373 1546 2430 si
1564 2371 1669 2430 udisset

226 2461 416 2520 bereditstem.
1688 2473 1717 2516 ss

169 2545 210 2606 to
281 2551 396 2610 Gneus
418 2550 488 2609 libro
511 2555 590 2610 sexto
610 2551 718 2608 deoimo
735 2549 914 2620 digestorum
951 2549 1002 2606 Oui
1020 2564 1118 2606 seruus
1135 2547 1221 2620 ipsius
1239 2548 1406 2606 substitutus
1424 2555 1476 2622 eet
1494 2545 1667 2635 [tt‘effl
1685 2557 1731 2631 Es

227 2655 338 2700 mum
356 2655 437 2698 sunm
456 2640 532 2697 odire
548 2640 637 2696 iussit.
664 2639 688 2695 si
705 2638 808 2696 ideireo
825 2636 899 2709 feeit,
919 2638 1064 2708 relegetur
1081 2643 1240 2708 praestaret,
1259 2643 1376 2710 ubsque
1394 2639 1554 2711 pressuris,
1572 2646 1668 2710 etque

227 2729 307 2788 bores
324 2733 369 2788 est
385 2733 414 2786 et
431 2743 486 2800 uus
503 2730 607 2788 omues
622 2743 708 2784 osuss
724 2727 882 2784 testamenti
900 2726 1024 2798 possidet
1041 2741 1077 2784 ex
1094 2725 1289 2786 substitutione
1307 2726 1496 2799 bereditstenr,
1514 2729 1594 2784 suine
1605 2728 1666 2784 Fui-

227 2819 301 2878 oidiu
318 2819 344 2876 ei
361 2822 480 2876 seruth.
1685 2830 1715 2872 ιι

169 2903 210 2964 26
279 2909 461 2964 Puruusuus
483 2905 553 2964 libro
574 2909 654 2964 sexto
671 2904 780 2962 deoimo
798 2903 998 2975 quaestionum.
1034 2905 1156 2962 Iulianus
1174 2905 1269 2962 roribit
1284 2911 1405 2984 putrem,
1429 2905 1475 2976 qui
1494 2901 1667 2990 Q
1685 2915 1713 2970 Ρ

226 2995 311 3056 tuum
328 2996 382 3054 sibi
398 2994 577 3053 subsfltutum
594 2994 676 3050 iussit
692 2994 768 3050 udIre
786 2992 975 3064 hereditatem,
994 2994 1088 3062 regau
1104 3009 1176 3064 quse
1194 2993 1230 3052 ub
1240 2995 1307 3065 ipso
1325 2995 1392 3050 dete
1409 3000 1473 3054 suut
1484 3009 1519 3050 ex
1531 2996 1667 3054 sententie

227 3085 309 3144 edisti
326 3089 541 3157 praestaturum,
559 3083 688 3154 quonism
705 3082 761 3138 dtis
778 3083 851 3153 petri
868 3081 1043 3140 substituitur
1061 3083 1089 3138 iu
1107 3099 1188 3154 essu,
1207 3099 1262 3140 nou
1280 3089 1312 3139 ut
1329 3083 1471 3140 arbitrimn
1488 3085 1607 3156 eligendi
1624 3101 1666 3144 ro

226 3175 378 3246 impostore
396 3173 447 3230 sed
464 3173 489 3230 si
505 3173 584 3230 usus
600 3173 693 3242 regnu
709 3187 794 3242 suprs
811 3171 972 3228 dodrantem
990 3171 1057 3227 dutu
1074 3171 1139 3242 siut,
1156 3187 1250 3228 eorum
1268 3173 1345 3244 prius
1356 3174 1490 3230 ustionem
1502 3173 1665 3245 bubeudsrn

227 3278 299 3334 quse
320 3276 338 3320 s
359 3261 417 3320 filis
438 3262 534 3330 reliotu
555 3265 627 3318 suut
655 3277 710 3318 nou
732 3261 806 3317 euim
828 3265 904 3314 osret
925 3257 988 3315 doio
1005 3265 1098 3330 puter,
1121 3261 1169 3330 qui
1187 3259 1289 3319 honore
1306 3263 1416 3333 proprio
1434 3263 1537 3320 omisso
1554 3269 1667 3336 propter

196 3361 208 3406 1
227 3351 419 3424 oompeudiuss
440 3351 556 3408 siieuum
579 3350 780 3406 institub'onem
801 3348 906 3404 mulsit
941 3347 1066 3418 Denique
1088 3349 1112 3404 si
1133 3348 1205 3406 filim
1223 3356 1302 3420 puter
1319 3350 1487 3409 substitutus
1504 3352 1573 3410 udiit
1589 3353 1666 3410 tere»
1685 3365 1716 3408 ss

226 3441 350 3511 dinbem,
367 3439 435 3496 nibil
450 3455 514 3496 eum
531 3438 595 3496 dolo
612 3438 703 3496 isoere
723 3437 735 3511 i
754 3439 875 3496 Iulisuus
892 3436 1040 3508 existimet,
1059 3439 1124 3507 quie
1141 3454 1222 3496 nemo
1241 3437 1312 3496 dlieo
1331 3445 1438 3510 putrem
1457 3445 1554 3498 ooutre
1571 3446 1665 3500 uotum
1683 3449 1764 3500 ttte'

226 3530 381 3602 pueutium
399 3527 567 3586 substituere
584 3527 701 3598 uidetur,
719 3527 771 3584 sed
787 3532 820 3583 ut
836 3525 977 3582 urbitrium
996 3526 1113 3596 erigendi
1132 3528 1275 3598 relinquet

168 3617 210 3676 27
279 3619 358 3676 Iners
379 3617 449 3674 libro
471 3623 552 3674 sexto
569 3631 770 3688 responsurum.
806 3616 893 3675 lister
914 3615 1043 3672 seeundis
1060 3614 1161 3672 tubnlb
1180 3615 1314 3687 impuberi
1333 3615 1388 3676 filio
1407 3617 1471 3676 sub·
1490 3613 1666 3703 [Q
1684 3628 1711 3684 Ρ

227 3708 325 3764 stituts
349 3707 439 3764 losum
466 3707 558 3764 edioto
584 3706 664 3776 iuuit,
691 3706 714 3762 si
740 3705 843 3763 omtsso
870 3708 1036 3760 tesmmento
1062 3704 1212 3774 legitimum
1240 3705 1419 3766 heredutsu
1443 3705 1492 3766 filii
1515 3707 1665 3778 possident

195 3805 208 3850 ι
227 3795 300 3856 Idem
322 3796 390 3852 iuris
408 3796 461 3852 erit
481 3802 511 3854 et
532 3795 557 3852 si
578 3793 634 3852 ulto
658 3795 737 3852 beree
754 3795 821 3850 dnts
842 3794 880 3850 sit
896 3799 926 3850 et
943 3791 1119 3850 subturae
1155 3794 1187 3850 In
1205 3796 1369 3852 stutendum
1388 3795 1471 3854 sdioti
1504 3807 1714 3865 consuetu

226 3889 338 3956 proptor
355 3885 507 3955 legstorum
525 3899 637 3940 esuum
654 3881 740 3940 frater
756 3882 886 3940 inuidisse
903 3897 959 3939 nou
976 3881 1130 3952 uidebatur,
1153 3883 1200 3952 qui
1217 3881 1302 3940 ddum
1321 3900 1400 3944 suum
1419 3871 1666 3942 suorum

227 3973 324 4044 puberi
346 3977 512 4030 tesbruento
534 3970 626 4030 Iretris
649 3987 704 4030 uon
728 3971 925 4042 emeuoipuuit‚
949 3971 999 4026 sed
1023 3970 1059 4026 sb
1083 3971 1213 4030 iutosteto
1235 3987 1285 4042 per
1308 3975 1390 4032 eunr¹
1407 3973 1548 4044 possIdere
1567 3974 1665 4044 eoepit

194 4063 260 4120 uin
275 4077 354 4132 eum,
371 4062 421 4132 qui
437 4065 604 4120 tesbmeuto
621 4061 740 4132 soriptrss
757 4058 837 4116 beros
855 4073 910 4116 nou
927 4057 993 4130 fuit,
1011 4060 1035 4116 si
1053 4057 1157 4118 boudie
1175 4061 1289 4120 oonsilio
1307 4077 1370 4118 ouru
1388 4061 1539 4120 heredibus
1556 4063 1666 4134 seriptis

226 4167 450 4239 nwvufflo)

230 4315 238 4348 ¹
257 4315 287 4366 et
305 4309 329 4366 si
345 4308 402 4366 filio
419 4309 586 4366 exheredato
604 4309 641 4364 stt
658 4306 829 4364 substitute?
900 4307 912 4342 ¹
928 4323 979 4378 per
996 4322 1059 4363 eom
1078 4309 1125 4363 det.
1144 4309 1284 4383 (Kruaeper)

227 4451 410 4523 epossiderit
427 4453 486 4520 (sie)
499 4451 536 4506 Ρ
579 4450 771 4520 bpotueruut]
790 4451 918 4506 sianso
971 4449 1006 4505 ut
1025 4449 1118 4521 rrou'rcu
1138 4447 1219 4512 sirius
1238 4447 1404 4513 ιῨιεΞοῨοιοιι
1423 4449 1439 4506 ὁ
1456 4452 1547 4518 rrsrrip,
1569 4449 1620 4506 tu·
1638 4451 1665 4508 i!

247 4520 918 4664 1'fflifflu⁷i²¹¹f1iiiii¹iiiss
972 4520 1665 4666 tttbttttttttttttuurttrs

228 4665 263 4720 1‘1
280 4665 434 4736 psuirur’
479 4667 514 4722 tt
525 4661 920 4750 prsestsbitethreestsbiter
972 4635 1466 4747 substitutumimpuberitestumeuto
1474 4663 1665 4724 frutrIsenrun·

227 4735 266 4789 F
316 4737 350 4792 31
369 4734 431 4804 sibu]
450 4736 496 4802 Γ),
514 4743 585 4790 ebur
602 4734 639 4790 1¹¹⁸
690 4735 727 4789 et
743 4733 864 4800 *hunone
883 4735 920 4792 Ρ
972 4735 1358 4804 oiperorusrusnonsmsuoi
1395 4737 1449 4792 uit:
1465 4739 1514 4792 ssd
1524 4743 1665 4809 murat,

228 4807 264 4864 86
280 4808 411 4864 attinet
429 4808 454 4860 F
496 4807 531 4862 37
549 4805 660 4862 sed’ut*
672 4806 711 4859 Ρ
756 4807 792 4862 40
809 4811 840 4880 ip
857 4825 921 4876 pen·
973 4815 1002 4864 ut
1020 4813 1143 4876 interpres
1165 4807 1196 4860 ds
1217 4824 1264 4864 suo
1287 4753 1412 4878 perosa
1432 4807 1556 4861 adiecerit
1572 4809 1664 4863 eodm

227 4878 342 4964 tuatim
365 4876 448 4934 edioiu'
468 4878 531 4964 seu]
554 4877 587 4964 ei.
600 4875 723 4962 currendo
746 4875 797 4940 rut
821 4897 921 4972 uipW'!
966 4880 1084 4962 sortasse
1096 4879 1176 4930 odero
1189 4877 1296 4962 IeooU38,
1309 4877 1364 4939 6,8
1408 4877 1519 4946 42'1rer
1530 4879 1566 4930 Εἴ
1581 4881 1586 4945 Ι
1601 4891 1664 4946 pot·

228 4967 390 5021 rrousrserp
409 4969 458 5004 run
488 4967 535 5004 esu
559 4958 725 5012 ιγτᾱογειοο
747 4967 860 5041 renum*
882 4973 923 5020 ,ιιι
976 4947 1074 5018 erdere]
1091 4947 1165 5008 bons
1181 4947 1323 5019 possidere
1340 4949 1377 5000 F²
