3782 5544
282 263 357 329 XVI
380 267 395 328 1
421 269 556 340 19-23,
953 255 1043 336 464
1241 233 1313 328 ἰο
1337 277 1488 328 ernanus
1510 268 1721 330 consenuere

250 430 264 473 2
284 425 370 475 naret.
406 419 438 474 ln
456 419 597 487 proposita
615 418 705 486 speeie
724 421 752 472 et
769 417 836 472 illud
853 416 1027 472 tractandum
1046 421 1096 486 est,
1115 433 1150 472 un
1168 418 1201 488 is,
1219 419 1266 489 qui
1284 417 1414 473 mandate
1433 417 1553 473 mulieris
1570 418 1679 488 adierit,
1696 419 1722 474 si

284 508 413 563 damnum
432 507 468 562 ob
487 507 514 560 id
532 507 666 576 patiatur,
688 506 761 574 quod
779 505 916 560 debitores
934 504 1091 559 hereditarii
1108 507 1240 560 soluendo
1258 521 1314 562 non
1332 505 1446 576 luerint,
1464 511 1579 562 senatus
1595 508 1722 562 eonsulte

282 597 359 650 loeus
383 597 431 664 sit,
456 596 535 664 quasi
553 594 755 664 quodammodo
774 610 867 649 eorum
885 593 1067 662 obligationes
1085 595 1181 649 mulier
1198 596 1357 664 susceperit
1390 593 1589 663 magistatem
1608 601 1666 664 eat,
1689 600 1723 650 at

284 699 318 740 ne
336 683 372 738 ob
390 683 460 738 hanc
479 684 588 752 quidem
607 699 718 738 oausam
738 687 850 737 senatus
869 683 1022 737 consultum
1042 682 1130 738 locum
1149 682 1257 753 habeat,
1276 683 1387 752 quando
1405 699 1459 738 neu
1477 698 1511 738 ea
1525 690 1618 740 mente
1630 682 1721 754 suerit,
1740 689 1754 726 ⁴

283 777 315 827 ut
332 788 381 841 pro
399 772 441 826 his
460 772 652 841 intercederet,
673 771 683 844 ll
702 772 751 825 sed
769 771 868 826 tutoris
886 771 1020 825 aduersus
1038 772 1171 840 pupillum
1190 777 1218 826 et
1235 777 1342 828 ceteros
1360 769 1431 827 forte
1449 771 1599 826 creditores
1616 773 1722 828 indem-
1739 773 1807 818 itit

251 872 264 915 3
284 877 345 917 nem
364 860 491 916 heredem
510 865 671 930 praestaret.
699 859 824 928 Denique
842 860 865 914 si
876 875 1011 928 ponamus
1023 859 1163 914 mulierem
1175 860 1203 914 in
1216 861 1381 929 emptionem
1394 859 1554 916 hereditatis
1566 875 1600 916 eo
1610 863 1722 917 nomine

284 950 413 1004 damnum
431 949 498 1018 pati,
520 949 592 1018 quod
611 947 749 1002 debitores
767 948 924 1002 hereditarii
942 947 1073 1002 soluendo
1092 963 1146 1003 nou
1163 949 1226 1018 siut,
1245 949 1320 1003 nulla
1336 954 1405 1017 puto
1423 948 1559 1006 dubitatio
1576 951 1637 1020 erit,
1655 951 1722 1020 quin

250 1049 266 1092 4
284 1043 396 1094 senatus
414 1039 539 1093 consulto
556 1037 632 1092 locus
650 1052 705 1091 nou
723 1037 771 1104 sit,
793 1037 901 1090 etiamsi
919 1037 1036 1090 mamma
1055 1037 1233 1092 oreditoribus
1251 1037 1420 1106 aliquantum
1437 1038 1614 1107 praestiterit.
1650 1037 1722 1104 Quid

285 1143 351 1197 ergo
370 1128 401 1196 si,
421 1143 483 1181 eum
501 1130 647 1195 propterea
665 1125 699 1179 de
718 1125 845 1180 adeunda
861 1124 1013 1179 hereditate
1032 1124 1170 1180 dubitaret
1180 1126 1277 1196 Titia,
1297 1126 1370 1194 quod
1389 1137 1485 1196 purum
1498 1126 1600 1182 idonea
1610 1127 1723 1182 uomina

284 1215 437 1270 debitorum
455 1215 620 1282 uiderentur,
639 1213 735 1268 mulier
752 1211 804 1266 hoe
821 1214 911 1282 ipsum
929 1213 1091 1282 repromisit,
1110 1219 1148 1283 ut,
1167 1221 1270 1282 quanto
1289 1215 1379 1269 minus
1391 1231 1409 1270 a
1422 1229 1534 1284 quoquo
1552 1222 1648 1270 eorum
1666 1231 1721 1270 ser-
1740 1219 1767 1260 ¹⁰

251 1317 265 1360 5
284 1305 344 1358 uari
361 1308 463 1373 posset,
481 1303 541 1372 ipsa
558 1301 730 1372 praestaret?
756 1316 841 1370 prope
859 1305 911 1372 est,
929 1306 961 1356 ut
978 1302 1014 1356 sit
1030 1303 1199 1358 intercessio.
1227 1301 1297 1358 (ium
1315 1301 1431 1358 haberes
1446 1304 1549 1358 Titium
1568 1303 1745 1360 debitorem·

285 1397 313 1447 et
330 1407 380 1462 pro
400 1407 433 1446 eo
452 1391 548 1445 mulier
565 1390 735 1443 intercedere
752 1390 836 1444 uellet
851 1403 903 1443 nec
920 1393 951 1444 tu
966 1391 1086 1444 mulieris
1098 1405 1198 1445 nomen
1209 1395 1321 1459 propter
1332 1396 1444 1447 senahrs
1456 1392 1613 1446 consultum
1625 1407 1722 1460 seque·

285 1481 361 1550 reris,
378 1480 449 1549 petit
467 1496 485 1533 a
503 1493 546 1533 me
565 1479 661 1533 mulier
679 1482 801 1532 mutuam
814 1477 959 1546 pecuniam
971 1479 1093 1534 solutura
1105 1477 1156 1532 tibi
1167 1484 1196 1532 et
1208 1478 1350 1548 stipulanti
1362 1479 1428 1535 mihi
1439 1479 1565 1549 promisit
1575 1481 1722 1551 ignoranti,

284 1570 311 1623 in
338 1585 420 1638 quam
439 1583 496 1623 rem
515 1571 686 1621 mutuaretur
702 1571 786 1636 atque
803 1566 842 1620 ita
860 1581 1002 1622 numerare
1021 1582 1064 1622 me
1082 1567 1132 1622 tibi
1149 1567 1241 1622 iussit:
1267 1567 1366 1624 deinde
1383 1583 1449 1638 ego,
1472 1569 1538 1638 quia
1555 1568 1592 1624 ad
1610 1585 1721 1624 manum

284 1673 410 1712 nummos
429 1673 482 1712 nen
500 1654 648 1724 habebam,
668 1655 810 1724 stipulanti
827 1654 878 1710 tibi
895 1650 1022 1724 promisi':
1041 1656 1196 1724 quaesitum
1213 1660 1270 1726 est,
1289 1656 1313 1711 si
1331 1671 1391 1712 eam
1409 1657 1555 1726 pecuniam
1573 1673 1592 1712 a
1609 1657 1722 1712 muliere
1740 1664 1766 1704 ¹⁵

283 1749 384 1814 petam,
403 1762 439 1799 an
457 1743 582 1812 exceptio
601 1747 712 1798 senatus
731 1743 847 1798 consulti
866 1744 891 1797 ei
908 1744 1004 1813 prosit.
1031 1745 1172 1814 respondit
1189 1744 1348 1814 uidendum,
1367 1761 1402 1800 ne
1420 1760 1476 1800 nou
1491 1745 1551 1800 sine
1562 1745 1671 1801 ratione
1682 1745 1722 1800 di·

283 1838 362 1888 catur
380 1833 439 1886 eius
456 1833 525 1901 loco,
544 1831 591 1900 qui
608 1847 657 1900 pro
671 1833 782 1886 muliere
794 1830 967 1901 fideiusserit,
985 1831 1080 1887 haberi
1092 1848 1136 1888 me
1148 1832 1256 1901 debere,
1275 1837 1307 1887 ut
1318 1833 1549 1903 quemadmodum
1561 1832 1609 1900 illi,
1627 1849 1722 1902 quarn·

283 1923 326 1977 uis
343 1921 511 1990 ignorauerit
529 1920 668 1974 mulierem
687 1921 869 1990 intercedere,
893 1921 1019 1990 exceptio
1037 1921 1169 1976 aduersus
1187 1921 1350 1976 creditorem
1368 1921 1462 1991 detur,
1479 1936 1515 1976 ne
1532 1921 1561 1976 iu
1580 1922 1721 1978 mulierem

284 2009 404 2065 mandati
423 2010 495 2063 actio
514 2013 660 2079 competat,
678 2009 718 2064 ita
736 2008 801 2064 mihi
819 2023 929 2078 quoque
945 2009 1080 2064 aduersus
1099 2014 1126 2064 te
1144 2009 1219 2064 utilis
1236 2011 1363 2080 exceptio
1381 2010 1461 2066 detur
1478 2009 1599 2080 mihique
1617 2011 1646 2064 in
1663 2025 1721 2065 mn-

282 2099 375 2154 lierem
394 2098 466 2152 actio
484 2097 650 2168 denegetur,
672 2097 782 2167 quando
800 2098 869 2154 haee
886 2098 959 2152 aetio
976 2099 1097 2167 periculo
1115 2098 1235 2154 mulieris
1253 2097 1345 2154 futura
1363 2101 1407 2154 sit.
1441 2103 1470 2154 et
1486 2099 1557 2154 haee
1574 2099 1657 2168 paulo
1675 2113 1721 2154 ex·
1738 2111 1763 2150 ro

283 2187 402 2256 peditius
420 2186 544 2256 dicenda,
563 2186 587 2240 si
603 2187 688 2256 prius,
706 2203 787 2256 quam
807 2202 859 2256 ego
877 2186 927 2242 tibi
943 2188 1088 2256 pecuniam
1100 2187 1237 2256 soluerim,
1255 2189 1432 2258 compererim
1445 2201 1506 2242 eam
1518 2188 1721 2242 intercessisse:

283 2279 403 2330 aetenum
426 2276 450 2329 si
475 2281 538 2330 aute
562 2275 702 2343 soluerim,
727 2275 890 2346 uidendum,
913 2280 1040 2332 utrumne
1062 2275 1145 2331 nihilo
1167 2277 1258 2331 minue
1276 2276 1382 2332 mulieri
1399 2276 1510 2346 qrridem
1529 2277 1657 2346 exceptio
1674 2275 1721 2330 ad·

283 2379 381 2418 uersus
399 2363 520 2431 mederi
538 2362 638 2418 debeat
655 2368 684 2418 et
701 2378 754 2432 ego
772 2362 822 2418 tibi
840 2364 984 2420 condicere
1000 2365 1145 2434 pecuniam
1163 2366 1275 2435 possim,
1294 2381 1330 2421 arr
1349 2380 1415 2420 uero
1433 2364 1548 2435 perinde
1564 2363 1720 2420 habendum

284 2452 328 2522 sit,
346 2467 380 2506 ae
398 2452 421 2506 si
439 2452 516 2506 initio
534 2467 587 2520 ego
604 2452 748 2521 pecuniam
767 2453 872 2507 mulieri
890 2453 1067 2508 credidissem
1081 2470 1115 2509 ac
1126 2471 1221 2510 rursus
1233 2460 1264 2508 tu
1277 2453 1342 2508 mihi
1353 2454 1381 2508 in
1394 2453 1528 2509 creditum
1540 2453 1621 2508 isses.
1647 2451 1721 2522 qnod

283 2539 394 2610 quidem
413 2540 501 2608 magis
519 2539 665 2595 dicendum
684 2541 864 2610 existimauit,
889 2547 921 2596 nt
938 2543 978 2597 sio
996 2547 1108 2598 senatus
1126 2543 1251 2598 consulto
1268 2543 1345 2598 locus
1363 2543 1487 2597 nonsit:
1511 2542 1593 2596 sicuti
1611 2545 1642 2596 et
1659 2557 1720 2595 eum
1739 2553 1765 2596 se

283 2627 435 2684 debitorem
459 2643 539 2682 suum
563 2629 660 2682 mulier
679 2629 802 2698 deleget,
826 2629 1014 2685 intercessioni
1031 2632 1108 2686 loeus
1126 2647 1180 2686 nou
1198 2632 1243 2685 sit.
1277 2645 1348 2701 quae
1365 2633 1464 2700 postea
1479 2643 1537 2684 non
1553 2635 1630 2684 reete
1648 2643 1721 2684 oom-

254 2739 256 2748 >
283 2718 373 2788 parari
392 2717 438 2786 ait,
456 2716 567 2786 quando
585 2716 757 2784 delegatione
775 2716 907 2773 debitoris
924 2717 1000 2773 facta
1016 2720 1113 2774 mulier
1130 2735 1185 2776 non
1203 2718 1347 2789 obligetur,
1365 2721 1395 2774 at
1409 2719 1438 2774 in
1448 2718 1591 2788 proposito
1603 2717 1721 2774 ahenam

284 2806 477 2876 obligationem
495 2805 524 2860 in
542 2819 572 2860 se
590 2805 767 2874 banstulerit,
785 2805 859 2875 quod
877 2811 952 2861 certe
970 2806 1160 2863 senatusfieri
1177 2807 1302 2863 uoluerit.

226 2896 266 2955 20
335 2896 414 2950 Inna
430 2893 500 2948 libro
517 2898 616 2949 octauo
634 2894 834 2963 quaestionum.
861 2893 891 2949 Si
908 2911 958 2964 pro
975 2911 1031 2952 uno
1049 2911 1096 2952 reo
1114 2896 1269 2952 intercessit
1286 2895 1390 2967 mulier,
1409 2895 1543 2951 aduersus
1561 2887 1721 2979 Q
1739 2903 1759 2957 s

284 2988 429 3053 ntnrmque
446 2982 598 3037 restituitur
616 2983 688 3038 actio
706 2982 842 3038 creditori.
1739 2999 1766 3038 re

226 3075 263 3132 21
337 3072 561 3128 (immersurus
584 3070 653 3126 libro
671 3071 752 3126 tertio
769 3071 980 3128 institutionum.
1014 3071 1044 3128 Si
1060 3089 1110 3143 pro
1129 3073 1220 3143 aliquo
1237 3073 1334 3128 mulier
1350 3071 1543 3140 intercesserit,
1563 3063 1758 3153 [ποῇς

283 3161 379 3216 sedin
397 3175 453 3214 rem
472 3160 532 3214 eius
549 3159 624 3229 quod
642 3165 786 3229 acceptum
805 3165 848 3214 est
864 3166 1028 3232 ueneratur,
1047 3162 1173 3232 exceptio
1191 3165 1303 3216 mantus
1322 3161 1439 3216 consulti
1456 3161 1546 3216 locum
1560 3159 1721 3230 nonhabet,

251 3263 262 3308 1
283 3249 349 3319 qnia
365 3263 419 3304 uon
438 3245 469 3302 lit
486 3249 641 3318 pauperior.
667 3249 739 3303 Item
756 3248 780 3302 si
798 3248 865 3317 quid
875 3248 1022 3306 liberaliter
1033 3248 1137 3320 iecerit,
1155 3249 1436 3306 uslauseinmmms
1447 3253 1526 3318 pater
1537 3249 1597 3304 eius
1608 3253 1722 3318 propter

283 3338 446 3392 solutionem
464 3341 587 3406 uexatur,
606 3353 661 3392 nou
679 3337 732 3391 erit
748 3340 810 3391 tuta
827 3342 939 3393 senatus
957 3339 1095 3394 consulte:
1114 3337 1242 3394 oneribus
1260 3339 1333 3394 enim
1345 3353 1439 3392 earum
1451 3341 1564 3394 senatus
1575 3337 1720 3392 succurrit.
1738 3353 1765 3393 rr

227 3429 265 3486 22
336 3426 456 3480 Parrus
473 3423 542 3480 libro
559 3429 638 3480 sexto
656 3425 821 3494 regularum.
847 3424 877 3480 si
895 3427 1001 3481 mulieri
1019 3427 1141 3482 dederim
1158 3427 1312 3496 pecuniam,
1331 3430 1363 3481 ut
1379 3441 1441 3481 eam
1457 3426 1544 3481 orodi·
1562 3421 1756 3510 [etQ-ees

283 3513 336 3568 tori
354 3527 417 3568 meo
435 3512 525 3568 soluat
541 3513 586 3568 uel
604 3513 788 3582 expromittat,
807 3514 831 3568 si
848 3528 883 3568 ea
900 3515 1097 3585 expromiserit,
1115 3516 1205 3570 locum
1223 3530 1278 3570 non
1296 3529 1358 3570 esse
1376 3520 1489 3570 semus
1503 3517 1630 3571 consulto
1641 3517 1721 3571 Pom·

283 3602 382 3672 penius
400 3599 503 3670 scribit,
521 3602 586 3670 quia
605 3588 726 3656 mandati
743 3601 851 3656 actione
868 3601 991 3672 obligata
1008 3604 1036 3658 in
1053 3619 1110 3658 rem
1129 3619 1207 3658 suam
1225 3603 1334 3660 uidetur
1351 3602 1476 3672 obligari.

227 3694 265 3752 23
336 3690 414 3744 insu
431 3688 500 3744 libro
518 3690 650 3758 singulari
667 3689 704 3744 ad
721 3694 834 3745 senatus
852 3693 1006 3748 consultum
1018 3692 1196 3748 Uelleianum.
1224 3691 1254 3748 Si
1272 3691 1368 3746 mulier
1384 3691 1413 3746 in
1431 3692 1490 3746 iure
1504 3691 1543 3746 iu·
1575 3701 1755 3760 uestem

282 3781 423 3847 terrogata
439 3777 611 3848 responderit
628 3793 659 3832 se
676 3777 806 3833 heredem
825 3793 895 3849 esse,
913 3780 937 3834 si
955 3781 1045 3836 sciens
1063 3795 1094 3836 se
1111 3780 1239 3836 heredem
1258 3795 1313 3835 nou
1331 3794 1392 3834 osse
1410 3767 1721 3850 responderitJminiTe

283 3865 471 3922 mterceaslsse
493 3866 593 3938 uideri,
616 3865 682 3938 quia
704 3865 826 3937 decepit:
849 3867 923 3937 quod
945 3869 970 3924 si
991 3869 1161 3926 existimauit
1184 3885 1215 3926 se
1231 3869 1360 3926 heredem
1378 3873 1408 3924 et
1424 3883 1458 3924 eo
1476 3869 1586 3924 nomine
1604 3869 1721 3940 decepta
1737 3887 1763 3927 rr

282 4006 446 4079 F[P(Vu)]

284 4235 863 4310 1est...2damuumom.F¹,des.P¹V·
899 4238 974 4293 6he-
1027 4239 1095 4294 haee
1104 4237 1234 4309 obligatio
1244 4239 1334 4294 F’PU
1366 4242 1399 4295 21
1413 4238 1573 4294 solueritP·
1611 4241 1720 4294 tuente

283 4305 488 4360 red‘itat'emrl
520 4307 855 4364 lheredituii‘s'solu.F⁸
885 4311 974 4364 ticum
1028 4311 1164 4379 coluerim]
1198 4311 1303 4366 elterlm
1334 4312 1371 4364 1³1
1396 4313 1400 4376 Ι
1425 4309 1544 4379 quidem]
1578 4309 1654 4379 quod
1682 4311 1720 4364 P·

283 4377 437 4447 propterea]
448 4384 590 4448 praeterea
599 4380 648 4443 P0,
657 4385 803 4448 propterea
811 4379 881 4434 P⁶U
892 4384 897 4448 1
912 4397 973 4449 par·
1028 4383 1063 4436 24
1080 4383 1158 4450 isses]
1179 4397 1255 4436 esses
1272 4383 1314 4436 P·
1366 4383 1400 4436 26
1419 4382 1498 4451 quae]
1518 4395 1601 4451 quem
1620 4377 1719 4438 Puri

283 4463 350 4502 uum
373 4448 501 4504 idoneum
524 4451 570 4515 Pr,
593 4456 702 4518 partum
725 4451 823 4506 idonee
848 4451 882 4504 U·
902 4455 907 4518 Ι
927 4465 973 4506 no·
1027 4468 1082 4507 uon
1104 4459 1179 4506 recte
1202 4453 1353 4520 comparari
1378 4453 1425 4522 ait]
1449 4453 1537 4506 uideri
1555 4457 1630 4507 recte
1648 4467 1720 4506 eom·

283 4519 376 4572 *mina
393 4517 430 4571 F*
485 4521 519 4574 10
542 4520 680 4575 uideretur
697 4523 737 4574 P·
791 4523 823 4576 11
845 4523 933 4590 possit
951 4523 978 4576 P
1027 4525 1136 4592 parauit
1154 4525 1194 4576 Ρ·
1241 4525 1276 4577 29
1294 4523 1479 4578 intercesserit
1496 4523 1553 4578 PV
1593 4523 1631 4577 34
1648 4523 1720 4576 solu·

285 4590 319 4643 12
337 4588 519 4645 intercederet
536 4592 606 4646 uelle
624 4591 661 4644 P·
709 4594 743 4647 13
761 4593 912 4647 soluturam
924 4593 972 4657 Pr,
1026 4594 1555 4662 tioneP01uexetu11F1,uexereun
1573 4594 1618 4658 Γ),
1636 4607 1720 4648 uexar

283 4660 434 4715 soluturum
456 4661 490 4715 U·
544 4663 578 4716 14
602 4663 654 4732 me]
678 4666 707 4718 et
726 4663 818 4729 P⁶Vl
838 4664 904 4732 qnia
927 4663 973 4734 ad]
1026 4671 1101 4719 retur
1125 4665 1207 4719 PVU
1227 4667 1232 4732 l
1256 4679 1351 4719 eorum
1378 4665 1495 4719 F’Pru·
1553 4663 1720 4718 dedederit

283 4732 330 4800 qui
348 4731 385 4786 ad
403 4732 449 4797 P0,
467 4732 542 4800 quod
559 4732 594 4786 ad
612 4733 653 4786 1³⁴
699 4734 733 4787 15
750 4733 867 4788 habeam
885 4735 972 4799 P·Vl
1026 4735 1104 4789 P=u⁰
1152 4737 1187 4790 36
1205 4751 1240 4789 ea
1257 4755 1305 4789 aar.
1320 4735 1399 4789 PVU
1444 4736 1479 4790 31
1498 4735 1635 4790 actionem
1653 4734 1719 4788 obli·

283 4801 422 4872 promisi't'
439 4803 477 4856 F’
497 4806 501 4870 Ι
520 4803 544 4857 si
562 4819 622 4858 eam
642 4805 795 4874 pecuniam]
813 4820 874 4859 eam
891 4820 973 4874 pecu·
1026 4811 1119 4876 gatam
1132 4807 1179 4870 1²⁰,
1192 4807 1327 4860 actionem
1340 4806 1462 4876 obligate
1476 4805 1510 4859 U·
1544 4803 1725 4860 ueuhm‘l‘u

283 4873 356 4928 niam
375 4874 398 4928 si
416 4875 456 4928 P·
505 4875 539 4928 16
557 4878 634 4943 petat
650 4874 691 4928 P·
706 4878 711 4941 Ι
727 4881 839 4930 mustus
857 4877 974 4931 consulti
1026 4877 1061 4932 39
1073 4877 1115 4930 *si*
1127 4878 1217 4932 sciens
1229 4877 1276 4942 1²¹,
1295 4886 1344 4934 tac.
1356 4877 1391 4932 U·
1423 4876 1544 4947 sequa]
1558 4877 1606 4946 qui
1619 4874 1717 4936 W!

283 4943 309 4998 ei
327 4944 421 5013 presit]
441 4949 554 5000 mustus
573 4946 599 5000 ei
617 4948 662 5008 (eo
677 4946 722 5012 γ’)
739 4946 972 5015 promisitP·V⁰l
1027 4947 1069 5017 eo]
1088 4949 1117 5002 iu
1135 4961 1168 5004 eo
1186 4949 1228 5002 P·

282 5029 338 5070 non
350 5033 399 5070 om.
408 5015 448 5070 P·
484 5017 518 5071 18
530 5017 574 5086 ue]
588 5021 620 5070 ut
631 5016 672 5069 P·
707 5018 743 5072 20
754 5017 824 5072 haec
834 5017 917 5086 aetio]
928 5017 973 5083 Ρ,
