3804 5556
159 307 270 354 aromo
840 285 898 366 65
1395 293 1424 362 11
1450 297 1490 364 14
1509 303 1587 358 r-r

158 445 285 514 praetoria
303 443 509 514 pertinentrhnr,
528 459 599 514 quae
617 461 672 500 non
691 445 726 500 ad
744 443 880 515 publicam
899 445 1055 516 laesionem,
1074 445 1123 501 sed
1143 445 1179 500 ad
1190 461 1247 502 rem
1259 445 1418 506 familiarem
1430 451 1586 522 respiciunt,

119 543 142 589 ιο
157 533 253 603 pacisci
271 533 350 588 licet:
367 547 430 588 nam
449 538 477 588 et
495 533 530 588 de
548 532 621 589 iurto
639 535 741 604 pacisci
758 535 803 590 lex
821 535 961 604 permittit
995 533 1050 590 Sed
1070 539 1099 590 et
1116 535 1139 589 sl
1157 536 1218 604 quis
1235 537 1398 610 paciscatur,
1417 555 1451 595 ue
1469 538 1587 610 depositi

157 627 228 691 agat,
252 621 405 676 seeundum
423 622 602 692 Pomponium
624 624 698 678 ualet
716 629 835 693 paetum.
873 627 937 680 item
957 623 1059 694 siquis
1077 628 1175 693 pactus
1193 624 1242 696 sit,
1267 630 1298 681 nt
1316 641 1350 682 ex
1367 643 1452 684 causa
1469 628 1587 699 depositi

156 725 231 764 omne
249 711 401 780 periculum
419 717 553 781 praestet,
571 713 737 782 Pomponius
756 713 795 768 ait
812 713 966 784 pactionem
984 711 1076 768 meiere
1095 727 1145 768 neo
1168 715 1246 782 quasi
1270 720 1365 771 conus
1388 717 1454 772 iuris
1472 714 1587 773 sormam

117 809 141 854 lt
156 797 251 854 lacum
276 813 332 854 non
356 815 418 855 esse
436 800 607 856 seruandam.
636 801 671 855 lit
689 801 851 870 generaliter
869 801 995 871 quotiens
1012 805 1123 871 pactum
1142 801 1228 858 aiore
1240 804 1375 859 communi
1388 810 1522 860 remotum
1536 810 1619 874 est,s

155 888 254 942 seruari
272 887 392 942 hocnon
404 895 526 959 oportet:
544 905 595 944 neo
607 889 701 958 legari,
719 903 771 944 nec
789 889 975 946 iusiurandum
994 890 1028 944 de
1039 890 1092 945 hoc
1104 889 1248 946 adactum¹
1268 905 1302 946 ne
1320 893 1381 961 quie
1400 899 1465 964 agat
1477 909 1586 949 seruan-

155 975 215 1030 dum
233 975 380 1032 liar-celius
397 975 466 1032 lrlrro
484 978 605 1034 secundo
622 978 790 1048 digestorum
809 977 916 1034 sorrlrit:
939 983 967 1033 et
984 979 1008 1033 si
1025 979 1165 1048 stipulatio
1184 979 1220 1034 sit
1237 980 1398 1050 interposita
1415 981 1450 1036 de
1467 982 1518 1052 his,
1536 997 1586 1053 pro

115 1074 139 1118 Π
154 1063 250 1134 thus
272 1065 377 1135 pacisci
401 1081 455 1121 non
479 1067 553 1135 licet,
578 1065 713 1122 seruanda
735 1082 790 1123 non
808 1071 864 1135 est,
889 1065 938 1122 sed
956 1067 1112 1122 omnimodo
1130 1067 1319 1124 rescindenda
1356 1069 1385 1126 Si
1403 1075 1467 1126 ante
1486 1070 1586 1126 aditam

153 1152 330 1208 hereditatem
355 1156 510 1225 paciscatur
531 1155 592 1224 quis
616 1170 677 1210 cum
698 1153 707 1226 ll
727 1155 906 1212 oreditonlrus
926 1161 957 1210 ut
974 1156 1063 1210 minus
1082 1156 1217 1224 soluatur,
1241 1161 1352 1228 pactum
1371 1159 1517 1215 ualiturum
1535 1165 1586 1214 eet
1606 1167 1622 1213 i.
1634 1163 1670 1213 4⁸¹

113 1249 137 1296 tt
152 1241 205 1296 Sed
223 1244 246 1297 si
265 1259 365 1298 seruus
383 1245 431 1312 ait,
450 1241 496 1313 qui
515 1245 674 1316 paciscitur,
692 1245 851 1316 priusquam
869 1243 1021 1299 libertatem
1040 1249 1069 1300 et
1087 1243 1264 1300 hereditatem
1283 1247 1434 1316 apisoatnr,
1453 1249 1518 1318 quia
1535 1247 1587 1302 aub
1608 1261 1635 1300 rc

152 1329 312 1386 condicione
329 1331 409 1387 heres
427 1333 545 1402 scriptus
563 1331 665 1402 iuerat,
685 1349 738 1388 non
757 1331 928 1403 profuturum
945 1337 1056 1402 pactum
1075 1332 1190 1389 Uindius
1209 1333 1315 1390 scribit:
1334 1335 1477 1390 llaroellus
1495 1341 1586 1391 antem

151 1418 217 1474 libro
240 1427 343 1475 octauo
366 1419 472 1477 decimo
496 1421 663 1491 digestorum
687 1428 716 1478 et
739 1437 818 1477 sunm
842 1421 970 1476 heredem
993 1427 1021 1476 et
1044 1436 1153 1476 seruum
1175 1423 1357 1478 necemarlnm
1376 1437 1444 1494 pure
1462 1425 1586 1494 scriptos,

151 1509 323 1577 paciscentes
341 1509 498 1579 priusquam
517 1524 547 1564 ae
565 1510 737 1566 immisceant
753 1515 834 1581 putat
851 1517 924 1566 recte
942 1510 1053 1581 paciaci,
1073 1509 1147 1581 quod
1165 1525 1259 1566 uerum
1278 1516 1329 1566 eet.
1357 1511 1429 1567 idem
1448 1517 1477 1567 et
1494 1513 1522 1568 in
1541 1527 1586 1568 ex·

151 1605 243 1652 maneo
261 1597 379 1654 herede:
403 1599 449 1668 qui
467 1599 491 1654 si
510 1599 640 1654 mandatu
659 1599 822 1654 creditorum
840 1599 945 1668 adierit,
965 1600 1047 1654 edam
1067 1597 1187 1653 mandati
1205 1603 1286 1668 putat
1303 1615 1365 1654 eum
1383 1600 1486 1656 habere
1504 1601 1586 1656 actio-

152 1699 220 1740 nem.
253 1686 305 1740 sed
324 1687 436 1757 siquis,
455 1692 587 1758 utsupra
605 1688 772 1756 rettulimus,
794 1687 822 1743 in
839 1689 971 1743 seruitute
988 1693 1087 1758 pactus
1104 1691 1160 1756 est,
1179 1693 1264 1756 negat
1281 1687 1437 1758 Marcellus,
1457 1691 1586 1759 quoniam
1608 1701 1635 1741 ιο

152 1789 203 1828 non
220 1775 294 1830 solet
311 1776 337 1829 ei
355 1774 500 1846 prolicere,
519 1777 542 1832 sl
561 1775 626 1846 qnid
644 1777 672 1830 in
690 1777 821 1832 seruitute
839 1777 908 1846 egit,
927 1783 990 1846 post
1007 1775 1174 1832 libertatem:
1198 1775 1271 1845 quod
1288 1775 1317 1830 in
1335 1777 1408 1847 pacti
1427 1779 1587 1846 exceptione

151 1863 350 1919 admittendum
368 1871 419 1920 est
447 1865 497 1920 sed
515 1881 550 1920 an
568 1866 612 1920 uel
630 1865 685 1920 doli
703 1865 728 1920 ei
747 1865 833 1935 prosit
851 1865 984 1936 exceptio,
1003 1865 1149 1935 quaeritrrr.
1176 1863 1320 1920 Marcellus
1338 1865 1365 1920 in
1382 1865 1515 1921 similibus
1527 1881 1587 1936 spe

152 1951 243 2008 ciebus
261 1953 328 2008 licet
346 1958 427 2008 antea
445 1953 588 2023 dubitauit,
606 1958 698 2008 tamen
716 1953 838 2008 admisit:
858 1961 888 2010 ut
900 1961 968 2025 puta
979 1953 1050 2010 lilius
1063 1951 1179 2008 familias
1192 1952 1271 2008 heres
1283 1954 1424 2009 institutus
1436 1960 1533 2024 pactus
1546 1960 1588 2010 est

153 2057 210 2095 cum
229 2041 413 2097 oreditoribus
431 2047 459 2098 et
476 2042 664 2112 emancipatus
682 2041 749 2097 adiit
766 2042 956 2099 hereditatem:
976 2051 1004 2098 et
1022 2041 1088 2098 dicit
1106 2041 1161 2098 doli
1179 2057 1242 2096 eum
1260 2057 1342 2112 posse
1360 2043 1399 2098 uti
1418 2043 1586 2113 exceptione.

152 2129 220 2184 idern
239 2129 349 2200 probat,
367 2137 396 2186 et
414 2131 436 2186 si
455 2129 526 2186 tilius
544 2131 609 2186 uiuo
627 2135 705 2201 patre
723 2145 784 2186 cum
803 2131 982 2188 oreditoribus
999 2131 1121 2202 paternis
1139 2135 1236 2200 pactus
1254 2131 1304 2185 sit:
1327 2147 1391 2186 nam
1415 2137 1443 2186 et
1466 2131 1510 2187 hic
1533 2131 1588 2187 doli
1607 2142 1635 2183 ro

112 2225 137 2272 19
152 2221 341 2289 exceptionem
359 2217 536 2289 profuturam.
563 2221 647 2274 immo
665 2223 693 2274 et
711 2219 738 2274 iu
756 2234 836 2275 οοηιο
855 2219 909 2276 doli
928 2221 1053 2291 exceptio
1071 2234 1125 2274 non
1144 2225 1187 2274 est
1204 2219 1367 2289 respuenda
1394 2219 1483 2274 Hodie
1496 2225 1587 2275 tamen

151 2309 189 2361 ita
206 2307 319 2362 demum
338 2308 431 2377 pactio
448 2307 603 2363 huiusmodi
621 2307 801 2362 oreditoribus
818 2307 912 2377 obest,
937 2309 961 2364 si
979 2309 1157 2364 conuenerint
1174 2307 1202 2362 ln
1220 2319 1305 2363 unum
1324 2313 1352 2364 et
1369 2308 1506 2364 communi
1525 2323 1587 2364 cou-

152 2411 231 2451 sensu
257 2395 471 2465 demereamini,
495 2401 580 2466 quota
601 2403 680 2466 perte
703 2395 789 2451 debiti
812 2397 932 2452 contenti
954 2398 1021 2452 sint:
1046 2398 1069 2452 si
1087 2411 1153 2452 uero
1171 2395 1348 2467 dissentiant,
1371 2403 1437 2452 tunc
1452 2397 1588 2467 praetoria

151 2489 241 2554 partes
259 2484 434 2542 necessariae
452 2491 524 2554 sunt,
543 2487 590 2556 qui
608 2485 719 2540 decreto
737 2499 787 2540 suo
806 2489 936 2554 sequetur
954 2486 1064 2542 maioris
1082 2485 1168 2556 partis
1185 2483 1363 2540 uoluntatem.
1607 2495 1637 2537 aa

121 2569 137 2626 8
202 2573 387 2628 Parnomreus
405 2570 473 2627 libro
491 2572 598 2629 decimo
615 2588 815 2644 responsorum.
842 2573 971 2630 llaiorem
990 2579 1168 2644 eesepartem
1181 2587 1231 2644 pro
1244 2571 1326 2628 modo
1338 2571 1431 2642 debiti,
1451 2565 1589 2657 [Q
1608 2577 1650 2632 'P

153 2675 204 2716 non
221 2677 273 2731 pro
291 2675 406 2716 numero
424 2675 603 2732 personamm
621 2663 731 2733 placuit
760 2663 833 2732 quod
852 2663 875 2718 si
893 2664 1021 2733 aequales
1039 2663 1139 2718 sintin
1157 2661 1265 2716 onmrdo
1280 2659 1374 2730 debiti,
1393 2665 1459 2716 tuno
1470 2663 1587 2732 plurium

154 2765 281 2805 numerus
299 2749 464 2806 creditorum
481 2749 677 2820 praeferendus
695 2756 746 2806 est
773 2751 800 2806 ln
819 2767 933 2806 numero
951 2757 1043 2807 autem
1061 2751 1120 2821 pari
1138 2749 1303 2805 creditorum
1321 2749 1512 2806 auctoritatem
1529 2751 1588 2806 eius

153 2845 281 2908 sequetur
303 2843 427 2908 praetor,
451 2839 497 2909 qui
520 2837 653 2910 dignitate
676 2840 747 2895 inter
770 2855 818 2896 eos
840 2839 989 2910 praecellit.
1026 2840 1068 2896 sin
1092 2843 1183 2894 autem
1207 2838 1299 2894 omnia
1320 2837 1441 2908 undique
1459 2839 1487 2894 in
1505 2853 1587 2894 unam

154 2927 346 2996 aeqnditatem
370 2931 546 2997 concurrant,
567 2926 711 2984 humanior
732 2928 868 2984 renuntia
890 2942 908 2983 a
930 2933 1057 2999 praetore
1080 2926 1207 2998 ehgenda
1229 2931 1280 2984 est
1316 2926 1368 2982 hoc
1388 2927 1459 2982 enirn
1478 2941 1513 2982 ex
1531 2926 1588 2982 diui

154 3015 233 3070 liarci
252 3017 388 3086 rescripto
406 3017 497 3086 colligi
513 3021 614 3087 potest.
1607 3027 1636 3068 ao

123 3101 138 3159 9
203 3105 327 3160 Patruus
349 3103 418 3160 libro
441 3103 632 3174 sexagensimo
655 3102 776 3160 monndo
800 3103 836 3159 ad
858 3105 986 3160 edictum.
1023 3102 1052 3158 Si
1071 3104 1162 3174 plnres
1180 3103 1236 3158 sint
1252 3102 1299 3172 qui
1318 3101 1431 3158 eandem
1451 3095 1588 3186 Q
1621 3109 1659 3162 li·

154 3193 287 3248 actionem
307 3191 417 3262 habent,
435 3193 517 3248 unius
534 3193 594 3248 loco
612 3191 754 3248 habentur.
791 3199 822 3248 nt
833 3194 1003 3264 putaplures
1015 3197 1079 3246 sunt
1096 3191 1136 3247 rel
1155 3189 1303 3262 stipulandi
1320 3192 1364 3246 uel
1382 3191 1473 3262 plures
1492 3205 1587 3260 argen-

154 3282 224 3352 tarii,
244 3297 362 3353 quonam
380 3281 491 3336 nomina
508 3281 588 3336 simul
606 3279 773 3337 factasunt:
794 3281 875 3337 unius
892 3282 952 3337 loco
970 3280 1192 3348 numerabuntur,
1211 3279 1275 3350 quia
1293 3295 1376 3335 nuum
1395 3278 1517 3334 debitum
1535 3283 1587 3334 eet.

154 3375 181 3424 et
201 3385 264 3426 cum
288 3375 395 3426 tutores
417 3369 512 3440 pupllll
536 3369 677 3426 creditoris
694 3370 786 3440 plures
805 3369 1010 3438 conuenissent,
1035 3369 1116 3424 unius
1133 3369 1194 3424 looo
1212 3373 1401 3437 numerantur,
1426 3367 1491 3437 quia
1507 3367 1588 3424 unius

154 3459 245 3529 pupilli
270 3459 382 3514 nomine
399 3463 591 3514 conuenerant
627 3473 750 3514 necnon
768 3463 797 3512 et
814 3473 884 3512 unus
902 3463 977 3514 tutor
994 3457 1112 3527 plurium
1130 3457 1294 3528 pupillorum
1312 3457 1421 3512 nomine
1439 3471 1522 3512 unum
1541 3453 1587 3510 de-
1607 3471 1635 3513 rs

155 3545 237 3602 bitum
255 3546 494 3618 praetendentium
513 3547 536 3602 si
554 3546 719 3615 conuenerit,
738 3545 841 3616 placuit
851 3546 932 3601 unius
944 3546 1005 3602 loeo
1018 3561 1088 3601 case.
1115 3561 1178 3601 nam
1191 3541 1301 3600 difficile
1313 3550 1364 3614 est,
1382 3549 1495 3600 utonna
1506 3543 1588 3600 homo

155 3633 266 3690 duorum
285 3635 376 3690 uicem
394 3635 536 3690 sustineat
567 3650 630 3690 nam
648 3649 699 3690 nec
717 3635 749 3705 is,
768 3635 814 3704 qni
831 3635 924 3704 plures
942 3635 1064 3690 cotiones
1081 3632 1176 3704 habet,
1200 3634 1334 3690 aduersus
1351 3648 1423 3703 oum,
1441 3632 1488 3703 qui
1505 3647 1587 3688 unam

157 3733 277 3802 FPlVU)

156 3865 403 4004 Quium..
422 3865 560 3934 adactum]
583 3871 706 3920 amunta
729 3867 778 3920 tale
801 3865 864 3936 quid
885 3872 1008 3936 requirit:
1031 3879 1083 3920 neo
1106 3863 1141 3920 de
1164 3878 1249 3920 aare
1273 3861 1460 3920 insimandum
1484 3861 1512 3916 in
1525 3860 1588 3916 .hoc

251 3953 279 3992 m
309 3958 364 3991 u..

155 4059 291 4116 domnum
302 4060 342 4112 Ρ1
356 4061 361 4128 1
376 4059 436 4128 uec]
450 4073 485 4113 ue
495 4059 535 4112 P·
579 4057 766 4127 tineclegeri]
781 4057 844 4119 oit'e
899 4058 932 4113 ll
951 4057 976 4112 ei
989 4077 1037 4112 om.
1046 4057 1119 4126 Pl'l
1134 4057 1222 4128 prosit
1234 4056 1332 4110 cmP‘
1371 4057 1405 4112 18
1417 4053 1586 4124 untePVUl

157 4131 303 4194 lsrareierrr
322 4131 361 4196 B,
386 4130 448 4192 οῩτε
472 4129 651 4194 luperciacum
671 4129 776 4189 hirtam
796 4128 846 4182 BS
897 4125 1104 4184 hert⁴dibu's1¹'
1152 4129 1186 4184 19
1203 4125 1262 4184 e‘t't
1279 4141 1332 4182 em.
1352 4127 1385 4192 F,
1408 4141 1460 4181 om.
1479 4125 1588 4192 (omui)

158 4203 165 4264 (
220 4205 237 4268 .)
251 4202 359 4274 peu,
384 4201 446 4263 οῨτε
469 4201 650 4266 tusareiccoai
675 4219 696 4252 rr
721 4198 843 4261 τοιοῨῐοκ
897 4199 973 4268 PU!
994 4199 1079 4254 adit*
1096 4199 1134 4252 F*
1154 4199 1158 4266 Ι
1180 4198 1368 4268 exceptionem
1387 4197 1426 4251 P·
1478 4197 1514 4252 20
1534 4193 1587 4266 hio]

158 4271 182 4324 Β
210 4272 429 4345 (supt)p.574.·
443 4279 572 4327 esttamen
581 4277 844 4344 omnisocomptam,
900 4271 934 4322 ΡΙ
953 4291 1009 4325 euru
1030 4269 1079 4324 BS
1102 4269 1225 4340 (Stsph.):
1252 4269 1290 4323 sai
1316 4267 1428 4329 'caraios
1506 4266 1588 4330 adeor

158 4361 307 4468 mern
324 4343 387 4414 prud
403 4343 484 4398 sudati
501 4361 573 4397 nemo
591 4341 675 4396 adduc
694 4349 795 4406 inuenit,
814 4359 845 4395 ne
899 4339 1117 4466 ...effugatis
1128 4338 1199 4408 οῩτῷ
1209 4341 1315 4394 hiemem
1327 4339 1515 4410 dhitpuelhoc,
1526 4337 1589 4394 huic

187 4432 231 4466 are

299 4415 399 4484 quidm
422 4415 482 4468 dum
506 4413 585 4468 amit
607 4419 682 4466 iuuit
704 4409 844 4482 allegari!
899 4411 964 4466 F’P
1048 4411 1224 4482 lexoeptro*
1237 4411 1275 4464 Ρ
1310 4411 1345 4466 22
1362 4409 1589 4474 conuenirintffl,

159 4481 199 4552 de]
217 4499 251 4538 ne
271 4485 310 4538 P·
331 4485 335 4552 Ι
354 4485 415 4554 quis
433 4483 469 4538 ad
541 4489 718 4538 tresorum
736 4484 788 4538 aid.
807 4483 845 4535 P*
899 4487 1085 4537 conuenerunt
1106 4481 1147 4550 Ul
1168 4486 1301 4538 consentu
1318 4481 1355 4534 ΡΙ
1409 4481 1444 4536 23
1462 4485 1520 4536 tum
1538 4479 1586 4550 ΡΙ

160 4555 253 4609 dante
272 4575 320 4609 em.
335 4555 370 4608 F¹
424 4556 474 4609 9ο
525 4552 764 4621 'toribus'a'utFl
779 4552 845 4609 bali·
898 4555 934 4609 25
943 4553 1114 4624 papinianus]
1124 4553 1208 4608 Foam
1218 4553 1252 4618 B,
1264 4552 1362 4623 paulus
1371 4551 1453 4606 PVU
1484 4551 1519 4606 26
1530 4550 1587 4620 plu-

159 4629 245 4680 turum
269 4627 294 4679 F
348 4627 382 4680 10
404 4639 513 4680 seruum
538 4627 578 4679 P·
597 4625 602 4692 l
622 4623 846 4748 pacisciturkr'i',
899 4625 983 4680 rimus
1006 4624 1046 4677 P·
1099 4624 1280 4694 assequitur
1302 4623 1352 4690 ΡΙ
1370 4622 1459 4677 *inter
1481 4621 1519 4673 F*
1538 4621 1544 4688 1
1565 4621 1589 4675 si

160 4695 477 4767 pmcimrttpaciscatur
486 4696 539 4750 VU
551 4698 556 4764 Ι
572 4695 769 4770 adipiscaturs
795 4693 849 4748 VU
898 4699 989 4751 autem
1013 4693 1041 4747 P
1089 4693 1124 4748 29
1145 4695 1311 4765 aequitatem
1335 4693 1417 4748 PVU
1434 4693 1438 4760 Ι
1458 4699 1493 4747 ἰ’
1508 4705 1587 4776 prae-

163 4766 192 4820 11
209 4767 325 4838 scriptus
404 4767 514 4822 nindius
533 4767 628 4821 crull
645 4767 650 4834 Ι
666 4781 720 4821 non
733 4763 843 4836 pretet]
898 4773 957 4822 tore
975 4765 1012 4818 Ρ
1064 4765 1097 4820 31
1120 4765 1311 4834 sexagensimo
1329 4763 1459 4833 seeundo]
1478 4763 1515 4816 uir
1539 4762 1587 4832 ΡΙ

162 4837 338 4905 proiectumm
352 4840 391 4892 P·
426 4837 585 4893 lucerino
604 4836 716 4892 om.PU
750 4838 785 4892 13
796 4836 844 4890 irn-
898 4837 972 4892 sint
998 4835 1035 4888 F’
1099 4835 1135 4890 33
1162 4835 1285 4891 deditum
1311 4835 1350 4888 F’
1411 4835 1447 4889 34
1473 4832 1587 4888 credito-

163 4907 321 4964 m‘o'isceant
339 4910 380 4978 ΡΙ
447 4909 514 4964 iser
532 4907 590 4976 Fll
611 4907 685 4977 quod
703 4912 733 4963 et
749 4923 845 4964 norum
898 4907 945 4994 rial
966 4905 1084 4962 crederis
1103 4905 1131 4960 P
1179 4907 1215 4963 35
1237 4903 1342 4962 un'n'ua
1360 4906 1387 4958 F
1433 4905 1468 4960 36
1490 4917 1588 4959 oonue

163 4979 240 5033 sstP
277 4979 755 5046 ldmauatoPVUlcrsditorum
773 4977 843 5045 F'll
899 4977 1004 5034 neu'rit
1027 4977 1053 5030 F
1104 4977 1193 5048 dipl.
1218 4983 1271 5033 aet
1293 4976 1394 5032 habeat
1416 4974 1529 5043 (habet
1553 4973 1589 5042 P)

164 5050 249 5120 etiuch
273 5053 354 5107 etiam
379 5051 403 5107 si
431 5051 469 5105 1³⁶
530 5051 563 5106 16
592 5051 782 5121 exceptionem
807 5049 846 5104 P'
901 5049 968 5104 ΡΠ
1498 5065 1501 5076 ·

1359 5137 1376 5190 ὁ
