3782 5544
164 297 256 346 uano
770 261 772 266 ’
845 273 927 352 121
1408 279 1466 348 IIII
1488 283 1602 348 3⁷-e

134 435 226 490 edum
251 435 370 506 aceedit,
398 437 423 492 sl
443 433 589 506 possidens
611 435 807 506 proprietarius
829 435 943 506 occidit,
969 435 1087 506 ideoque
1109 442 1202 494 cessat
1224 433 1259 492 de
1283 434 1347 493 dolo
1370 438 1451 492 aedo.
1486 437 1557 494 Item
1578 439 1602 494 si

163 539 273 579 acuum
295 525 418 594 legatum
440 523 521 580 bores
544 529 608 580 ante
632 524 734 580 aditam
755 523 935 580 hereditatem
958 526 1101 596 occiderit,
1125 525 1252 596 quoniam
1274 525 1433 596 priusquam
1454 523 1544 582 iactas
1566 528 1603 584 sit

162 613 301 682 legatarii,
325 615 507 684 interemptus
530 619 586 684 est,
609 618 702 669 oessst
724 613 794 683 legis
810 613 938 684 Aquiliae
961 614 1047 670 actio:
1072 614 1107 668 de
1131 613 1195 670 dolo
1213 618 1303 670 autem
1322 615 1407 684 sodo,
1431 629 1602 686 quocumque

132 708 145 754 c
163 707 286 771 tempore
305 717 368 758 eum
387 703 531 772 occiderit,
550 707 649 772 cessat,
668 701 785 771 quises
803 706 969 758 wstameutc
987 703 1059 758 actio
1077 703 1222 772 competit·
1253 701 1283 758 Si
1301 701 1456 773 quadrupes
1474 708 1523 760 tua
1540 704 1603 760 dolo

162 791 275 846 alterius
293 791 423 847 &sunum
443 790 508 846 mibi
526 791 648 861 dederit,
672 791 824 860 quaeritur,
845 805 881 846 an
899 791 934 846 de
952 789 1015 846 dolo
1033 789 1149 846 habeam
1168 791 1301 846 aduersus
1319 805 1381 846 eum
1400 791 1544 848 audonem.
1575 797 1635 850 ets

161 879 266 950 plscuit
283 879 358 950 mibi,
378 879 452 949 quod
463 879 557 935 Labeo
575 879 677 948 scribit,
696 881 721 935 si
739 879 865 934 dominus
885 877 1070 950 quadrupedis
1088 895 1143 936 non
1161 880 1198 935 sit
1214 879 1355 950 soluendo,
1374 879 1434 936 duri
1451 881 1551 938 debere
1567 882 1604 938 de

131 967 233 1037 idolo,
251 969 381 1038 quamuis
399 969 423 1024 si
441 983 529 1023 noxae
548 968 651 1024 deditio
669 969 706 1023 sit
723 973 827 1036 secuta
845 983 900 1022 nou
917 973 985 1038 puto
1003 967 1121 1023 dandam
1141 983 1191 1023 neo
1209 969 1237 1024 iu
1254 967 1283 1023 id
1295 967 1370 1038 quod
1381 969 1498 1026 excedit
1525 969 1602 1026 Idem

160 1056 255 1112 Labeo
280 1058 401 1127 quaerit,
425 1058 450 1112 si
468 1057 651 1126 compeditum
669 1071 779 1112 mruum
799 1071 889 1111 meum
907 1061 939 1112 ut
956 1055 1065 1126 digeret
1082 1057 1209 1126 scideris,
1233 1071 1269 1112 au
1288 1056 1322 1112 de
1341 1055 1404 1112 dolo
1422 1057 1494 1115 actio
1512 1058 1604 1114 danda

161 1145 216 1199 sit?
247 1149 277 1200 et
295 1147 335 1200 ait
352 1145 470 1211 Quintus
487 1145 562 1216 apud
580 1159 643 1200 eum
660 1150 774 1202 notans:
797 1145 821 1200 si
839 1160 893 1200 non
909 1145 1096 1200 misericordis
1113 1145 1212 1202 ductus
1230 1143 1332 1216 iecisti,
1356 1143 1421 1201 furti
1439 1147 1555 1202 moeris:
1579 1147 1603 1202 si

130 1233 358 1302 emisericordia,
377 1234 405 1289 in
423 1232 526 1290 iactum
545 1234 679 1289 actionem
699 1233 758 1288 dari
776 1232 885 1288 debere.
913 1231 1016 1290 Seruus
1033 1233 1169 1303 pactionis
1186 1250 1236 1304 pro
1254 1234 1379 1290 libertate
1397 1249 1473 1290 reum
1492 1235 1603 1291 domiuo
1623 1248 1652 1289 ro

161 1321 239 1376 dedit
257 1337 293 1376 es
311 1321 480 1392 condicione,
498 1329 529 1378 ut
547 1328 611 1394 post
628 1321 783 1378 libertatem
802 1319 982 1378 uansieratur
999 1323 1028 1378 in
1047 1337 1110 1378 eum
1129 1321 1274 1392 obligatio:
1294 1324 1477 1380 manumissus
1489 1339 1544 1380 non
1555 1339 1603 1395 pa·

160 1411 228 1465 titur
245 1411 275 1466 in
294 1425 326 1465 se
343 1410 538 1480 obligationem
558 1410 705 1468 transferri.
734 1409 902 1480 Pomponius
920 1410 1015 1466 scribit
1032 1410 1122 1466 locum
1139 1410 1240 1466 babere
1258 1411 1293 1468 de
1307 1412 1371 1469 dolo
1382 1413 1526 1468 actionem.
1554 1410 1603 1468 sed

161 1500 255 1570 siper
272 1505 420 1570 patronum
438 1499 530 1570 stabit,
549 1515 604 1570 quo
623 1501 713 1555 minua
729 1498 860 1568 obligatio
873 1497 1060 1570 mausieratur,
1079 1499 1225 1556 dicendum
1237 1499 1276 1554 sit
1286 1505 1431 1570 patronum
1443 1499 1604 1569 exceptione

161 1605 178 1643 a
195 1603 244 1643 reo
263 1588 502 1644 summouendum.
529 1603 582 1659 ego
595 1603 721 1644 moneor:
739 1587 969 1657 quemadmodum
982 1588 1017 1644 de
1029 1587 1093 1644 dolo
1105 1589 1176 1644 actio
1189 1587 1307 1658 dabitur,
1325 1603 1388 1644 curn
1400 1589 1437 1644 sit
1448 1589 1502 1644 alia
1513 1587 1604 1644 aetio?

161 1677 214 1731 nisi
233 1675 306 1733 iorte
325 1677 387 1748 quis
405 1676 488 1746 dicat,
507 1679 635 1747 moniam
653 1675 815 1748 exceptione
833 1681 965 1746 patronus
983 1677 1150 1733 summoueri
1167 1682 1266 1747 potest,
1285 1677 1309 1732 si
1327 1681 1393 1746 agat
1407 1689 1537 1746 curares,
1557 1675 1604 1732 de·
1623 1687 1651 1732 re

162 1765 227 1822 bcre
245 1767 315 1836 dici,
338 1766 417 1836 quasi
434 1755 509 1821 nuda
526 1766 599 1820 actio
617 1765 653 1821 sit
670 1781 742 1836 quse
761 1762 772 1835 ΙΙ
791 1765 951 1835 exceptione
969 1765 1123 1836 repellitur,
1142 1765 1177 1820 de
1195 1766 1258 1822 dolo
1276 1765 1491 1822 decernendam:
1510 1765 1604 1834 atquin
1621 1773 1638 1822 l.
1650 1774 1680 1822 le

162 1859 296 1926 patronus
313 1861 381 1910 tunc
398 1859 593 1924 summouetuu
612 1854 635 1908 si
648 1854 716 1909 nolit
727 1855 956 1924 expromissorern
973 1853 1064 1923 ipsum
1082 1854 1279 1910 manumissum
1297 1855 1431 1924 accipere.
1455 1853 1603 1923 expromis-

163 1944 217 1998 sori
235 1943 320 2014 plane
338 1941 473 1998 aduenas
491 1943 689 1998 manumissum
707 1943 767 1998 dari
784 1942 896 1998 debebit
913 1942 1040 1999 dedolo:
1058 1947 1108 1997 ant
1118 1942 1143 1998 si
1155 1957 1209 1998 uon
1221 1942 1258 1998 sit
1268 1942 1400 1999 soluendo
1412 1942 1603 2012 expromissor,

131 2032 274 2088 adomino
297 2031 416 2087 dabitur.
454 2031 483 2086 Si
506 2031 570 2088 dolo
593 2033 665 2088 malo
688 2036 849 2102 procurator
869 2047 969 2102 passus
991 2031 1028 2086 sit
1044 2031 1155 2086 uincere
1173 2031 1360 2088 aduenarium
1379 2047 1484 2101 meum,
1507 2035 1540 2086 ut
1556 2029 1604 2085 ab·

163 2122 327 2191 solueretur,
346 2137 382 2176 au
400 2120 435 2176 de
453 2119 516 2176 dolo
536 2119 600 2176 mihi
619 2121 691 2177 actio
710 2121 844 2176 aduersus
861 2135 924 2176 eum
942 2119 989 2190 qui
1007 2119 1074 2175 uicit
1091 2125 1238 2190 competat,
1256 2125 1348 2190 potest
1365 2119 1467 2190 quaeri.
1495 2125 1524 2175 et
1537 2124 1604 2190 puto
1623 2131 1652 2176 sa

163 2225 218 2266 nou
235 2213 402 2281 competere,
421 2209 446 2264 si
463 2215 576 2280 paratus
595 2210 632 2264 sit
648 2223 713 2265 reus
731 2208 878 2265 transferre
896 2209 1027 2265 iudicium
1045 2207 1097 2263 sub
1114 2209 1275 2280 exceptione
1288 2209 1339 2264 bae
1352 2209 1384 2264 'si
1395 2209 1529 2264 culusum
1540 2207 1603 2264 eet':

163 2299 284 2367 alioquin
303 2299 338 2354 de
356 2298 420 2354 dolo
438 2298 510 2354 sedo
529 2298 581 2353 erit
598 2297 698 2368 danda,
718 2297 822 2352 scilicet
839 2299 864 2352 si
882 2312 944 2353 curn
963 2301 1139 2368 procuratore
1151 2297 1197 2366 agi
1208 2297 1372 2368 nonpossit,
1389 2297 1519 2367 quianon
1531 2302 1605 2352 esset

119 2391 147 2438 ιο
163 2386 306 2442 soluendo.
342 2386 421 2442 ldem
438 2387 605 2456 Pomponius
628 2385 713 2442 refert
730 2385 924 2442 Caecidianum
947 2390 1101 2457 praetorem
1125 2402 1180 2444 uon
1202 2385 1312 2442 dedisse
1335 2385 1371 2442 de
1388 2385 1451 2442 dolo
1469 2386 1604 2442 uodonem

163 2475 299 2532 aduersus
318 2491 394 2546 euru,
413 2476 460 2544 qui
479 2473 672 2530 adfirmauw
689 2475 817 2530 idoneum
836 2489 898 2530 esse
916 2489 993 2545 enm,
1012 2477 1057 2532 cui
1075 2479 1171 2532 mutus
1188 2472 1305 2545 pecnnia
1322 2472 1447 2544 dabaun,
1465 2473 1539 2545 quod
1556 2488 1603 2530 ue-

163 2581 223 2620 rum
242 2571 384 2620 astruam
402 2563 507 2620 nisiex
527 2579 629 2634 magua
646 2568 676 2618 et
693 2563 814 2620 euidenti
833 2563 980 2620 calliditate
997 2580 1053 2620 non
1071 2563 1154 2620 debet
1171 2563 1206 2619 de
1224 2563 1287 2620 dolo
1304 2564 1376 2620 actio
1394 2564 1462 2620 dari.
1622 2575 1652 2617 ss

128 2645 147 2704 8
216 2652 314 2709 Guue
331 2653 400 2708 libro
418 2657 516 2722 quarto
534 2650 570 2707 ad
588 2651 709 2708 mictum
726 2651 901 2722 prouinciale.
932 2652 1012 2719 Quod
1030 2653 1054 2709 si
1071 2669 1134 2708 cum
1152 2652 1237 2708 scires
1254 2667 1317 2708 eum
1335 2651 1449 2708 inculta
1467 2645 1605 2735 Q
1622 2658 1650 2714 li

162 2741 238 2798 tubus
256 2741 321 2812 labi,
339 2741 381 2796 tui
398 2741 469 2797 lucri
485 2741 576 2811 gratia
593 2739 745 2796 adfirmasti
762 2740 829 2796 mibi
846 2739 975 2797 idoneum
994 2756 1064 2812 esse,
1082 2741 1180 2798 merito
1198 2740 1331 2798 aduersus
1348 2745 1386 2812 te,
1405 2757 1467 2796 oum
1485 2741 1539 2797 mei
1556 2741 1603 2798 de·

163 2830 284 2900 cipierffli
303 2831 393 2900 gratia
411 2830 494 2886 alium
512 2828 581 2886 falso
599 2828 726 2898 laudasti,
745 2829 781 2885 de
798 2828 861 2886 dolo
879 2829 1009 2886 iudicium
1028 2829 1149 2886 dandam
1167 2834 1218 2886 cst

129 2914 147 2973 9
216 2918 370 2976 Umerus
386 2917 457 2976 bbro
474 2919 621 2974 undecimo
638 2917 675 2973 ad
693 2915 822 2974 edictum.
849 2917 879 2974 Si
897 2919 960 2988 quis
977 2916 1134 2976 adfirmauit
1146 2919 1286 2974 minimam
1298 2933 1361 2974 ease
1372 2917 1449 2974 bere-
1467 2913 1604 3002 Q
1622 2924 1650 2980 li

133 3007 280 3063 uditatem
303 3009 390 3063 etita
407 3023 468 3064 eam
487 3006 523 3063 ab
541 3006 641 3064 herede
659 3007 739 3077 emit,
763 3021 818 3063 uon
836 3011 880 3063 est
902 3007 937 3062 de
956 3006 1019 3064 dolo
1037 3008 1122 3077 aetio,
1146 3023 1209 3064 cum
1227 3023 1262 3063 ex
1278 3006 1392 3064 uendite
1410 3005 1537 3063 sufficiat.
1575 3005 1604 3062 Si
1623 3017 1652 3060 sa

164 3103 258 3152 sutem
278 3095 347 3172 mibi
361 3097 545 3166 persuaseris,
567 3099 599 3154 ut
615 3094 757 3165 repudiem
775 3095 964 3166 hereditatem,
982 3095 1061 3166 quasi
1079 3097 1168 3152 mium
1187 3096 1319 3152 soluendo
1337 3096 1382 3166 sit,
1401 3096 1445 3152 uel
1463 3099 1496 3151 ut
1511 3097 1604 3165 optem

164 3201 289 3256 sernum,
314 3186 394 3256 qussi
418 3185 513 3242 medor
536 3199 570 3240 eo
588 3185 616 3240 in
634 3183 737 3240 familia
754 3199 809 3239 non
827 3184 875 3238 sit:
900 3183 962 3240 dico
980 3183 1096 3242 dedolo
1115 3183 1248 3254 dandam,
1271 3185 1295 3240 si
1313 3183 1411 3240 callide
1427 3182 1480 3239 boe
1497 3181 1604 3238 leceris.

134 3275 234 3330 altem
257 3275 282 3328 si
303 3273 414 3330 tabulae
432 3273 605 3342 testamenti,
629 3287 663 3327 ne
682 3272 716 3327 de
734 3270 886 3328 inofficioso
905 3273 1055 3342 diceretrrr,
1074 3272 1121 3328 diu
1140 3288 1304 3343 suppressae
1322 3272 1391 3342 sint,
1414 3287 1480 3328 mox
1497 3275 1604 3328 mortuo

164 3361 220 3420 tilio
238 3363 372 3432 prolatae,
389 3360 506 3418 beredes
522 3359 572 3416 dlii
589 3360 722 3416 acuemus
741 3375 789 3416 eos
807 3361 854 3430 qui
872 3366 1082 3430 suppresserunt
1099 3365 1129 3418 et
1145 3363 1206 3432 lege
1219 3361 1344 3418 Cornelia
1361 3360 1436 3418 etde
1448 3359 1605 3428 doloposse

134 3458 147 3503 e
166 3452 294 3522 experiri¹
331 3449 425 3506 Labeo
449 3449 518 3506 libro
535 3450 697 3520 trigensimo
715 3449 832 3519 septimo
850 3451 1031 3520 poster-iorum
1050 3449 1156 3521 scabit,
1180 3451 1205 3506 si
1222 3451 1313 3508 oleum
1330 3453 1409 3506 tuum
1427 3447 1506 3518 quasi
1524 3463 1604 3504 suum
1623 3457 1652 3502 se

165 3539 298 3596 defendat
315 3539 420 3608 litias,
444 3543 474 3594 et
495 3543 527 3594 tu
550 3538 603 3594 hoc
621 3539 711 3594 oleum
729 3537 891 3608 deposueris
908 3538 982 3609 apud
1000 3539 1107 3610 Seium,
1130 3545 1163 3595 ut
1180 3539 1204 3596 is
1222 3538 1274 3596 boo
1290 3538 1424 3594 uenderet
1441 3542 1470 3592 et
1487 3536 1605 3606 prelium

164 3631 303 3696 seruaret,
326 3627 414 3682 donec
431 3627 503 3682 inter
520 3643 571 3684 uos
590 3627 761 3682 deiudicetur
778 3627 856 3682 curius
874 3628 964 3684 oleum
982 3631 1069 3698 esset,
1088 3643 1177 3698 usqne
1194 3629 1285 3684 Titius
1302 3627 1370 3684 uelit
1386 3625 1516 3682 iudicium
1534 3624 1604 3680 acci·

163 3731 243 3786 pere:
267 3716 398 3786 quoniam
421 3729 511 3786 neque
532 3715 654 3771 mandati
671 3731 761 3785 neque
780 3717 964 3786 sequestreris
981 3715 1074 3772 Seium
1085 3703 1239 3774 'wnuculre
1256 3721 1336 3786 potes
1353 3715 1474 3772 nondum
1492 3714 1605 3784 impleta

163 3805 325 3861 condicione
343 3803 529 3876 depodtimb,
549 3804 584 3858 de
602 3804 666 3862 dolo
684 3805 818 3862 aduersam
829 3805 933 3861 Titium
951 3806 1098 3874 agendum.
1126 3805 1176 3862 sed
1187 3805 1353 3875 Pomponius
1370 3803 1439 3860 libro
1453 3803 1603 3860 uicensimo

164 3895 282 3964 septimo
304 3908 387 3962 posse
410 3909 473 3948 cnm
495 3899 638 3964 sequestre
660 3895 834 3964 praescriptis
857 3892 950 3949 uerbis
973 3895 1080 3952 audone
1103 3896 1163 3965 agi,
1187 3895 1232 3951 uel
1253 3895 1277 3950 si
1294 3895 1318 3950 is
1336 3892 1468 3951 soluendo
1485 3907 1541 3950 non
1558 3891 1603 3963 sit,
1621 3901 1651 3944 so

134 3990 228 4038 teum
246 3983 323 4039 Titio
345 3981 381 4036 de
405 3981 476 4038 dolo.
508 3997 580 4052 quae
603 3982 742 4038 duinsuo
765 3998 833 4038 nera
854 3997 917 4038 esse
939 3983 1057 4045 uidetur.
1093 3983 1130 4038 Et
1153 3984 1178 4039 si
1196 3997 1306 4040 seruum
1323 3983 1496 4052 pigneratum
1514 3995 1603 4037 noxae

165 4071 231 4126 mibi
248 4070 360 4127 dederis
377 4085 427 4140 per
443 4071 561 4126 iudicem
580 4075 609 4126 et
626 4071 664 4126 sis
682 4071 837 4128 absolutus:
856 4071 891 4127 de
909 4070 972 4128 dolo
988 4073 1103 4142 teneris,
1122 4072 1147 4127 si
1164 4072 1321 4142 apparuerit
1337 4085 1399 4126 esse
1417 4085 1480 4126 enm
1497 4069 1605 4140 pignori

163 4167 344 4238 slavum]

167 4299 317 4370 laccedit]
335 4299 422 4364 PVU,
446 4297 600 4354 subiacebit
617 4298 662 4366 L‘,
686 4309 733 4356 tac.
746 4301 790 4365 If,
815 4288 858 4356 ao-
912 4299 1128 4356 30ita'e'eamF
1157 4299 1191 4354 31
1203 4297 1309 4369 utlFU,
1321 4299 1456 4354 oaaPVL
1492 4299 1604 4371 33sup·

165 4371 231 4426 cidit
248 4373 277 4425 F
315 4371 444 4426 3autem
462 4372 552 4426 *actio*
570 4372 616 4436 Ρ),
634 4371 707 4427 actio
725 4375 817 4426 autem
835 4371 863 4426 P
912 4378 1061 4442 *pressae*
1078 4371 1135 4438 ΡΙ
1155 4369 1249 4425 ιιιο“ιί
1267 4371 1295 4434 Ρ,
1314 4384 1393 4424 mons
1411 4371 1451 4425 P·
1504 4371 1540 4425 34
1558 4370 1604 4426 be-

166 4443 181 4496 ‘l
200 4441 292 4497 danda
310 4443 351 4496 P·
367 4444 371 4510 Ι
386 4443 415 4496 in
433 4461 482 4495 cm.
494 4441 572 4496 ΡΠ·
621 4443 639 4496 8
658 4442 791 4498 soluerem
810 4443 858 4508 P·,
911 4442 1005 4497 rodem
1018 4442 1063 4510 ΡΙ
1079 4441 1188 4511 etlegel
1204 4446 1237 4496 ut
1248 4445 1277 4496 et
1288 4441 1349 4510 lege
1366 4441 1413 4506 P·,
1432 4455 1466 4496 ex
1484 4441 1546 4511 lege
1559 4439 1604 4566 1ιέ

165 4514 286 4568 solueres
299 4513 327 4566 V
377 4513 458 4582 9sit]
478 4518 521 4568 est
538 4513 645 4568 PVLU
662 4515 667 4581 Ι
687 4511 860 4568 iecistitcurti
912 4513 947 4568 de
971 4513 1042 4582 dolo]
1067 4511 1140 4567 dodo
1157 4511 1198 4565 P·
1247 4512 1282 4568 35
1306 4511 1420 4566 alabeo
1437 4513 1583 4567 lrnc.PV

166 4585 208 4649 Ρ,
231 4583 335 4640 ἰοοίιιίι
353 4583 446 4652 (colati
462 4583 562 4648 iecisti)
581 4581 646 4638 furti
663 4582 700 4637 Ρ*
757 4585 791 4638 10
809 4599 859 4653 pro
912 4587 948 4640 36
966 4589 1036 4638 ettu
1049 4583 1148 4638 toll*
1193 4583 1228 4638 38
1245 4589 1343 4651 neone
1356 4583 1605 4652 sequestrariaF’,

166 4673 214 4708 osa.
232 4657 273 4710 P·
336 4657 369 4709 11
393 4654 592 4710 transferantur
614 4655 692 4710 PU·
754 4655 787 4709 13
810 4669 861 4723 per
912 4669 1002 4724 neque
1020 4654 1173 4724 sequestris
1192 4655 1231 4707 P·
1253 4655 1257 4720 1
1278 4655 1352 4709 seius
1370 4655 1429 4722 Ρ·Ι
1450 4652 1604 4723 potes't'F,

166 4739 213 4779 orn.
226 4727 267 4780 P·
283 4726 287 4794 Ι
303 4727 362 4782 *ait
379 4727 417 4779 Ρ)
472 4728 505 4782 15
523 4729 609 4794 agant
625 4727 666 4780 P·
718 4727 749 4780 17
768 4727 858 4796 ipsum
912 4725 1148 4796 potestP⁰VLU⁵
1190 4725 1226 4778 40
1244 4725 1544 4795 sequereparescriptis
1558 4725 1604 4790 Ρ,
1706 4775 1709 4782 .

166 4797 381 4852 *manumissum
400 4798 438 4850 Ρ)
490 4793 616 4852 20'actio
634 4795 699 4851 mibi
717 4797 765 4850 PL
786 4800 790 4862 Ι
811 4797 858 4851 ad·
912 4802 1054 4866 sequestre
1071 4795 1229 4866 perscriptis
1247 4797 1285 4849 F’
1328 4797 1363 4850 41
1383 4797 1415 4866 si]
1431 4795 1587 4850 situPLU
1597 4793 1603 4865 Ι

166 4875 265 4924 nemu*
283 4868 383 4923 ‘msam
401 4865 499 4922 menm'
518 4882 596 4922 scum
619 4869 645 4921 F
662 4869 691 4934 (u
708 4871 790 4938 suppl.
808 4867 858 4938 Ρ)
912 4869 993 4924 noxie
1011 4869 1039 4922 P
1088 4868 1123 4922 42
1142 4873 1170 4922 et
1188 4867 1226 4921 sis
1244 4866 1395 4937 absolutus]
1413 4865 1604 4921 P‘VLUnma

167 4939 419 5009 stampensem
437 4941 487 5006 ΡΙ
506 4937 593 4993 ba'u’e
610 4939 637 4992 F
685 4938 720 4992 24
738 4939 792 5009 cni]
810 4939 858 5007 qui
913 4941 952 4993 B:
975 4939 1014 4993 sal
1040 4936 1233 5010 ὲιεγθερωθιζιο,
1262 4943 1290 4992 et
1316 4937 1479 4992 sisbsolutus
1501 4937 1547 5002 Ρ),
1576 4939 1605 4992 et

166 5010 201 5062 Ρ
216 5013 221 5079 l
237 5011 348 5067 dabitur
364 5011 437 5064 ΡΨ
483 5011 518 5064 25
536 5014 565 5064 et
583 5028 631 5063 om.
643 5008 683 5062 P·
730 5010 764 5064 il
784 5015 857 5065 ’me⁴·
911 5009 1132 5076 itabsolutuffl
1150 5010 1220 5065 etsi
1238 5007 1604 5076 absolutusP·leumesse

165 5081 217 5136 rito
234 5084 272 5138 Ρ
325 5083 362 5138 28
383 5080 467 5138 iudici
484 5081 525 5136 P·
578 5081 613 5136 29
630 5078 804 5136 adfirmauit
820 5079 858 5135 F*
910 5082 975 5136 Pu
