3648 5564
130 305 341 356 nsnsorrsrrs
363 305 522 354 manua
782 277 868 360 199
1357 289 1387 357 V
1405 291 1428 356 4
1444 295 1545 352 5-10

101 447 115 506 5
171 446 284 502 Pactus
304 445 374 502 hhro
398 445 516 516 septimo
539 441 646 499 decimo
668 441 705 499 ad
722 443 867 499 Haedum.
902 443 973 500 iliud
995 444 1136 501 sciendum
1159 451 1217 517 est,
1241 445 1265 502 si
1287 447 1384 503 mulier
1420 457 1545 530 saa&
1564 456 1608 530 Es

127 551 266 606 pregnans
284 551 339 610 non
357 535 401 604 sit,
420 533 590 590 existimetur
609 536 699 588 autern
717 547 873 604 praegnans
891 549 962 605 esse,
980 533 1087 591 interim
1105 533 1191 591 ditum
1208 535 1337 592 heredem
1352 551 1414 592 esse
1426 552 1461 592 ex
1474 551 1545 608 asse,

103 638 276 695 numnquam
298 625 406 695 ignoret
429 638 460 678 se
482 639 517 678 er
535 637 597 678 esse
614 621 743 678 heredem
762 635 832 678 esse.
863 622 939 678 Idem
958 629 1001 678 est
1018 625 1046 680 in
1065 627 1209 695 erhaneo,
1234 625 1257 680 ai
1275 638 1310 680 ex
1329 630 1404 680 certa
1421 626 1545 696 portione

126 715 192 769 heres
208 714 350 770 institutus
368 714 412 782 sit,
430 727 465 768 ex
481 711 587 782 rehqru
603 711 732 781 postumi.
765 711 839 780 quod
857 711 881 766 si
898 707 969 767 iorte
982 713 1022 768 its
1032 713 1169 769 institutio
1186 711 1261 768 iacta
1278 719 1335 769 eat:
1355 714 1545 785 'quotcumque

126 803 187 858 'mihi
204 803 260 858 nati
278 807 357 858 erant
373 807 403 856 et
413 801 516 858 Lucius
527 799 617 855 Titius
635 814 685 870 pro
702 797 825 854 uin‘hbus
842 799 1012 869 poreomhus
1030 800 1145 857 heroden
1159 801 1225 858 mihi
1243 791 1341 872 ¹sunto',
1359 801 1471 860 habebit
1481 802 1545 858 hae·
1564 815 1577 858 s

124 893 276 962 citationem,
295 889 427 960 numquid
445 889 520 944 adire
537 903 593 944 non
609 889 705 959 possit,
724 891 806 958 sturm
824 889 871 957 qni
889 889 916 944 in
933 893 1099 946 testammo
1114 891 1268 961 portionem
1281 907 1359 947 suam
1371 893 1468 948 officit
1495 891 1545 947 sed

124 981 203 1036 uhiius
220 985 264 1036 est
281 995 363 1051 posse
380 995 442 1034 eum
461 977 536 1033 adire
558 977 605 1048 qui
628 977 716 1032 nesdt
732 977 899 1048 portionem,
923 979 947 1033 si
964 983 1070 1049 cetera,
1093 993 1165 1050 quae
1182 985 1291 1051 oportet
1308 995 1371 1036 enm
1389 981 1472 1051 scire,
1490 995 1545 1037 non

94 1158 108 1215 6
168 1158 316 1214 Uarusus
334 1155 403 1212 libro
420 1159 501 1210 serto
518 1155 684 1225 opinionum.
712 1152 815 1222 soron,
833 1169 915 1224 οτιιιιι
933 1154 1094 1212 coheredem
1112 1153 1242 1213 trabibus
1259 1161 1389 1229 οιιὶιιιοτ
1407 1154 1545 1244 [Ιῖῑιᾟ
1564 1164 1585 1220 S

122 1247 235 1302 bibonis
254 1247 350 1302 matris
368 1259 430 1300 esse
446 1243 557 1314 placuit,
575 1244 671 1314 quinta
687 1243 777 1314 portio
794 1258 844 1314 pro
857 1243 1043 1314 portiombus¹
1057 1259 1129 1316 quae
1140 1244 1177 1302 ad
1194 1261 1242 1302 eos
1259 1247 1390 1318 pertinuit
1401 1236 1546 1317 oedeffl
1565 1258 1593 1300 rc

121 1341 147 1390 rt
161 1336 258 1406 singuli
277 1336 306 1390 in
324 1339 429 1404 qanta,
447 1347 528 1402 quam
548 1331 663 1387 antehac
680 1331 780 1388 habere
798 1331 987 1401 credebantur,
1006 1347 1061 1389 non
1078 1334 1194 1405 amplius
1212 1335 1237 1390 ei
1255 1337 1378 1406 quinum
1396 1335 1544 1394 conferant.

95 1435 104 1480 1
119 1423 258 1495 Sumptus,
282 1423 329 1493 qui
352 1427 463 1492 propter
480 1433 564 1478 onera
580 1421 664 1476 tetius
682 1419 841 1478 hereditatis
859 1421 941 1478 iusti¹
958 1420 1041 1492 fiunt,
1065 1421 1104 1492 ei,
1128 1423 1175 1492 qui
1193 1423 1301 1494 patroni
1318 1423 1377 1482 iure
1393 1426 1544 1496 portionem

119 1513 231 1582 enicerit,
248 1529 300 1584 pro
320 1517 380 1568 rata
397 1514 595 1580 computentur.

89 1601 103 1658 7
163 1601 306 1657 Iunrssus
329 1599 398 1655 libro
422 1604 520 1654 octauo
544 1599 721 1668 digestorum.
758 1597 819 1653 Non
841 1613 987 1670 possumus
1011 1599 1140 1670 consequi
1163 1615 1213 1672 per
1230 1599 1389 1658 hereditatis
1409 1597 1546 1688 Q
1564 1607 1586 1664 8

117 1691 270 1761 petitionem
290 1689 319 1744 id
336 1687 410 1758 quod
427 1687 545 1743 familiae
564 1687 740 1742 erciscundae
759 1687 859 1742 iudicio
872 1687 1071 1760 consequimur,
1090 1693 1121 1744 rit
1134 1705 1151 1743 a
1162 1691 1351 1746 communione
1364 1691 1545 1764 discedamus,
1565 1701 1593 1744 st

116 1795 171 1836 cum
195 1779 233 1834 ad
256 1777 379 1835 officium
402 1775 500 1832 iudicis
521 1775 585 1832 nihii
604 1773 720 1847 amplius
738 1775 885 1846 pertineat,
910 1791 993 1846 quam
1012 1781 1043 1833 ut
1060 1783 1165 1848 partem
1182 1777 1342 1835 hereditatis
1359 1795 1410 1852 pro
1428 1780 1545 1836 indiuiso

116 1869 214 1924 restitrd
232 1867 301 1924 mrhi
319 1865 421 1922 iubeat

86 1954 101 2013 8
161 1959 240 2013 bair
263 1955 335 2012 libro
357 1953 586 2025 quadragensimo
605 1959 704 2009 octauo
722 1951 900 2023 digestorum.
936 1953 1149 2010 Permittendum
1169 1956 1221 2010 erit
1238 1957 1390 2026 possessori
1421 1969 1545 2026 bazae
1564 1962 1585 2018 S

115 2047 270 2102 hereditatis
288 2049 395 2115 panem
414 2043 523 2112 quidem
542 2041 700 2098 hereditatis
719 2042 874 2112 detondere,
892 2047 971 2113 parte
989 2057 1055 2098 uero
1073 2043 1179 2115 cedere,
1198 2059 1249 2099 nec
1267 2045 1339 2100 enim
1357 2045 1435 2118 probs
1473 2046 1545 2102 tali·

113 2151 188 2206 quem
212 2141 305 2190 totam
329 2133 507 2188 hereditatem
531 2130 671 2202 possidere
695 2133 741 2187 et¹
762 2135 867 2202 partem
886 2133 956 2187 scire
974 2131 1114 2189 dimidiam
1132 2133 1168 2188 ad
1186 2133 1383 2206 sepertinere,
1407 2135 1442 2191 de
1460 2137 1547 2192 aitera
1565 2143 1594 2186 ac

113 2231 184 2295 parte
202 2221 420 2280 conuouorsiam
439 2236 493 2278 non
511 2219 611 2276 facere.

84 2310 99 2370 i
158 2315 284 2370 Passus
302 2310 371 2366 hbro
389 2310 471 2366 tertio
488 2309 669 2380 epitomarum
682 2307 773 2364 Alieni
791 2307 967 2378 digestorum.
999 2309 1067 2366 cun
1086 2311 1163 2368 multi
1180 2309 1295 2368 heredes
1312 2311 1388 2368 insti·
1407 2305 1545 2397 [ΒιιἯ
1564 2316 1604 2391 Ss

112 2404 158 2458 tuti
180 2407 294 2471 essent,
318 2415 353 2454 ex
369 2398 413 2454 his
430 2414 501 2454 nnus
519 2399 547 2454 in
566 2397 634 2452 Asia
651 2403 723 2454 erat:
748 2399 807 2453 eius
825 2404 985 2470 procurator
1002 2399 1186 2456 orenditionem
1204 2399 1270 2456 iecit
1287 2405 1316 2456 et
1333 2387 1545 2474 pecuffi
1565 2461 1569 2470 ,

111 2497 183 2563 parte
206 2491 270 2547 eius
296 2487 459 2544 abstulerat:
483 2491 580 2558 postea
602 2487 777 2558 apparuerit⁴
794 2503 856 2542 eum
879 2487 926 2558 qui
945 2487 972 2543 in
990 2487 1059 2543 Asia
1076 2492 1135 2543 erat
1152 2491 1233 2543 antea
1251 2488 1403 2546 decessisse
1421 2492 1546 2548 instituto
1659 2549 1661 2554 ,

111 2585 239 2652 exparte
258 2577 374 2634 dimidia
393 2575 492 2631 herede
510 2581 686 2646 procuratore
705 2591 755 2632 suo
774 2581 802 2630 et
819 2591 853 2630 ex
872 2580 949 2646 parte
968 2576 1029 2632 aiio.
1065 2577 1219 2648 quaesitum
1239 2582 1294 2648 est,
1316 2578 1546 2649 quemadmodum
1565 2587 1594 2632 tt

111 2669 224 2740 pecunia
242 2683 281 2724 ex
299 2665 452 2721 hereditate
469 2665 588 2736 petenda
606 2670 688 2720 esset.
716 2679 876 2736 responsum
894 2669 937 2722 ast
954 2664 990 2720 ab
1007 2679 1049 2736 eo,
1068 2667 1114 2736 qui
1133 2670 1292 2737 procuretur
1310 2667 1369 2722 eius
1380 2667 1487 2741 fuisset,
1505 2675 1545 2728 to·

111 2768 161 2814 tam
179 2757 367 2815 hereditatem
373 2759 393 2826 ⁸,
412 2756 477 2825 quia
493 2769 528 2810 er
545 2753 696 2810 hereditate
714 2770 748 2810 ea
761 2755 879 2827 pecunia
890 2753 988 2812 ibisset
1000 2769 1070 2825 quae
1082 2754 1117 2811 ad
1129 2759 1330 2826 procuratorem
1343 2771 1377 2812 ex
1390 2758 1547 2816 uenditione

110 2849 290 2918 peruenisset,
308 2849 402 2916 petere
420 2859 468 2900 eos
487 2849 626 2916 oportere:
645 2849 673 2898 et
690 2843 773 2900 nihilo
791 2845 881 2900 minus
898 2849 1004 2914 partem
1017 2843 1156 2902 dimidiam
1168 2843 1327 2900 hereditatis
1339 2860 1355 2900 a
1368 2845 1547 2906 coheredibus

109 2937 172 2992 eins.
201 2931 245 2990 ita
263 2933 333 3004 sore,
352 2935 410 2989 siue
428 2933 517 2990 omnia
529 2949 563 2988 ea
574 2932 690 3002 pecunia
704 2931 714 3004 n
727 2949 813 3004 penes
823 2947 886 2989 eum
899 2935 946 3004 qui
958 2939 1117 3004 procurater
1128 2929 1226 2989 inisset
1237 2933 1376 3004 resideret,
1395 2941 1427 2990 ut
1438 2951 1547 2993 omnem
1564 2939 1581 2987 t.
1593 2941 1638 2990 tlt

109 3041 153 3094 per
169 3025 296 3080 indicem
314 3022 457 3078 abeodem
469 3026 669 3092 recuperarent,
688 3022 747 3077 siue
760 3021 783 3078 is
795 3028 899 3093 partem
913 3023 1052 3079 dimidiam
1065 3021 1191 3080 coheredi
1204 3037 1254 3078 suc
1267 3023 1439 3096 reddidisset,
1457 3025 1546 3097 ipsum
1566 3031 1595 3074 ⁸⁰

109 3130 139 3168 er
156 3113 278 3170 dimidia
296 3117 374 3182 parte
392 3111 420 3166 et
437 3127 473 3166 ex
490 3109 603 3166 dimidia
620 3109 768 3166 coheredes
786 3111 845 3167 eius
864 3112 1084 3168 condemnarent.

67 3198 95 3255 10
156 3203 347 3258 eumerus
369 3200 438 3257 ldrro
462 3205 540 3256 sexto
564 3199 762 3269 quaestionum.
799 3199 868 3256 (ium
886 3199 994 3256 heredis
1011 3215 1046 3256 ex
1064 3203 1142 3271 parte
1160 3199 1276 3258 instituti
1293 3199 1372 3273 filius,
1392 3197 1547 3288 Q
1565 3205 1592 3260 P

107 3292 150 3361 qni
166 3297 282 3362 patrem
302 3305 382 3344 suum
400 3288 545 3359 ignorabat
562 3289 627 3344 uiuo
646 3291 777 3344 testatore
795 3287 961 3360 decessisse,
984 3294 1090 3360 partem
1108 3287 1268 3345 hereditatis
1285 3291 1395 3347 nornine
1412 3294 1498 3362 patria
1516 3297 1548 3348 ut

108 3379 229 3436 absentis
253 3378 490 3434 administrarent
512 3381 540 3432 et
563 3377 695 3448 pecunias
719 3377 857 3434 distractis
881 3376 963 3434 rebus
986 3377 1135 3448 acceperit,
1158 3377 1296 3435 hereditas
1314 3378 1349 3436 ab
1367 3395 1400 3435 eo
1418 3381 1475 3452 peti
1493 3388 1548 3440 noe

106 3475 208 3540 potest,
236 3467 306 3540 quia
327 3481 416 3537 neque
440 3481 489 3536 pro
511 3465 612 3522 herede
635 3481 725 3536 neque
747 3481 797 3536 pro
814 3481 973 3538 possessore
989 3467 1079 3538 pretia
1095 3465 1232 3537 possidet,
1255 3467 1305 3523 sed
1323 3472 1355 3524 ut
1371 3466 1444 3524 fliius
1461 3470 1547 3540 patris
1565 3477 1594 3520 ιι

107 3559 250 3628 negotium
277 3557 393 3611 curauit
426 3555 596 3625 negotiorum
619 3561 711 3611 autem
735 3561 874 3625 gestorum
894 3557 965 3611 aetio
983 3556 1080 3611 ceteris
1099 3555 1292 3627 coheredibus,
1316 3555 1352 3612 ad
1370 3571 1440 3627 quos
1456 3559 1546 3630 portio

107 3645 229 3702 munch
247 3645 381 3718 pertinet,
405 3643 522 3699 dabitur.
557 3643 622 3699 iilud
640 3645 712 3699 enim
730 3643 824 3714 utique
842 3661 896 3699 non
916 3649 959 3700 est
977 3643 1166 3716 metuendum,
1185 3659 1220 3700 ne
1238 3645 1320 3702 etiam
1338 3645 1438 3718 patris,
1457 3661 1474 3702 a
1491 3663 1546 3718 quo

105 3745 295 3846 Qu

107 3881 114 3916 ¹
130 3877 284 3951 portione?
390 3877 403 3912 ²
425 3875 518 3931 iuste?
542 3878 582 3942 (u.
596 3877 628 3940 ι’.)
734 3875 746 3911 ⁸
761 3877 873 3948 firmant
890 3875 917 3930 B
936 3877 975 3943 (a.
991 3877 1038 3942 i.):
1062 3879 1091 3932 et
1109 3877 1155 3932 dei
1262 3879 1273 3912 ⁴
1297 3876 1424 3950 apparuit
1446 3877 1547 3946 (desidi

106 3953 115 3984 ⁸
124 3956 241 4022 fimarrt
258 3949 301 4013 B,
325 3949 372 4004 ted
392 3949 510 4002 uidentur
533 3945 566 4000 ab
590 3949 769 4018 interpolatore
789 3949 920 4018 projicere
943 3966 973 4002 en
991 3967 1056 4020 qaus
1078 3953 1146 4002 inira
1162 3947 1325 4022 parentiores
1346 3957 1437 4021 posui:
1458 3951 1545 4014 iotam

107 4021 321 4088 hereditatem),
334 4019 399 4088 quia
410 4034 445 4074 ex
456 4017 608 4074 hereditate
620 4033 653 4072 ea
665 4017 781 4088 pecunia
794 4015 901 4080 (fuisset
913 4017 996 4088 quae)
1008 4017 1043 4072 ad
1055 4024 1257 4090 procuratorem
1271 4035 1305 4074 ex
1316 4019 1473 4075 conditione
1485 4035 1545 4091 per·

105 4095 237 4162 nenhset
256 4095 355 4161 petere
366 4105 414 4146 eos
427 4095 552 4160 oportere
564 4093 593 4144 et
603 4087 686 4144 nihilo
698 4089 788 4144 minus
799 4093 904 4158 partem
917 4087 1054 4144 dimidiam
1064 4089 1244 4158 (hereditatis)
1260 4107 1277 4145 a
1291 4089 1471 4146 coheredibus
1486 4091 1545 4148 eius

105 4217 324 4286 iprae⁴gnans
348 4213 387 4266 Ρ
406 4213 411 4280 1
432 4225 493 4266 esse
515 4210 572 4267 her.
592 4211 671 4266 PLU
719 4211 803 4267 dest
875 4212 1032 4268 estommL
1084 4213 1118 4268 19
1137 4211 1451 4340 defenderegdeiendere
1469 4213 1545 4272 here

105 4287 219 4342 evuPi'
252 4281 525 4354 4postumi‘post'F
557 4283 685 4354 bannpto
700 4283 806 4338 PVLU
876 4283 1276 4360 'utemP'lparternueros
1300 4285 1546 4356 VLUinecenim

105 4357 231 4414 dadiret
249 4355 329 4410 Pet·
382 4355 441 4410 'isi
460 4373 508 4408 orn.
522 4354 563 4409 P·
616 4355 651 4409 10
669 4353 750 4410 cadet
761 4353 802 4408 Ρ·
854 4353 981 4426 prohibet
1060 4357 1096 4410 20
1118 4361 1146 4411 et
1163 4361 1268 4426 partem
1292 4357 1370 4427 scire]
1394 4356 1474 4420 eisin
1500 4358 1545 4430 sip

107 4429 137 4483 ll
161 4427 283 4498 singulis
307 4426 409 4494 P·L·i
433 4429 557 4496 quartam
580 4423 688 4480 PVLU
708 4427 713 4496 Ι
738 4429 802 4481 ante
855 4427 949 4488 κωλῨει
973 4425 1030 4480 usi
1054 4426 1136 4482 uicos
1162 4427 1280 4483 senecen
1303 4427 1351 4482 uir
1371 4432 1544 4502 stapououiau

105 4497 173 4554 banc
186 4495 324 4554 1²·vw
340 4499 345 4566 Ι
361 4512 415 4552 non
433 4497 548 4566 amplius
566 4497 592 4552 ei
603 4497 725 4566 quintam
738 4512 801 4553 con·
856 4500 893 4554 ssi
913 4499 945 4552 τὸ
962 4499 1010 4554 s'es
1025 4497 1100 4562 ιὀιιογ
1117 4497 1196 4570 sipcc
1209 4500 1303 4554 eitius·
1317 4507 1361 4558 eet.
1375 4500 1424 4555 BS
1436 4501 1545 4574 (sepi.)

106 4568 202 4640 imno}
225 4569 277 4624 ini
296 4571 413 4624 πέιιπτοκ
434 4568 513 4640 ιιέροε
531 4567 562 4640 τῇ
582 4567 681 4640 diebos}
702 4589 800 4632 eruere·
854 4571 890 4625 24
902 4569 961 4625 eius
973 4591 1022 4624 oen.
1033 4571 1077 4640 ΡΙ
1092 4571 1219 4640 apparuit
1230 4569 1336 4625 PVLU
1349 4571 1354 4642 Ι
1369 4569 1508 4628 deeeoisse
1522 4573 1549 4626 P

105 4641 210 4706 ἅγογοκ
223 4641 250 4696 Β
259 4641 370 4708 (Aaou)
407 4641 440 4696 12
453 4640 546 4710 totius]
562 4640 658 4710 pocius
667 4639 800 4712 P⁶V⁴¹L⁴i
855 4643 890 4696 26
908 4641 1058 4696 hereditate
1076 4659 1103 4712 p.
1117 4657 1141 4696 e.
1155 4640 1371 4713 respond'it'sum
1385 4645 1443 4710 (ste)
1456 4647 1498 4698 est
1510 4642 1545 4700 ab

106 4713 178 4784 iustu]
188 4717 314 4786 sonasse
331 4713 416 4770 iuste:
435 4711 466 4766 ri
485 4713 654 4766 sanandum
668 4752 674 4766 .
686 4753 691 4764 .
704 4754 709 4765 .
724 4712 801 4766 seda·
855 4727 889 4767 eo
907 4727 933 4782 q.
946 4728 973 4781 p.
987 4730 1010 4768 e.
1023 4711 1141 4769 itesam
1156 4715 1216 4769 odd.
1229 4711 1267 4767 Ρ
1302 4715 1336 4770 ii
1349 4714 1422 4784 quia]
1437 4715 1545 4784 qualf,

107 4801 159 4838 rme
178 4783 312 4848 rendam
333 4785 380 4839 RS
396 4783 514 4856 (steph),
533 4783 737 4838 ri...hruaiu›c
756 4791 801 4836 ta·
856 4784 984 4854 quoniam
999 4781 1115 4849 P‘V‘U,
1134 4793 1180 4840 ico.
1194 4782 1274 4839 ΡΨ·
1317 4786 1352 4840 29
1370 4783 1443 4840 iores
1457 4785 1545 4912 Ρη

106 4856 258 4910 umectans
285 4855 313 4909 B
339 4855 448 4923 (Aaou.)
510 4854 544 4909 15
570 4854 765 4910 herciscundae
783 4857 809 4932 s
856 4868 935 4910 omne
954 4855 1019 4910 Pu
1077 4856 1112 4911 30
1134 4855 1270 4912 reddisset
1287 4855 1323 4922 P,
1347 4857 1464 4912 redisset
1485 4855 1521 4912 V⁶

107 4927 140 4980 ld
156 4927 282 4996 pertinet
299 4925 406 4980 PVLU
446 4926 480 4981 18
498 4925 744 4996 quadragensimo
759 4941 803 4981 oc·
857 4927 892 4982 34
910 4926 1167 4984 administrauerunt
1184 4929 1224 4998 F!
1240 4927 1378 4984 dhtracffl
1396 4925 1545 4983 *rebusii’¹

107 5001 172 5054 tuno
189 4997 383 5067 *digestorum
403 4997 448 5062 Ρ,
472 5001 572 5053 octauo
594 4995 803 5067 quadmimc
857 4997 892 5054 35
909 5012 998 5068 neque
1016 5015 1065 5070 pro
1076 4998 1176 5056 herede
1190 5013 1242 5055 neo
1258 4999 1286 5054 P
1326 4999 1361 5054 36
1373 4999 1548 5056 erraueritP

107 5068 280 5139 ὥςωιοιιιιιι
299 5069 330 5134 Ρ,
352 5073 451 5126 octauo
469 5068 680 5140 qmdragmino
698 5067 746 5126 uiii
763 5069 803 5126 di·
857 5069 891 5125 37
910 5070 982 5126 enim
1000 5089 1049 5127 orn.
1061 5070 1137 5141 PVi
1158 5071 1202 5142 ne]
1219 5084 1309 5140 neque
1323 5069 1409 5138 ΡΨ,
1431 5085 1465 5126 ne
1483 5101 1504 5125 a
1522 5071 1549 5126 V
