<?xml version="1.0" encoding="UTF-8"?>
<!DOCTYPE html PUBLIC "-//W3C//DTD XHTML 1.0 Transitional//EN"
    "http://www.w3.org/TR/xhtml1/DTD/xhtml1-transitional.dtd">
<html xmlns="http://www.w3.org/1999/xhtml" xml:lang="en" lang="en">
 <head>
  <title>
</title>
<meta http-equiv="Content-Type" content="text/html;charset=utf-8" />
  <meta name='ocr-system' content='tesseract 3.04.00' />
  <meta name='ocr-capabilities' content='ocr_page ocr_carea ocr_par ocr_line ocrx_word'/>
</head>
<body>
  <div class='ocr_page' id='page_1' title='image "./digestaiustinia00mommgoog/digestaiustinia00mommgoog_0938.png"; bbox 0 0 3734 5578; ppageno 0'>
   <div class='ocr_carea' id='block_1_1' title="bbox 194 251 1628 332">
    <p class='ocr_par' dir='ltr' id='par_1_1' title="bbox 194 251 1628 332">
     <span class='ocr_line' id='line_1_1' title="bbox 194 251 1628 332; baseline -0.001 -12"><span class='ocrx_word' id='word_1_1' title='bbox 194 273 239 320; x_wconf 84' lang='grc'>444</span> <span class='ocrx_word' id='word_1_2' title='bbox 262 273 432 321; x_wconf 77' lang='lat' dir='ltr'>ramento</span> <span class='ocrx_word' id='word_1_3' title='bbox 452 273 621 322; x_wconf 82' lang='grc'>4444444444</span> <span class='ocrx_word' id='word_1_4' title='bbox 867 251 954 332; x_wconf 77' lang='grc'>769</span> <span class='ocrx_word' id='word_1_5' title='bbox 1345 257 1448 326; x_wconf 82' lang='lat' dir='ltr'>XXVI</span> <span class='ocrx_word' id='word_1_6' title='bbox 1470 261 1488 324; x_wconf 82' lang='lat' dir='ltr'>l</span> <span class='ocrx_word' id='word_1_7' title='bbox 1510 263 1628 320; x_wconf 80' lang='grc'>43-14</span> 
     </span>
    </p>
   </div>
   <div class='ocr_carea' id='block_1_2' title="bbox 135 409 1725 4394">
    <p class='ocr_par' dir='ltr' id='par_1_2' title="bbox 139 409 1673 1015">
     <span class='ocr_line' id='line_1_2' title="bbox 194 409 1628 486; baseline 0.002 -20"><span class='ocrx_word' id='word_1_8' title='bbox 194 411 322 466; x_wconf 85' lang='lat' dir='ltr'>maritum</span> <span class='ocrx_word' id='word_1_9' title='bbox 340 425 477 481; x_wconf 76' lang='lat' dir='ltr'>exponere</span> <span class='ocrx_word' id='word_1_10' title='bbox 495 411 585 482; x_wconf 86' lang='lat' dir='ltr'>debet,</span> <span class='ocrx_word' id='word_1_11' title='bbox 603 409 686 482; x_wconf 84' lang='lat' dir='ltr'>quod,</span> <span class='ocrx_word' id='word_1_12' title='bbox 703 411 728 467; x_wconf 93' lang='lat' dir='ltr'>si</span> <span class='ocrx_word' id='word_1_13' title='bbox 746 411 910 482; x_wconf 87' lang='lat' dir='ltr'>quaudoque</span> <span class='ocrx_word' id='word_1_14' title='bbox 928 413 1089 484; x_wconf 69' lang='lat' dir='ltr'><strong>locupletior</strong></span> <span class='ocrx_word' id='word_1_15' title='bbox 1107 417 1249 472; x_wconf 83' lang='lat' dir='ltr'>constante</span> <span class='ocrx_word' id='word_1_16' title='bbox 1268 416 1440 472; x_wconf 87' lang='lat' dir='ltr'>matrimonio</span> <span class='ocrx_word' id='word_1_17' title='bbox 1452 413 1526 470; x_wconf 85' lang='lat' dir='ltr'>iacta</span> <span class='ocrx_word' id='word_1_18' title='bbox 1539 413 1628 486; x_wconf 90' lang='grc'>144411,</span> 
     </span>
     <span class='ocr_line' id='line_1_3' title="bbox 194 498 672 570; baseline 0.004 -16"><span class='ocrx_word' id='word_1_19' title='bbox 194 498 267 555; x_wconf 90' lang='lat' dir='ltr'>dotis</span> <span class='ocrx_word' id='word_1_20' title='bbox 285 500 417 570; x_wconf 85' lang='lat' dir='ltr'>reliquum</span> <span class='ocrx_word' id='word_1_21' title='bbox 436 501 535 556; x_wconf 85' lang='grc'>4444114</span> <span class='ocrx_word' id='word_1_22' title='bbox 553 503 672 556; x_wconf 67' lang='grc'>4444411.</span> 
     </span>
     <span class='ocr_line' id='line_1_4' title="bbox 139 579 1673 668; baseline 0.001 -26"><span class='ocrx_word' id='word_1_23' title='bbox 139 589 176 647; x_wconf 92' lang='grc'>44</span> <span class='ocrx_word' id='word_1_24' title='bbox 247 588 325 643; x_wconf 78' lang='lat' dir='ltr'>Ioum</span> <span class='ocrx_word' id='word_1_25' title='bbox 347 587 416 645; x_wconf 89' lang='lat' dir='ltr'>libro</span> <span class='ocrx_word' id='word_1_26' title='bbox 438 589 520 644; x_wconf 89' lang='lat' dir='ltr'>tertio</span> <span class='ocrx_word' id='word_1_27' title='bbox 542 589 649 644; x_wconf 79' lang='grc'>11441444</span> <span class='ocrx_word' id='word_1_28' title='bbox 671 589 870 660; x_wconf 73' lang='lat' dir='ltr'><strong>quaestionum.</strong></span> <span class='ocrx_word' id='word_1_29' title='bbox 907 589 959 656; x_wconf 82' lang='lat' dir='ltr'>Qui</span> <span class='ocrx_word' id='word_1_30' title='bbox 981 590 1137 648; x_wconf 87' lang='lat' dir='ltr'>nominibus</span> <span class='ocrx_word' id='word_1_31' title='bbox 1158 608 1176 648; x_wconf 93' lang='lat' dir='ltr'>a</span> <span class='ocrx_word' id='word_1_32' title='bbox 1192 591 1364 648; x_wconf 88' lang='lat' dir='ltr'>curatoribus</span> <span class='ocrx_word' id='word_1_33' title='bbox 1382 593 1453 662; x_wconf 91' lang='lat' dir='ltr'>prio·</span> <span class='ocrx_word' id='word_1_34' title='bbox 1472 579 1628 668; x_wconf 56' lang='lat' dir='ltr'><em>Q</em></span> <span class='ocrx_word' id='word_1_35' title='bbox 1647 591 1673 644; x_wconf 91' lang='lat' dir='ltr'>P</span> 
     </span>
     <span class='ocr_line' id='line_1_5' title="bbox 163 675 1627 764; baseline 0.002 -30"><span class='ocrx_word' id='word_1_36' title='bbox 163 691 175 734; x_wconf 92' lang='lat'>1</span> <span class='ocrx_word' id='word_1_37' title='bbox 195 675 270 732; x_wconf 91' lang='lat' dir='ltr'>ribus</span> <span class='ocrx_word' id='word_1_38' title='bbox 288 677 424 748; x_wconf 75' lang='lat' dir='ltr'>susceptis</span> <span class='ocrx_word' id='word_1_39' title='bbox 442 679 501 734; x_wconf 90' lang='lat' dir='ltr'>siue</span> <span class='ocrx_word' id='word_1_40' title='bbox 518 677 655 734; x_wconf 88' lang='lat' dir='ltr'>tutoribus</span> <span class='ocrx_word' id='word_1_41' title='bbox 673 679 784 734; x_wconf 88' lang='lat' dir='ltr'>uomina</span> <span class='ocrx_word' id='word_1_42' title='bbox 802 679 1007 750; x_wconf 82' lang='lat' dir='ltr'>adgnoueruut,</span> <span class='ocrx_word' id='word_1_43' title='bbox 1027 681 1177 750; x_wconf 90' lang='lat' dir='ltr'>periculum</span> <span class='ocrx_word' id='word_1_44' title='bbox 1195 683 1223 738; x_wconf 93' lang='lat' dir='ltr'>iu</span> <span class='ocrx_word' id='word_1_45' title='bbox 1242 697 1272 738; x_wconf 90' lang='lat' dir='ltr'>se</span> <span class='ocrx_word' id='word_1_46' title='bbox 1290 680 1467 738; x_wconf 87' lang='lat' dir='ltr'>transierunt.</span> <span class='ocrx_word' id='word_1_47' title='bbox 1504 681 1558 738; x_wconf 89' lang='lat' dir='ltr'>Sed</span> <span class='ocrx_word' id='word_1_48' title='bbox 1578 677 1627 764; x_wconf 64' lang='lat' dir='ltr'>[lss‘l</span> 
     </span>
     <span class='ocr_line' id='line_1_6' title="bbox 194 756 1661 841; baseline 0.005 -21"><span class='ocrx_word' id='word_1_49' title='bbox 194 766 218 820; x_wconf 91' lang='grc'>41</span> <span class='ocrx_word' id='word_1_50' title='bbox 235 767 354 836; x_wconf 87' lang='lat' dir='ltr'>pupillus</span> <span class='ocrx_word' id='word_1_51' title='bbox 371 771 436 838; x_wconf 91' lang='lat' dir='ltr'>post</span> <span class='ocrx_word' id='word_1_52' title='bbox 452 767 623 837; x_wconf 77' lang='lat' dir='ltr'>pubertatem</span> <span class='ocrx_word' id='word_1_53' title='bbox 643 764 794 822; x_wconf 87' lang='grc'>4411441144</span> <span class='ocrx_word' id='word_1_54' title='bbox 812 783 829 821; x_wconf 88' lang='lat' dir='ltr'>a</span> <span class='ocrx_word' id='word_1_55' title='bbox 846 772 937 824; x_wconf 92' lang='lat' dir='ltr'>tutore</span> <span class='ocrx_word' id='word_1_56' title='bbox 956 769 1076 839; x_wconf 85' lang='lat' dir='ltr'>acceptis</span> <span class='ocrx_word' id='word_1_57' title='bbox 1095 771 1299 841; x_wconf 88' lang='lat' dir='ltr'>reliquatiouem</span> <span class='ocrx_word' id='word_1_58' title='bbox 1324 771 1383 826; x_wconf 90' lang='lat' dir='ltr'>eius</span> <span class='ocrx_word' id='word_1_59' title='bbox 1401 775 1513 826; x_wconf 86' lang='lat' dir='ltr'>secutus</span> <span class='ocrx_word' id='word_1_60' title='bbox 1531 756 1628 826; x_wconf 62' lang='lat' dir='ltr'>usuras</span> <span class='ocrx_word' id='word_1_61' title='bbox 1648 779 1661 819; x_wconf 78' lang='lat' dir='ltr'>t</span> 
     </span>
     <span class='ocr_line' id='line_1_7' title="bbox 193 856 1628 930; baseline 0.003 -19"><span class='ocrx_word' id='word_1_62' title='bbox 193 857 387 926; x_wconf 83' lang='lat' dir='ltr'>aceeptauerit,</span> <span class='ocrx_word' id='word_1_63' title='bbox 405 856 579 928; x_wconf 82' lang='lat' dir='ltr'>priuilegium</span> <span class='ocrx_word' id='word_1_64' title='bbox 597 869 677 910; x_wconf 89' lang='grc'>444444</span> <span class='ocrx_word' id='word_1_65' title='bbox 696 870 750 912; x_wconf 91' lang='grc'>444</span> <span class='ocrx_word' id='word_1_66' title='bbox 768 856 869 912; x_wconf 86' lang='lat' dir='ltr'>emittit</span> <span class='ocrx_word' id='word_1_67' title='bbox 886 857 914 912; x_wconf 92' lang='lat' dir='ltr'>iu</span> <span class='ocrx_word' id='word_1_68' title='bbox 932 856 1011 916; x_wconf 91' lang='lat' dir='ltr'>bouis</span> <span class='ocrx_word' id='word_1_69' title='bbox 1029 864 1126 916; x_wconf 75' lang='lat' dir='ltr'>tutoris</span> <span class='ocrx_word' id='word_1_70' title='bbox 1143 859 1277 916; x_wconf 87' lang='lat' dir='ltr'>uenditis:</span> <span class='ocrx_word' id='word_1_71' title='bbox 1301 867 1410 930; x_wconf 88' lang='lat' dir='ltr'>praetor</span> <span class='ocrx_word' id='word_1_72' title='bbox 1431 860 1502 916; x_wconf 91' lang='lat' dir='ltr'>euim</span> <span class='ocrx_word' id='word_1_73' title='bbox 1521 860 1628 930; x_wconf 88' lang='lat' dir='ltr'>priuile-</span> 
     </span>
     <span class='ocr_line' id='line_1_8' title="bbox 193 941 552 1015; baseline 0 -15"><span class='ocrx_word' id='word_1_74' title='bbox 193 945 270 1015; x_wconf 80' lang='lat' dir='ltr'>gium</span> <span class='ocrx_word' id='word_1_75' title='bbox 287 945 313 1000; x_wconf 92' lang='lat' dir='ltr'>ei</span> <span class='ocrx_word' id='word_1_76' title='bbox 330 959 442 1002; x_wconf 83' lang='lat' dir='ltr'>seruere</span> <span class='ocrx_word' id='word_1_77' title='bbox 460 941 552 1000; x_wconf 90' lang='lat' dir='ltr'>debet.</span> 
     </span>
    </p>

    <p class='ocr_par' dir='ltr' id='par_1_3' title="bbox 137 1031 1676 1636">
     <span class='ocr_line' id='line_1_9' title="bbox 137 1031 1674 1120; baseline 0.003 -33"><span class='ocrx_word' id='word_1_78' title='bbox 137 1035 175 1094; x_wconf 83' lang='grc'>45</span> <span class='ocrx_word' id='word_1_79' title='bbox 245 1033 324 1088; x_wconf 78' lang='lat' dir='ltr'>Insa</span> <span class='ocrx_word' id='word_1_80' title='bbox 345 1033 415 1089; x_wconf 92' lang='lat' dir='ltr'>libro</span> <span class='ocrx_word' id='word_1_81' title='bbox 436 1039 535 1103; x_wconf 83' lang='lat' dir='ltr'>quarto</span> <span class='ocrx_word' id='word_1_82' title='bbox 559 1034 666 1090; x_wconf 79' lang='grc'>41441444</span> <span class='ocrx_word' id='word_1_83' title='bbox 690 1034 889 1104; x_wconf 76' lang='lat' dir='ltr'>quaestionum.</span> <span class='ocrx_word' id='word_1_84' title='bbox 926 1033 956 1090; x_wconf 87' lang='lat' dir='ltr'>Si</span> <span class='ocrx_word' id='word_1_85' title='bbox 976 1035 1096 1106; x_wconf 91' lang='lat' dir='ltr'>pupillus</span> <span class='ocrx_word' id='word_1_86' title='bbox 1119 1037 1233 1094; x_wconf 83' lang='lat' dir='ltr'>alterum</span> <span class='ocrx_word' id='word_1_87' title='bbox 1259 1051 1294 1092; x_wconf 90' lang='grc'>44</span> <span class='ocrx_word' id='word_1_88' title='bbox 1318 1037 1454 1094; x_wconf 88' lang='lat' dir='ltr'>tutoribus</span> <span class='ocrx_word' id='word_1_89' title='bbox 1472 1031 1629 1120; x_wconf 55' lang='lat' dir='ltr'>We</span> <span class='ocrx_word' id='word_1_90' title='bbox 1646 1038 1674 1091; x_wconf 92' lang='lat' dir='ltr'><em>P</em></span> 
     </span>
     <span class='ocr_line' id='line_1_10' title="bbox 191 1113 1628 1197; baseline 0.003 -20"><span class='ocrx_word' id='word_1_91' title='bbox 191 1125 258 1191; x_wconf 90' lang='lat' dir='ltr'>post</span> <span class='ocrx_word' id='word_1_92' title='bbox 274 1121 448 1192; x_wconf 72' lang='lat' dir='ltr'>pubertatem</span> <span class='ocrx_word' id='word_1_93' title='bbox 466 1123 622 1192; x_wconf 79' lang='lat' dir='ltr'>liberasset,</span> <span class='ocrx_word' id='word_1_94' title='bbox 640 1123 763 1194; x_wconf 88' lang='lat' dir='ltr'>improbe</span> <span class='ocrx_word' id='word_1_95' title='bbox 782 1123 896 1178; x_wconf 87' lang='lat' dir='ltr'>alterum</span> <span class='ocrx_word' id='word_1_96' title='bbox 915 1123 986 1180; x_wconf 91' lang='lat' dir='ltr'>illius</span> <span class='ocrx_word' id='word_1_97' title='bbox 1004 1125 1114 1180; x_wconf 90' lang='lat' dir='ltr'>nomine</span> <span class='ocrx_word' id='word_1_98' title='bbox 1132 1124 1275 1182; x_wconf 87' lang='lat' dir='ltr'>conabitur</span> <span class='ocrx_word' id='word_1_99' title='bbox 1292 1127 1473 1197; x_wconf 83' lang='lat' dir='ltr'>interpellare.</span> <span class='ocrx_word' id='word_1_100' title='bbox 1501 1113 1628 1196; x_wconf 63' lang='lat' dir='ltr'>idemque</span> 
     </span>
     <span class='ocr_line' id='line_1_11' title="bbox 192 1203 1676 1285; baseline 0.003 -19"><span class='ocrx_word' id='word_1_101' title='bbox 192 1209 316 1266; x_wconf 75' lang='lat' dir='ltr'>dicemus</span> <span class='ocrx_word' id='word_1_102' title='bbox 341 1212 370 1266; x_wconf 93' lang='lat' dir='ltr'>iu</span> <span class='ocrx_word' id='word_1_103' title='bbox 395 1210 503 1267; x_wconf 90' lang='lat' dir='ltr'>duobus</span> <span class='ocrx_word' id='word_1_104' title='bbox 531 1212 736 1282; x_wconf 85' lang='lat' dir='ltr'>magistratibus</span> <span class='ocrx_word' id='word_1_105' title='bbox 762 1213 888 1282; x_wconf 77' lang='lat' dir='ltr'>collegia,</span> <span class='ocrx_word' id='word_1_106' title='bbox 916 1203 1031 1283; x_wconf 76' lang='lat' dir='ltr'>quorum</span> <span class='ocrx_word' id='word_1_107' title='bbox 1056 1215 1190 1270; x_wconf 80' lang='lat' dir='ltr'>alterum²</span> <span class='ocrx_word' id='word_1_108' title='bbox 1213 1213 1390 1285; x_wconf 89' lang='lat' dir='ltr'>respublica</span> <span class='ocrx_word' id='word_1_109' title='bbox 1413 1216 1548 1271; x_wconf 87' lang='lat' dir='ltr'>conuenit</span> <span class='ocrx_word' id='word_1_110' title='bbox 1579 1214 1628 1270; x_wconf 91' lang='lat' dir='ltr'>sed</span> <span class='ocrx_word' id='word_1_111' title='bbox 1648 1222 1676 1262; x_wconf 89' lang='lat'>¹0</span> 
     </span>
     <span class='ocr_line' id='line_1_12' title="bbox 192 1298 1628 1374; baseline 0.004 -20"><span class='ocrx_word' id='word_1_112' title='bbox 192 1298 261 1354; x_wconf 86' lang='lat' dir='ltr'>baec</span> <span class='ocrx_word' id='word_1_113' title='bbox 278 1299 307 1355; x_wconf 91' lang='lat' dir='ltr'>in</span> <span class='ocrx_word' id='word_1_114' title='bbox 325 1299 532 1370; x_wconf 73' lang='lat' dir='ltr'>magistratibus</span> <span class='ocrx_word' id='word_1_115' title='bbox 549 1301 691 1370; x_wconf 74' lang='lat' dir='ltr'>beotaui⁸,</span> <span class='ocrx_word' id='word_1_116' title='bbox 710 1301 789 1372; x_wconf 88' lang='lat' dir='ltr'>quasi</span> <span class='ocrx_word' id='word_1_117' title='bbox 808 1300 863 1356; x_wconf 91' lang='lat' dir='ltr'>duo</span> <span class='ocrx_word' id='word_1_118' title='bbox 881 1301 920 1356; x_wconf 89' lang='lat' dir='ltr'>rei</span> <span class='ocrx_word' id='word_1_119' title='bbox 938 1301 1060 1358; x_wconf 87' lang='lat' dir='ltr'>eiusdem</span> <span class='ocrx_word' id='word_1_120' title='bbox 1079 1301 1164 1358; x_wconf 87' lang='lat' dir='ltr'>debiti</span> <span class='ocrx_word' id='word_1_121' title='bbox 1182 1308 1276 1358; x_wconf 91' lang='lat' dir='ltr'>esseut</span> <span class='ocrx_word' id='word_1_122' title='bbox 1293 1304 1463 1361; x_wconf 88' lang='lat' dir='ltr'>omnimodo:</span> <span class='ocrx_word' id='word_1_123' title='bbox 1482 1303 1555 1374; x_wconf 84' lang='lat' dir='ltr'>quod</span> <span class='ocrx_word' id='word_1_124' title='bbox 1573 1318 1628 1360; x_wconf 90' lang='lat' dir='ltr'>nou</span> 
     </span>
     <span class='ocr_line' id='line_1_13' title="bbox 191 1389 1627 1463; baseline 0.003 -19"><span class='ocrx_word' id='word_1_125' title='bbox 191 1389 232 1444; x_wconf 89' lang='lat' dir='ltr'>ita</span> <span class='ocrx_word' id='word_1_126' title='bbox 249 1393 300 1444; x_wconf 87' lang='lat' dir='ltr'>est.</span> <span class='ocrx_word' id='word_1_127' title='bbox 328 1405 392 1444; x_wconf 90' lang='lat' dir='ltr'>nam</span> <span class='ocrx_word' id='word_1_128' title='bbox 410 1390 435 1444; x_wconf 92' lang='lat' dir='ltr'>si</span> <span class='ocrx_word' id='word_1_129' title='bbox 451 1395 567 1459; x_wconf 88' lang='lat' dir='ltr'>uterque</span> <span class='ocrx_word' id='word_1_130' title='bbox 585 1389 700 1446; x_wconf 87' lang='lat' dir='ltr'>idoneus</span> <span class='ocrx_word' id='word_1_131' title='bbox 717 1395 768 1458; x_wconf 90' lang='lat' dir='ltr'>est,</span> <span class='ocrx_word' id='word_1_132' title='bbox 787 1389 884 1446; x_wconf 87' lang='lat' dir='ltr'>electio</span> <span class='ocrx_word' id='word_1_133' title='bbox 900 1390 990 1446; x_wconf 88' lang='lat' dir='ltr'>locum</span> <span class='ocrx_word' id='word_1_134' title='bbox 1010 1407 1064 1447; x_wconf 91' lang='lat' dir='ltr'>non</span> <span class='ocrx_word' id='word_1_135' title='bbox 1082 1389 1177 1446; x_wconf 89' lang='lat' dir='ltr'>babet:</span> <span class='ocrx_word' id='word_1_136' title='bbox 1195 1392 1220 1446; x_wconf 89' lang='lat' dir='ltr'>is</span> <span class='ocrx_word' id='word_1_137' title='bbox 1232 1397 1333 1463; x_wconf 87' lang='lat' dir='ltr'>autem,</span> <span class='ocrx_word' id='word_1_138' title='bbox 1352 1393 1399 1463; x_wconf 86' lang='lat' dir='ltr'>qui</span> <span class='ocrx_word' id='word_1_139' title='bbox 1411 1394 1551 1462; x_wconf 83' lang='lat' dir='ltr'>tempore⁴</span> <span class='ocrx_word' id='word_1_140' title='bbox 1562 1391 1627 1448; x_wconf 80' lang='grc'>1114</span> 
     </span>
     <span class='ocr_line' id='line_1_14' title="bbox 191 1477 1629 1552; baseline 0.002 -19"><span class='ocrx_word' id='word_1_141' title='bbox 191 1481 269 1532; x_wconf 87' lang='grc'>44144</span> <span class='ocrx_word' id='word_1_142' title='bbox 286 1482 338 1548; x_wconf 86' lang='grc'>441,</span> <span class='ocrx_word' id='word_1_143' title='bbox 357 1494 411 1534; x_wconf 88' lang='grc'>444</span> <span class='ocrx_word' id='word_1_144' title='bbox 429 1479 455 1534; x_wconf 89' lang='grc'>41</span> <span class='ocrx_word' id='word_1_145' title='bbox 472 1479 568 1534; x_wconf 92' lang='lat' dir='ltr'>similis</span> <span class='ocrx_word' id='word_1_146' title='bbox 586 1479 694 1550; x_wconf 88' lang='lat' dir='ltr'>estqui</span> <span class='ocrx_word' id='word_1_147' title='bbox 712 1477 778 1534; x_wconf 87' lang='lat' dir='ltr'>nihil</span> <span class='ocrx_word' id='word_1_148' title='bbox 795 1478 886 1550; x_wconf 81' lang='lat' dir='ltr'>habet,</span> <span class='ocrx_word' id='word_1_149' title='bbox 905 1479 954 1534; x_wconf 88' lang='lat' dir='ltr'>sed</span> <span class='ocrx_word' id='word_1_150' title='bbox 972 1481 999 1536; x_wconf 90' lang='lat' dir='ltr'>ei</span> <span class='ocrx_word' id='word_1_151' title='bbox 1016 1480 1062 1550; x_wconf 89' lang='lat' dir='ltr'>qui</span> <span class='ocrx_word' id='word_1_152' title='bbox 1081 1479 1228 1537; x_wconf 79' lang='lat' dir='ltr'>satisfecit:</span> <span class='ocrx_word' id='word_1_153' title='bbox 1246 1480 1330 1538; x_wconf 89' lang='grc'>144141</span> <span class='ocrx_word' id='word_1_154' title='bbox 1347 1481 1418 1538; x_wconf 89' lang='lat' dir='ltr'>enim</span> <span class='ocrx_word' id='word_1_155' title='bbox 1435 1481 1509 1552; x_wconf 90' lang='lat' dir='ltr'>quod</span> <span class='ocrx_word' id='word_1_156' title='bbox 1527 1480 1629 1538; x_wconf 88' lang='grc'>4114141</span> 
     </span>
     <span class='ocr_line' id='line_1_15' title="bbox 190 1567 1676 1636; baseline -0.001 -16"><span class='ocrx_word' id='word_1_157' title='bbox 190 1567 310 1636; x_wconf 89' lang='lat' dir='ltr'>petitori.</span> <span class='ocrx_word' id='word_1_158' title='bbox 1646 1580 1676 1620; x_wconf 88' lang='grc'>44</span> 
     </span>
    </p>

    <p class='ocr_par' dir='ltr' id='par_1_4' title="bbox 135 1653 1725 2174">
     <span class='ocr_line' id='line_1_16' title="bbox 135 1653 1673 1741; baseline 0.005 -32"><span class='ocrx_word' id='word_1_159' title='bbox 135 1659 173 1720; x_wconf 81' lang='grc'>46</span> <span class='ocrx_word' id='word_1_160' title='bbox 244 1655 323 1711; x_wconf 80' lang='lat' dir='ltr'>Inuus</span> <span class='ocrx_word' id='word_1_161' title='bbox 339 1653 409 1712; x_wconf 89' lang='lat' dir='ltr'>libro</span> <span class='ocrx_word' id='word_1_162' title='bbox 425 1671 498 1712; x_wconf 91' lang='lat' dir='ltr'>uouo</span> <span class='ocrx_word' id='word_1_163' title='bbox 515 1671 717 1726; x_wconf 88' lang='lat' dir='ltr'>responsorum.</span> <span class='ocrx_word' id='word_1_164' title='bbox 745 1657 847 1712; x_wconf 90' lang='lat' dir='ltr'>Lucius</span> <span class='ocrx_word' id='word_1_165' title='bbox 858 1657 948 1713; x_wconf 84' lang='grc'>111144</span> <span class='ocrx_word' id='word_1_166' title='bbox 960 1661 1069 1714; x_wconf 88' lang='lat' dir='ltr'>curator</span> <span class='ocrx_word' id='word_1_167' title='bbox 1082 1656 1143 1713; x_wconf 85' lang='lat' dir='ltr'>Gaii</span> <span class='ocrx_word' id='word_1_168' title='bbox 1156 1656 1211 1712; x_wconf 87' lang='lat' dir='ltr'>Seii</span> <span class='ocrx_word' id='word_1_169' title='bbox 1228 1661 1352 1728; x_wconf 86' lang='lat' dir='ltr'>tempore</span> <span class='ocrx_word' id='word_1_170' title='bbox 1370 1673 1452 1714; x_wconf 87' lang='lat' dir='ltr'>curae</span> <span class='ocrx_word' id='word_1_171' title='bbox 1471 1653 1627 1741; x_wconf 60' lang='lat' dir='ltr'>[W</span> <span class='ocrx_word' id='word_1_172' title='bbox 1645 1663 1673 1716; x_wconf 91' lang='lat' dir='ltr'><em>P</em></span> 
     </span>
     <span class='ocr_line' id='line_1_17' title="bbox 190 1735 1627 1819; baseline 0.003 -19"><span class='ocrx_word' id='word_1_173' title='bbox 190 1743 306 1800; x_wconf 81' lang='lat' dir='ltr'>fundum</span> <span class='ocrx_word' id='word_1_174' title='bbox 320 1743 510 1800; x_wconf 78' lang='lat' dir='ltr'>Cornelianum</span> <span class='ocrx_word' id='word_1_175' title='bbox 528 1745 629 1800; x_wconf 88' lang='lat' dir='ltr'>locauit</span> <span class='ocrx_word' id='word_1_176' title='bbox 641 1744 810 1816; x_wconf 87' lang='lat' dir='ltr'>Sempronio,</span> <span class='ocrx_word' id='word_1_177' title='bbox 828 1747 875 1817; x_wconf 88' lang='lat' dir='ltr'>qui</span> <span class='ocrx_word' id='word_1_178' title='bbox 888 1745 1064 1817; x_wconf 86' lang='lat' dir='ltr'>Sempronius</span> <span class='ocrx_word' id='word_1_179' title='bbox 1082 1747 1186 1816; x_wconf 88' lang='lat' dir='ltr'>reliqua</span> <span class='ocrx_word' id='word_1_180' title='bbox 1204 1747 1301 1802; x_wconf 81' lang='lat' dir='ltr'>traxit:</span> <span class='ocrx_word' id='word_1_181' title='bbox 1319 1747 1438 1817; x_wconf 88' lang='lat' dir='ltr'>pupillus</span> <span class='ocrx_word' id='word_1_182' title='bbox 1457 1735 1627 1819; x_wconf 43' lang='lat' dir='ltr'>aetate-pro*-</span> 
     </span>
     <span class='ocr_line' id='line_1_18' title="bbox 190 1833 1627 1907; baseline 0.003 -18"><span class='ocrx_word' id='word_1_183' title='bbox 190 1833 257 1889; x_wconf 86' lang='lat' dir='ltr'>bute</span> <span class='ocrx_word' id='word_1_184' title='bbox 275 1833 392 1889; x_wconf 89' lang='lat' dir='ltr'>eundem</span> <span class='ocrx_word' id='word_1_185' title='bbox 410 1833 547 1904; x_wconf 85' lang='lat' dir='ltr'>quondam</span> <span class='ocrx_word' id='word_1_186' title='bbox 566 1834 693 1890; x_wconf 88' lang='lat' dir='ltr'>colonum</span> <span class='ocrx_word' id='word_1_187' title='bbox 711 1833 901 1905; x_wconf 86' lang='lat' dir='ltr'>Sempronium</span> <span class='ocrx_word' id='word_1_188' title='bbox 920 1833 986 1892; x_wconf 89' lang='lat' dir='ltr'>iecit</span> <span class='ocrx_word' id='word_1_189' title='bbox 1002 1839 1220 1906; x_wconf 88' lang='lat' dir='ltr'>procuratorem:</span> <span class='ocrx_word' id='word_1_190' title='bbox 1245 1850 1361 1904; x_wconf 85' lang='lat' dir='ltr'>quaero,</span> <span class='ocrx_word' id='word_1_191' title='bbox 1380 1851 1416 1890; x_wconf 89' lang='grc'>44</span> <span class='ocrx_word' id='word_1_192' title='bbox 1434 1851 1469 1891; x_wconf 90' lang='grc'>44</span> <span class='ocrx_word' id='word_1_193' title='bbox 1487 1853 1534 1907; x_wconf 92' lang='grc'>44,</span> <span class='ocrx_word' id='word_1_194' title='bbox 1553 1837 1627 1907; x_wconf 88' lang='lat' dir='ltr'>quod</span> 
     </span>
     <span class='ocr_line' id='line_1_19' title="bbox 189 1922 1627 1995; baseline 0.002 -17"><span class='ocrx_word' id='word_1_195' title='bbox 189 1923 236 1978; x_wconf 91' lang='lat' dir='ltr'>ille</span> <span class='ocrx_word' id='word_1_196' title='bbox 254 1927 287 1978; x_wconf 91' lang='lat' dir='ltr'>ut</span> <span class='ocrx_word' id='word_1_197' title='bbox 307 1929 467 1993; x_wconf 88' lang='lat' dir='ltr'>procurator</span> <span class='ocrx_word' id='word_1_198' title='bbox 489 1923 558 1992; x_wconf 83' lang='lat' dir='ltr'>egit,</span> <span class='ocrx_word' id='word_1_199' title='bbox 583 1937 664 1980; x_wconf 92' lang='lat' dir='ltr'>omue</span> <span class='ocrx_word' id='word_1_200' title='bbox 684 1922 809 1978; x_wconf 87' lang='lat' dir='ltr'>debitum</span> <span class='ocrx_word' id='word_1_201' title='bbox 833 1924 994 1980; x_wconf 87' lang='lat' dir='ltr'>adulescens</span> <span class='ocrx_word' id='word_1_202' title='bbox 1018 1924 1165 1995; x_wconf 74' lang='lat' dir='ltr'>agnouisse</span> <span class='ocrx_word' id='word_1_203' title='bbox 1187 1923 1316 1979; x_wconf 87' lang='lat' dir='ltr'>uideatur</span> <span class='ocrx_word' id='word_1_204' title='bbox 1337 1939 1425 1994; x_wconf 84' lang='lat' dir='ltr'>eoque</span> <span class='ocrx_word' id='word_1_205' title='bbox 1449 1925 1557 1980; x_wconf 91' lang='lat' dir='ltr'>nomine</span> <span class='ocrx_word' id='word_1_206' title='bbox 1581 1940 1627 1981; x_wconf 91' lang='lat' dir='ltr'>ou·</span> 
     </span>
     <span class='ocr_line' id='line_1_20' title="bbox 190 2011 1725 2084; baseline 0 -16"><span class='ocrx_word' id='word_1_207' title='bbox 190 2013 323 2084; x_wconf 77' lang='lat' dir='ltr'>cultorem</span> <span class='ocrx_word' id='word_1_208' title='bbox 342 2029 421 2068; x_wconf 88' lang='lat' dir='ltr'>suum</span> <span class='ocrx_word' id='word_1_209' title='bbox 439 2011 608 2068; x_wconf 68' lang='grc'>1144444411.</span> <span class='ocrx_word' id='word_1_210' title='bbox 644 2013 745 2068; x_wconf 88' lang='grc' dir='ltr'>Ρ44144</span> <span class='ocrx_word' id='word_1_211' title='bbox 764 2012 905 2082; x_wconf 89' lang='lat' dir='ltr'>respondit</span> <span class='ocrx_word' id='word_1_212' title='bbox 922 2029 977 2070; x_wconf 95' lang='lat' dir='ltr'>uou</span> <span class='ocrx_word' id='word_1_213' title='bbox 995 2029 1030 2070; x_wconf 90' lang='grc'>44</span> <span class='ocrx_word' id='word_1_214' title='bbox 1048 2029 1096 2084; x_wconf 88' lang='grc'>44,</span> <span class='ocrx_word' id='word_1_215' title='bbox 1120 2013 1195 2083; x_wconf 89' lang='lat' dir='ltr'>quod</span> <span class='ocrx_word' id='word_1_216' title='bbox 1213 2012 1323 2068; x_wconf 88' lang='lat' dir='ltr'>adultus</span> <span class='ocrx_word' id='word_1_217' title='bbox 1346 2028 1423 2082; x_wconf 89' lang='lat' dir='ltr'>eum,</span> <span class='ocrx_word' id='word_1_218' title='bbox 1447 2014 1493 2082; x_wconf 91' lang='lat' dir='ltr'>qui</span> <span class='ocrx_word' id='word_1_219' title='bbox 1516 2014 1628 2084; x_wconf 87' lang='lat' dir='ltr'>praedia</span> <span class='ocrx_word' id='word_1_220' title='bbox 1645 2017 1725 2068; x_wconf 75' lang='grc'>1471</span> 
     </span>
     <span class='ocr_line' id='line_1_21' title="bbox 190 2099 1676 2174; baseline -0.001 -18"><span class='ocrx_word' id='word_1_221' title='bbox 190 2103 251 2158; x_wconf 88' lang='lat' dir='ltr'>sius</span> <span class='ocrx_word' id='word_1_222' title='bbox 263 2102 355 2172; x_wconf 82' lang='lat' dir='ltr'>coluit,</span> <span class='ocrx_word' id='word_1_223' title='bbox 373 2106 576 2170; x_wconf 85' lang='lat' dir='ltr'>procuratorem</span> <span class='ocrx_word' id='word_1_224' title='bbox 589 2099 689 2158; x_wconf 89' lang='lat' dir='ltr'>habere</span> <span class='ocrx_word' id='word_1_225' title='bbox 702 2102 797 2171; x_wconf 85' lang='lat' dir='ltr'>uoluit,</span> <span class='ocrx_word' id='word_1_226' title='bbox 815 2102 947 2173; x_wconf 89' lang='lat' dir='ltr'>debitum,</span> <span class='ocrx_word' id='word_1_227' title='bbox 966 2103 1040 2174; x_wconf 89' lang='lat' dir='ltr'>quod</span> <span class='ocrx_word' id='word_1_228' title='bbox 1053 2118 1088 2158; x_wconf 86' lang='grc'>44</span> <span class='ocrx_word' id='word_1_229' title='bbox 1100 2103 1282 2159; x_wconf 89' lang='lat' dir='ltr'>conductione</span> <span class='ocrx_word' id='word_1_230' title='bbox 1294 2101 1444 2171; x_wconf 75' lang='lat' dir='ltr'>reliquatus</span> <span class='ocrx_word' id='word_1_231' title='bbox 1458 2107 1509 2171; x_wconf 88' lang='grc'>441,</span> <span class='ocrx_word' id='word_1_232' title='bbox 1524 2101 1627 2172; x_wconf 67' lang='grc'>4441444-</span> <span class='ocrx_word' id='word_1_233' title='bbox 1647 2114 1676 2154; x_wconf 89' lang='grc'>44</span> 
     </span>
    </p>

    <p class='ocr_par' dir='ltr' id='par_1_5' title="bbox 157 2188 1675 3061">
     <span class='ocr_line' id='line_1_22' title="bbox 157 2188 1628 2262; baseline 0.001 -15"><span class='ocrx_word' id='word_1_234' title='bbox 157 2204 169 2248; x_wconf 89' lang='lat'>1</span> <span class='ocrx_word' id='word_1_235' title='bbox 190 2191 265 2246; x_wconf 89' lang='lat' dir='ltr'>nisae</span> <span class='ocrx_word' id='word_1_236' title='bbox 283 2205 345 2246; x_wconf 89' lang='lat' dir='ltr'>eum</span> <span class='ocrx_word' id='word_1_237' title='bbox 364 2189 460 2245; x_wconf 90' lang='lat' dir='ltr'>uideri.</span> <span class='ocrx_word' id='word_1_238' title='bbox 498 2188 665 2260; x_wconf 88' lang='lat' dir='ltr'>Sempronii,</span> <span class='ocrx_word' id='word_1_239' title='bbox 689 2191 736 2260; x_wconf 88' lang='lat' dir='ltr'>qui</span> <span class='ocrx_word' id='word_1_240' title='bbox 754 2206 788 2246; x_wconf 87' lang='lat' dir='ltr'>ex</span> <span class='ocrx_word' id='word_1_241' title='bbox 806 2191 1001 2260; x_wconf 79' lang='lat' dir='ltr'>pollicitatione</span> <span class='ocrx_word' id='word_1_242' title='bbox 1024 2191 1132 2248; x_wconf 88' lang='lat' dir='ltr'>debitor</span> <span class='ocrx_word' id='word_1_243' title='bbox 1155 2191 1261 2262; x_wconf 85' lang='lat' dir='ltr'>patriae</span> <span class='ocrx_word' id='word_1_244' title='bbox 1286 2205 1352 2246; x_wconf 90' lang='grc'>4444</span> <span class='ocrx_word' id='word_1_245' title='bbox 1376 2191 1628 2262; x_wconf 87' lang='grc'>4441114441,1444</span> 
     </span>
     <span class='ocr_line' id='line_1_23' title="bbox 189 2278 1627 2350; baseline 0 -14"><span class='ocrx_word' id='word_1_246' title='bbox 189 2295 235 2336; x_wconf 90' lang='lat' dir='ltr'>res</span> <span class='ocrx_word' id='word_1_247' title='bbox 252 2279 362 2350; x_wconf 91' lang='lat' dir='ltr'>publica</span> <span class='ocrx_word' id='word_1_248' title='bbox 379 2279 457 2334; x_wconf 87' lang='lat' dir='ltr'>iussu</span> <span class='ocrx_word' id='word_1_249' title='bbox 473 2279 607 2348; x_wconf 86' lang='lat' dir='ltr'>praesidis</span> <span class='ocrx_word' id='word_1_250' title='bbox 624 2279 759 2350; x_wconf 87' lang='lat' dir='ltr'>possedit:</span> <span class='ocrx_word' id='word_1_251' title='bbox 783 2295 898 2350; x_wconf 88' lang='lat' dir='ltr'>quorum</span> <span class='ocrx_word' id='word_1_252' title='bbox 917 2279 1049 2336; x_wconf 88' lang='lat' dir='ltr'>bonorum</span> <span class='ocrx_word' id='word_1_253' title='bbox 1074 2280 1251 2350; x_wconf 77' lang='lat' dir='ltr'>magistratus</span> <span class='ocrx_word' id='word_1_254' title='bbox 1274 2281 1313 2335; x_wconf 91' lang='lat' dir='ltr'>rei</span> <span class='ocrx_word' id='word_1_255' title='bbox 1332 2278 1458 2350; x_wconf 91' lang='lat' dir='ltr'>publicae</span> <span class='ocrx_word' id='word_1_256' title='bbox 1475 2283 1533 2334; x_wconf 91' lang='lat' dir='ltr'>tres</span> <span class='ocrx_word' id='word_1_257' title='bbox 1551 2296 1627 2336; x_wconf 88' lang='lat' dir='ltr'>curu·</span> 
     </span>
     <span class='ocr_line' id='line_1_24' title="bbox 189 2367 1628 2444; baseline 0 -19"><span class='ocrx_word' id='word_1_258' title='bbox 189 2374 265 2426; x_wconf 87' lang='lat' dir='ltr'>tores</span> <span class='ocrx_word' id='word_1_259' title='bbox 283 2369 490 2437; x_wconf 84' lang='lat' dir='ltr'>constituerunt,</span> <span class='ocrx_word' id='word_1_260' title='bbox 510 2367 556 2436; x_wconf 89' lang='lat' dir='ltr'>qui</span> <span class='ocrx_word' id='word_1_261' title='bbox 574 2367 648 2436; x_wconf 89' lang='lat' dir='ltr'>apud</span> <span class='ocrx_word' id='word_1_262' title='bbox 661 2367 781 2424; x_wconf 84' lang='lat' dir='ltr'>Graecos</span> <span class='ocrx_word' id='word_1_263' title='bbox 794 2367 940 2424; x_wconf 80' lang='grc'>’4444444441</span> <span class='ocrx_word' id='word_1_264' title='bbox 954 2375 1097 2439; x_wconf 89' lang='lat' dir='ltr'>uocantur,</span> <span class='ocrx_word' id='word_1_265' title='bbox 1115 2369 1162 2439; x_wconf 89' lang='lat' dir='ltr'>qui</span> <span class='ocrx_word' id='word_1_266' title='bbox 1180 2375 1278 2440; x_wconf 91' lang='lat' dir='ltr'>postea</span> <span class='ocrx_word' id='word_1_267' title='bbox 1295 2369 1365 2424; x_wconf 89' lang='lat' dir='ltr'>iuter</span> <span class='ocrx_word' id='word_1_268' title='bbox 1378 2383 1407 2424; x_wconf 90' lang='lat' dir='ltr'>se</span> <span class='ocrx_word' id='word_1_269' title='bbox 1420 2369 1479 2424; x_wconf 90' lang='lat' dir='ltr'>sine</span> <span class='ocrx_word' id='word_1_270' title='bbox 1491 2383 1628 2444; x_wconf 81' lang='lat' dir='ltr'>consensu</span> 
     </span>
     <span class='ocr_line' id='line_1_25' title="bbox 189 2455 1627 2529; baseline 0.001 -16"><span class='ocrx_word' id='word_1_271' title='bbox 189 2457 374 2529; x_wconf 90' lang='lat' dir='ltr'>reipublicae</span> <span class='ocrx_word' id='word_1_272' title='bbox 392 2457 653 2517; x_wconf 75' lang='lat' dir='ltr'>administrationem</span> <span class='ocrx_word' id='word_1_273' title='bbox 672 2455 803 2513; x_wconf 89' lang='lat' dir='ltr'>bonorum</span> <span class='ocrx_word' id='word_1_274' title='bbox 823 2456 976 2528; x_wconf 87' lang='lat' dir='ltr'>Sempronii</span> <span class='ocrx_word' id='word_1_275' title='bbox 994 2458 1159 2514; x_wconf 86' lang='lat' dir='ltr'>diuiserunt:</span> <span class='ocrx_word' id='word_1_276' title='bbox 1182 2457 1334 2528; x_wconf 86' lang='lat' dir='ltr'>exquibus</span> <span class='ocrx_word' id='word_1_277' title='bbox 1357 2457 1482 2528; x_wconf 88' lang='lat' dir='ltr'>quidam,</span> <span class='ocrx_word' id='word_1_278' title='bbox 1506 2473 1567 2514; x_wconf 88' lang='lat' dir='ltr'>oum</span> <span class='ocrx_word' id='word_1_279' title='bbox 1586 2473 1627 2514; x_wconf 88' lang='lat' dir='ltr'>re·</span> 
     </span>
     <span class='ocr_line' id='line_1_26' title="bbox 188 2545 1675 2618; baseline -0.002 -15"><span class='ocrx_word' id='word_1_280' title='bbox 188 2549 266 2618; x_wconf 85' lang='lat' dir='ltr'>liqna</span> <span class='ocrx_word' id='word_1_281' title='bbox 282 2546 429 2616; x_wconf 83' lang='lat' dir='ltr'>traherent,</span> <span class='ocrx_word' id='word_1_282' title='bbox 447 2545 538 2601; x_wconf 89' lang='lat' dir='ltr'>idonei</span> <span class='ocrx_word' id='word_1_283' title='bbox 555 2546 583 2602; x_wconf 96' lang='lat' dir='ltr'>iu</span> <span class='ocrx_word' id='word_1_284' title='bbox 602 2546 662 2617; x_wconf 90' lang='lat' dir='ltr'>ipso</span> <span class='ocrx_word' id='word_1_285' title='bbox 679 2551 803 2617; x_wconf 88' lang='lat' dir='ltr'>tempore</span> <span class='ocrx_word' id='word_1_286' title='bbox 821 2547 1062 2602; x_wconf 83' lang='lat' dir='ltr'>administrationis</span> <span class='ocrx_word' id='word_1_287' title='bbox 1081 2561 1143 2601; x_wconf 91' lang='lat' dir='ltr'>esso</span> <span class='ocrx_word' id='word_1_288' title='bbox 1161 2546 1314 2602; x_wconf 86' lang='lat' dir='ltr'>desierunt:</span> <span class='ocrx_word' id='word_1_289' title='bbox 1331 2551 1429 2616; x_wconf 91' lang='lat' dir='ltr'>postea</span> <span class='ocrx_word' id='word_1_290' title='bbox 1443 2547 1562 2618; x_wconf 90' lang='lat' dir='ltr'>pupillus</span> <span class='ocrx_word' id='word_1_291' title='bbox 1580 2546 1627 2602; x_wconf 88' lang='lat' dir='ltr'>he·</span> <span class='ocrx_word' id='word_1_292' title='bbox 1646 2559 1675 2600; x_wconf 88' lang='lat' dir='ltr'>es</span> 
     </span>
     <span class='ocr_line' id='line_1_27' title="bbox 189 2634 1626 2706; baseline -0.002 -14"><span class='ocrx_word' id='word_1_293' title='bbox 189 2651 235 2692; x_wconf 87' lang='lat' dir='ltr'>res</span> <span class='ocrx_word' id='word_1_294' title='bbox 253 2635 419 2706; x_wconf 86' lang='lat' dir='ltr'>Sempronii,</span> <span class='ocrx_word' id='word_1_295' title='bbox 437 2636 484 2706; x_wconf 90' lang='lat' dir='ltr'>qui</span> <span class='ocrx_word' id='word_1_296' title='bbox 502 2635 645 2691; x_wconf 89' lang='lat' dir='ltr'>abstentus</span> <span class='ocrx_word' id='word_1_297' title='bbox 664 2641 735 2705; x_wconf 88' lang='lat' dir='ltr'>eret,</span> <span class='ocrx_word' id='word_1_298' title='bbox 758 2634 794 2691; x_wconf 88' lang='lat' dir='ltr'>ab</span> <span class='ocrx_word' id='word_1_299' title='bbox 811 2635 974 2704; x_wconf 88' lang='lat' dir='ltr'>imperatore</span> <span class='ocrx_word' id='word_1_300' title='bbox 992 2634 1162 2705; x_wconf 85' lang='lat' dir='ltr'>impetrauit,</span> <span class='ocrx_word' id='word_1_301' title='bbox 1186 2639 1217 2689; x_wconf 88' lang='lat' dir='ltr'>ut</span> <span class='ocrx_word' id='word_1_302' title='bbox 1235 2635 1308 2690; x_wconf 87' lang='lat' dir='ltr'>bona</span> <span class='ocrx_word' id='word_1_303' title='bbox 1325 2641 1439 2706; x_wconf 87' lang='lat' dir='ltr'>paterne</span> <span class='ocrx_word' id='word_1_304' title='bbox 1458 2637 1484 2692; x_wconf 90' lang='lat' dir='ltr'>ei</span> <span class='ocrx_word' id='word_1_305' title='bbox 1500 2635 1626 2690; x_wconf 89' lang='lat' dir='ltr'>restitue·</span> 
     </span>
     <span class='ocr_line' id='line_1_28' title="bbox 188 2723 1625 2795; baseline -0.002 -14"><span class='ocrx_word' id='word_1_306' title='bbox 188 2729 296 2781; x_wconf 89' lang='lat' dir='ltr'>rentur:</span> <span class='ocrx_word' id='word_1_307' title='bbox 320 2737 435 2795; x_wconf 88' lang='lat' dir='ltr'>quaero,</span> <span class='ocrx_word' id='word_1_308' title='bbox 454 2741 489 2780; x_wconf 87' lang='grc'>44</span> <span class='ocrx_word' id='word_1_309' title='bbox 508 2724 639 2780; x_wconf 87' lang='grc'>4414414</span> <span class='ocrx_word' id='word_1_310' title='bbox 657 2739 766 2794; x_wconf 88' lang='lat' dir='ltr'>eorum,</span> <span class='ocrx_word' id='word_1_311' title='bbox 784 2723 831 2794; x_wconf 89' lang='lat' dir='ltr'>qui</span> <span class='ocrx_word' id='word_1_312' title='bbox 855 2723 947 2780; x_wconf 87' lang='lat' dir='ltr'>idonei</span> <span class='ocrx_word' id='word_1_313' title='bbox 964 2730 1040 2794; x_wconf 91' lang='lat' dir='ltr'>suut,</span> <span class='ocrx_word' id='word_1_314' title='bbox 1062 2723 1235 2781; x_wconf 81' lang='lat' dir='ltr'>indemnitati</span> <span class='ocrx_word' id='word_1_315' title='bbox 1256 2725 1351 2794; x_wconf 91' lang='lat' dir='ltr'>pupilli</span> <span class='ocrx_word' id='word_1_316' title='bbox 1375 2724 1494 2794; x_wconf 90' lang='lat' dir='ltr'>prospici</span> <span class='ocrx_word' id='word_1_317' title='bbox 1517 2723 1625 2794; x_wconf 86' lang='lat' dir='ltr'>debeat,</span> 
     </span>
     <span class='ocr_line' id='line_1_29' title="bbox 188 2811 1626 2883; baseline -0.002 -12"><span class='ocrx_word' id='word_1_318' title='bbox 188 2831 252 2872; x_wconf 90' lang='lat' dir='ltr'>eum</span> <span class='ocrx_word' id='word_1_319' title='bbox 274 2813 446 2870; x_wconf 86' lang='lat' dir='ltr'>indiuiduam</span> <span class='ocrx_word' id='word_1_320' title='bbox 469 2813 512 2869; x_wconf 87' lang='lat' dir='ltr'>his</span> <span class='ocrx_word' id='word_1_321' title='bbox 535 2811 655 2868; x_wconf 85' lang='lat' dir='ltr'>cilicium</span> <span class='ocrx_word' id='word_1_322' title='bbox 680 2827 761 2868; x_wconf 88' lang='grc'>44444</span> <span class='ocrx_word' id='word_1_323' title='bbox 785 2827 802 2866; x_wconf 91' lang='grc'>4</span> <span class='ocrx_word' id='word_1_324' title='bbox 824 2811 1030 2882; x_wconf 77' lang='lat' dir='ltr'>magistratibus</span> <span class='ocrx_word' id='word_1_325' title='bbox 1048 2813 1199 2868; x_wconf 89' lang='lat' dir='ltr'>iniunctum</span> <span class='ocrx_word' id='word_1_326' title='bbox 1218 2813 1262 2868; x_wconf 90' lang='lat' dir='ltr'>sit.</span> <span class='ocrx_word' id='word_1_327' title='bbox 1299 2813 1400 2868; x_wconf 87' lang='lat' dir='ltr'>Paulus</span> <span class='ocrx_word' id='word_1_328' title='bbox 1423 2812 1578 2883; x_wconf 89' lang='lat' dir='ltr'>respoudit,</span> <span class='ocrx_word' id='word_1_329' title='bbox 1602 2813 1626 2868; x_wconf 91' lang='lat' dir='ltr'>si</span> 
     </span>
     <span class='ocr_line' id='line_1_30' title="bbox 187 2901 1626 2974; baseline -0.001 -16"><span class='ocrx_word' id='word_1_330' title='bbox 187 2903 292 2974; x_wconf 92' lang='lat' dir='ltr'>pupillo</span> <span class='ocrx_word' id='word_1_331' title='bbox 310 2903 338 2958; x_wconf 89' lang='lat' dir='ltr'>in</span> <span class='ocrx_word' id='word_1_332' title='bbox 356 2909 495 2958; x_wconf 89' lang='lat' dir='ltr'>curatores</span> <span class='ocrx_word' id='word_1_333' title='bbox 513 2901 645 2958; x_wconf 88' lang='lat' dir='ltr'>bonorum</span> <span class='ocrx_word' id='word_1_334' title='bbox 664 2901 786 2957; x_wconf 89' lang='grc'>44114444</span> <span class='ocrx_word' id='word_1_335' title='bbox 804 2901 915 2956; x_wconf 87' lang='lat' dir='ltr'>decerni</span> <span class='ocrx_word' id='word_1_336' title='bbox 932 2901 1073 2972; x_wconf 90' lang='lat' dir='ltr'>pleouerit,</span> <span class='ocrx_word' id='word_1_337' title='bbox 1091 2916 1142 2971; x_wconf 89' lang='lat' dir='ltr'>pro</span> <span class='ocrx_word' id='word_1_338' title='bbox 1154 2901 1213 2956; x_wconf 89' lang='lat' dir='ltr'>eius</span> <span class='ocrx_word' id='word_1_339' title='bbox 1225 2901 1355 2971; x_wconf 78' lang='lat' dir='ltr'>portione,</span> <span class='ocrx_word' id='word_1_340' title='bbox 1373 2902 1420 2970; x_wconf 87' lang='lat' dir='ltr'>qui</span> <span class='ocrx_word' id='word_1_341' title='bbox 1438 2901 1553 2957; x_wconf 90' lang='lat' dir='ltr'>idoneus</span> <span class='ocrx_word' id='word_1_342' title='bbox 1571 2916 1626 2958; x_wconf 91' lang='lat' dir='ltr'>nou</span> 
     </span>
     <span class='ocr_line' id='line_1_31' title="bbox 188 2972 1673 3061; baseline -0.003 -14"><span class='ocrx_word' id='word_1_343' title='bbox 188 2993 234 3061; x_wconf 90' lang='lat' dir='ltr'>sit,</span> <span class='ocrx_word' id='word_1_344' title='bbox 253 2991 431 3061; x_wconf 75' lang='lat' dir='ltr'>magistratus</span> <span class='ocrx_word' id='word_1_345' title='bbox 449 2989 589 3046; x_wconf 89' lang='lat' dir='ltr'>conueniri</span> <span class='ocrx_word' id='word_1_346' title='bbox 607 2995 745 3060; x_wconf 89' lang='lat' dir='ltr'>oportere:</span> <span class='ocrx_word' id='word_1_347' title='bbox 764 2987 907 3046; x_wconf 80' lang='grc'>41144414</span> <span class='ocrx_word' id='word_1_348' title='bbox 926 3005 1010 3046; x_wconf 88' lang='lat' dir='ltr'>cansa</span> <span class='ocrx_word' id='word_1_349' title='bbox 1028 2995 1072 3046; x_wconf 89' lang='lat' dir='ltr'>est</span> <span class='ocrx_word' id='word_1_350' title='bbox 1087 2994 1218 3060; x_wconf 87' lang='lat' dir='ltr'>tutorum,</span> <span class='ocrx_word' id='word_1_351' title='bbox 1236 2989 1290 3046; x_wconf 91' lang='grc'>4114</span> <span class='ocrx_word' id='word_1_352' title='bbox 1307 2972 1475 3060; x_wconf 75' lang='lat' dir='ltr'>eorum,‘qui</span> <span class='ocrx_word' id='word_1_353' title='bbox 1487 2990 1526 3044; x_wconf 91' lang='lat' dir='ltr'>rei</span> <span class='ocrx_word' id='word_1_354' title='bbox 1537 2989 1624 3058; x_wconf 90' lang='lat' dir='ltr'>publi·</span> <span class='ocrx_word' id='word_1_355' title='bbox 1645 3001 1673 3042; x_wconf 85' lang='lat' dir='ltr'>eo</span> 
     </span>
    </p>

    <p class='ocr_par' dir='ltr' id='par_1_6' title="bbox 154 3076 1625 3241">
     <span class='ocr_line' id='line_1_32' title="bbox 154 3076 1625 3150; baseline -0.003 -14"><span class='ocrx_word' id='word_1_356' title='bbox 154 3097 169 3142; x_wconf 84' lang='grc'>4</span> <span class='ocrx_word' id='word_1_357' title='bbox 188 3097 239 3136; x_wconf 88' lang='grc'>444</span> <span class='ocrx_word' id='word_1_358' title='bbox 258 3081 369 3150; x_wconf 82' lang='lat' dir='ltr'>negotia</span> <span class='ocrx_word' id='word_1_359' title='bbox 387 3079 585 3135; x_wconf 88' lang='lat' dir='ltr'>administrent.</span> <span class='ocrx_word' id='word_1_360' title='bbox 622 3080 762 3149; x_wconf 87' lang='lat' dir='ltr'>Tutorem,</span> <span class='ocrx_word' id='word_1_361' title='bbox 780 3078 828 3148; x_wconf 88' lang='lat' dir='ltr'>qui</span> <span class='ocrx_word' id='word_1_362' title='bbox 844 3077 988 3148; x_wconf 89' lang='lat' dir='ltr'>pecuniam</span> <span class='ocrx_word' id='word_1_363' title='bbox 1011 3079 1172 3150; x_wconf 86' lang='lat' dir='ltr'>pupillarem</span> <span class='ocrx_word' id='word_1_364' title='bbox 1194 3079 1320 3148; x_wconf 83' lang='lat' dir='ltr'>quamuis</span> <span class='ocrx_word' id='word_1_365' title='bbox 1338 3093 1388 3133; x_wconf 90' lang='lat' dir='ltr'>suo</span> <span class='ocrx_word' id='word_1_366' title='bbox 1406 3078 1516 3135; x_wconf 89' lang='lat' dir='ltr'>nomine</span> <span class='ocrx_word' id='word_1_367' title='bbox 1534 3076 1625 3134; x_wconf 86' lang='grc'>14444-</span> 
     </span>
     <span class='ocr_line' id='line_1_33' title="bbox 188 3165 1625 3241; baseline -0.002 -15"><span class='ocrx_word' id='word_1_368' title='bbox 188 3171 270 3241; x_wconf 82' lang='grc'>44411,</span> <span class='ocrx_word' id='word_1_369' title='bbox 288 3186 343 3226; x_wconf 87' lang='grc'>444</span> <span class='ocrx_word' id='word_1_370' title='bbox 361 3168 449 3224; x_wconf 89' lang='lat' dir='ltr'>uideri</span> <span class='ocrx_word' id='word_1_371' title='bbox 467 3173 563 3224; x_wconf 86' lang='grc'>444144</span> <span class='ocrx_word' id='word_1_372' title='bbox 579 3166 788 3224; x_wconf 80' lang='lat' dir='ltr'>constitutiones</span> <span class='ocrx_word' id='word_1_373' title='bbox 806 3165 913 3236; x_wconf 87' lang='lat' dir='ltr'>iecisse,</span> <span class='ocrx_word' id='word_1_374' title='bbox 931 3182 1002 3236; x_wconf 86' lang='lat' dir='ltr'>quae</span> <span class='ocrx_word' id='word_1_375' title='bbox 1019 3167 1165 3238; x_wconf 89' lang='lat' dir='ltr'>probibent</span> <span class='ocrx_word' id='word_1_376' title='bbox 1182 3168 1325 3238; x_wconf 86' lang='lat' dir='ltr'>pecuniam</span> <span class='ocrx_word' id='word_1_377' title='bbox 1344 3167 1504 3237; x_wconf 88' lang='lat' dir='ltr'>pupillarem</span> <span class='ocrx_word' id='word_1_378' title='bbox 1519 3167 1547 3222; x_wconf 92' lang='lat' dir='ltr'>in</span> <span class='ocrx_word' id='word_1_379' title='bbox 1559 3183 1625 3224; x_wconf 86' lang='lat' dir='ltr'>usus</span> 
     </span>
    </p>

    <p class='ocr_par' dir='ltr' id='par_1_7' title="bbox 154 3254 1626 3327">
     <span class='ocr_line' id='line_1_34' title="bbox 154 3254 1626 3327; baseline -0.005 -7"><span class='ocrx_word' id='word_1_380' title='bbox 154 3275 168 3320; x_wconf 87' lang='lat' dir='ltr'>e</span> <span class='ocrx_word' id='word_1_381' title='bbox 188 3276 255 3316; x_wconf 89' lang='lat' dir='ltr'>suos</span> <span class='ocrx_word' id='word_1_382' title='bbox 273 3261 442 3315; x_wconf 85' lang='grc'>4444441444.</span> <span class='ocrx_word' id='word_1_383' title='bbox 474 3257 633 3323; x_wconf 82' lang='lat' dir='ltr'>Quaesitum</span> <span class='ocrx_word' id='word_1_384' title='bbox 652 3261 703 3326; x_wconf 87' lang='lat' dir='ltr'>est,</span> <span class='ocrx_word' id='word_1_385' title='bbox 722 3272 757 3312; x_wconf 89' lang='lat' dir='ltr'>uu</span> <span class='ocrx_word' id='word_1_386' title='bbox 775 3256 834 3311; x_wconf 91' lang='lat' dir='ltr'>eius</span> <span class='ocrx_word' id='word_1_387' title='bbox 852 3255 993 3326; x_wconf 89' lang='lat' dir='ltr'>pecuniae,</span> <span class='ocrx_word' id='word_1_388' title='bbox 1011 3272 1067 3327; x_wconf 86' lang='lat' dir='ltr'>qua</span> <span class='ocrx_word' id='word_1_389' title='bbox 1079 3259 1154 3312; x_wconf 90' lang='lat' dir='ltr'>tutor</span> <span class='ocrx_word' id='word_1_390' title='bbox 1166 3273 1232 3312; x_wconf 87' lang='lat' dir='ltr'>usus</span> <span class='ocrx_word' id='word_1_391' title='bbox 1244 3261 1295 3326; x_wconf 91' lang='lat' dir='ltr'>est,</span> <span class='ocrx_word' id='word_1_392' title='bbox 1313 3260 1377 3325; x_wconf 92' lang='lat' dir='ltr'>post</span> <span class='ocrx_word' id='word_1_393' title='bbox 1393 3254 1497 3311; x_wconf 87' lang='lat' dir='ltr'>finitam</span> <span class='ocrx_word' id='word_1_394' title='bbox 1517 3271 1626 3326; x_wconf 85' lang='lat' dir='ltr'>quoque</span> 
     </span>
    </p>

    <p class='ocr_par' dir='ltr' id='par_1_8' title="bbox 164 3339 1624 3415">
     <span class='ocr_line' id='line_1_35' title="bbox 164 3339 1624 3415; baseline -0.003 -11"><span class='ocrx_word' id='word_1_395' title='bbox 164 3339 171 3355; x_wconf 77' lang='lat'><strong><em>¹</em></strong></span> <span class='ocrx_word' id='word_1_396' title='bbox 187 3349 304 3404; x_wconf 88' lang='lat' dir='ltr'>tutelam</span> <span class='ocrx_word' id='word_1_397' title='bbox 323 3347 351 3402; x_wconf 94' lang='lat' dir='ltr'>iu</span> <span class='ocrx_word' id='word_1_398' title='bbox 369 3346 442 3402; x_wconf 89' lang='lat' dir='ltr'>diem</span> <span class='ocrx_word' id='word_1_399' title='bbox 461 3345 554 3401; x_wconf 89' lang='lat' dir='ltr'>iudicii</span> <span class='ocrx_word' id='word_1_400' title='bbox 572 3344 677 3415; x_wconf 87' lang='lat' dir='ltr'>accepti</span> <span class='ocrx_word' id='word_1_401' title='bbox 695 3345 805 3400; x_wconf 87' lang='lat' dir='ltr'>easdem</span> <span class='ocrx_word' id='word_1_402' title='bbox 819 3360 916 3400; x_wconf 88' lang='lat' dir='ltr'>usuras</span> <span class='ocrx_word' id='word_1_403' title='bbox 929 3349 1068 3414; x_wconf 90' lang='lat' dir='ltr'>praestare</span> <span class='ocrx_word' id='word_1_404' title='bbox 1081 3345 1190 3401; x_wconf 84' lang='lat' dir='ltr'>debeat</span> <span class='ocrx_word' id='word_1_405' title='bbox 1211 3345 1313 3400; x_wconf 90' lang='lat' dir='ltr'>Paulus</span> <span class='ocrx_word' id='word_1_406' title='bbox 1330 3345 1472 3414; x_wconf 89' lang='lat' dir='ltr'>respoudit</span> <span class='ocrx_word' id='word_1_407' title='bbox 1489 3344 1567 3400; x_wconf 90' lang='lat' dir='ltr'>finite</span> <span class='ocrx_word' id='word_1_408' title='bbox 1578 3343 1624 3400; x_wconf 89' lang='lat' dir='ltr'>ad·</span> 
     </span>
    </p>

    <p class='ocr_par' dir='ltr' id='par_1_9' title="bbox 152 3433 1673 3596">
     <span class='ocr_line' id='line_1_36' title="bbox 152 3433 1673 3504; baseline -0.004 -12"><span class='ocrx_word' id='word_1_409' title='bbox 152 3453 168 3498; x_wconf 79' lang='lat'>4</span> <span class='ocrx_word' id='word_1_410' title='bbox 188 3436 387 3492; x_wconf 89' lang='lat' dir='ltr'>ministratione</span> <span class='ocrx_word' id='word_1_411' title='bbox 406 3450 453 3490; x_wconf 89' lang='grc'>444</span> <span class='ocrx_word' id='word_1_412' title='bbox 472 3449 569 3490; x_wconf 87' lang='lat' dir='ltr'>usuras</span> <span class='ocrx_word' id='word_1_413' title='bbox 587 3434 687 3490; x_wconf 87' lang='lat' dir='ltr'>debere</span> <span class='ocrx_word' id='word_1_414' title='bbox 705 3433 869 3503; x_wconf 89' lang='lat' dir='ltr'>computari,</span> <span class='ocrx_word' id='word_1_415' title='bbox 893 3447 964 3502; x_wconf 87' lang='lat' dir='ltr'>quae</span> <span class='ocrx_word' id='word_1_416' title='bbox 985 3433 1014 3489; x_wconf 94' lang='lat' dir='ltr'>iu</span> <span class='ocrx_word' id='word_1_417' title='bbox 1036 3435 1139 3490; x_wconf 88' lang='lat' dir='ltr'>tutelae</span> <span class='ocrx_word' id='word_1_418' title='bbox 1161 3433 1263 3490; x_wconf 85' lang='lat' dir='ltr'>iudicio</span> <span class='ocrx_word' id='word_1_419' title='bbox 1288 3439 1487 3504; x_wconf 86' lang='lat' dir='ltr'>computentur.</span> <span class='ocrx_word' id='word_1_420' title='bbox 1524 3434 1625 3490; x_wconf 90' lang='lat' dir='ltr'>Paulus</span> <span class='ocrx_word' id='word_1_421' title='bbox 1645 3445 1673 3486; x_wconf 88' lang='lat' dir='ltr'>es</span> 
     </span>
     <span class='ocr_line' id='line_1_37' title="bbox 187 3521 1624 3596; baseline -0.002 -15"><span class='ocrx_word' id='word_1_422' title='bbox 187 3524 331 3596; x_wconf 89' lang='lat' dir='ltr'>respondit</span> <span class='ocrx_word' id='word_1_423' title='bbox 348 3528 460 3594; x_wconf 89' lang='lat' dir='ltr'>propter</span> <span class='ocrx_word' id='word_1_424' title='bbox 477 3539 524 3593; x_wconf 88' lang='lat' dir='ltr'>ee,</span> <span class='ocrx_word' id='word_1_425' title='bbox 547 3537 618 3593; x_wconf 86' lang='lat' dir='ltr'>quae</span> <span class='ocrx_word' id='word_1_426' title='bbox 642 3527 707 3594; x_wconf 91' lang='lat' dir='ltr'>post</span> <span class='ocrx_word' id='word_1_427' title='bbox 727 3521 901 3593; x_wconf 88' lang='lat' dir='ltr'>pubertatem</span> <span class='ocrx_word' id='word_1_428' title='bbox 924 3522 997 3578; x_wconf 81' lang='lat' dir='ltr'>uuila</span> <span class='ocrx_word' id='word_1_429' title='bbox 1020 3523 1184 3578; x_wconf 86' lang='lat' dir='ltr'>necessitate</span> <span class='ocrx_word' id='word_1_430' title='bbox 1208 3527 1338 3592; x_wconf 77' lang='lat' dir='ltr'>cogente,</span> <span class='ocrx_word' id='word_1_431' title='bbox 1362 3521 1413 3578; x_wconf 89' lang='lat' dir='ltr'>sed</span> <span class='ocrx_word' id='word_1_432' title='bbox 1431 3521 1624 3578; x_wconf 86' lang='grc'>44441441414</span> 
     </span>
    </p>

    <p class='ocr_par' dir='ltr' id='par_1_10' title="bbox 153 3609 1673 4217">
     <span class='ocr_line' id='line_1_38' title="bbox 153 3609 1624 3682; baseline -0.002 -12"><span class='ocrx_word' id='word_1_433' title='bbox 153 3631 169 3677; x_wconf 86' lang='lat' dir='ltr'>s</span> <span class='ocrx_word' id='word_1_434' title='bbox 187 3631 241 3670; x_wconf 88' lang='lat' dir='ltr'>sua</span> <span class='ocrx_word' id='word_1_435' title='bbox 257 3619 332 3670; x_wconf 90' lang='grc'>14144</span> <span class='ocrx_word' id='word_1_436' title='bbox 344 3611 550 3682; x_wconf 87' lang='lat' dir='ltr'>administrauit,</span> <span class='ocrx_word' id='word_1_437' title='bbox 570 3610 767 3682; x_wconf 86' lang='lat' dir='ltr'>fideiussorem,</span> <span class='ocrx_word' id='word_1_438' title='bbox 785 3611 833 3682; x_wconf 89' lang='lat' dir='ltr'>qui</span> <span class='ocrx_word' id='word_1_439' title='bbox 845 3612 949 3666; x_wconf 85' lang='lat' dir='ltr'>saluam</span> <span class='ocrx_word' id='word_1_440' title='bbox 961 3625 1019 3666; x_wconf 88' lang='lat' dir='ltr'>rem</span> <span class='ocrx_word' id='word_1_441' title='bbox 1032 3609 1090 3668; x_wconf 86' lang='lat' dir='ltr'>iore</span> <span class='ocrx_word' id='word_1_442' title='bbox 1102 3612 1184 3681; x_wconf 89' lang='lat' dir='ltr'>cauit,</span> <span class='ocrx_word' id='word_1_443' title='bbox 1204 3626 1258 3668; x_wconf 94' lang='lat' dir='ltr'>nou</span> <span class='ocrx_word' id='word_1_444' title='bbox 1270 3612 1364 3670; x_wconf 86' lang='lat' dir='ltr'>teneri</span> <span class='ocrx_word' id='word_1_445' title='bbox 1392 3611 1507 3666; x_wconf 86' lang='lat' dir='ltr'>Tutelae</span> <span class='ocrx_word' id='word_1_446' title='bbox 1524 3610 1624 3667; x_wconf 89' lang='lat' dir='ltr'>iudicio</span> 
     </span>
     <span class='ocr_line' id='line_1_39' title="bbox 186 3698 1624 3770; baseline -0.004 -11"><span class='ocrx_word' id='word_1_447' title='bbox 186 3708 263 3759; x_wconf 90' lang='lat' dir='ltr'>tutor</span> <span class='ocrx_word' id='word_1_448' title='bbox 281 3706 434 3758; x_wconf 89' lang='lat' dir='ltr'>conuentus</span> <span class='ocrx_word' id='word_1_449' title='bbox 452 3700 538 3756; x_wconf 90' lang='lat' dir='ltr'>edidit</span> <span class='ocrx_word' id='word_1_450' title='bbox 554 3698 653 3756; x_wconf 90' lang='lat' dir='ltr'>librum</span> <span class='ocrx_word' id='word_1_451' title='bbox 671 3699 806 3756; x_wconf 89' lang='lat' dir='ltr'>rationum</span> <span class='ocrx_word' id='word_1_452' title='bbox 825 3704 855 3756; x_wconf 92' lang='lat' dir='ltr'>et</span> <span class='ocrx_word' id='word_1_453' title='bbox 872 3699 1022 3756; x_wconf 90' lang='lat' dir='ltr'>secuudum</span> <span class='ocrx_word' id='word_1_454' title='bbox 1041 3715 1104 3756; x_wconf 88' lang='lat' dir='ltr'>euru</span> <span class='ocrx_word' id='word_1_455' title='bbox 1123 3700 1321 3756; x_wconf 90' lang='lat' dir='ltr'>condemnatus</span> <span class='ocrx_word' id='word_1_456' title='bbox 1339 3699 1433 3756; x_wconf 91' lang='lat' dir='ltr'>soluit:</span> <span class='ocrx_word' id='word_1_457' title='bbox 1455 3703 1551 3770; x_wconf 89' lang='lat' dir='ltr'>postea</span> <span class='ocrx_word' id='word_1_458' title='bbox 1568 3719 1624 3754; x_wconf 80' lang='lat' dir='ltr'>cnm</span> 
     </span>
     <span class='ocr_line' id='line_1_40' title="bbox 187 3787 1623 3860; baseline -0.004 -12"><span class='ocrx_word' id='word_1_459' title='bbox 187 3809 206 3848; x_wconf 91' lang='lat' dir='ltr'>a</span> <span class='ocrx_word' id='word_1_460' title='bbox 223 3791 392 3847; x_wconf 85' lang='lat' dir='ltr'>debitoribus</span> <span class='ocrx_word' id='word_1_461' title='bbox 410 3791 540 3860; x_wconf 88' lang='lat' dir='ltr'>paternis,</span> <span class='ocrx_word' id='word_1_462' title='bbox 558 3803 673 3860; x_wconf 87' lang='lat' dir='ltr'>quorum</span> <span class='ocrx_word' id='word_1_463' title='bbox 693 3789 802 3845; x_wconf 88' lang='lat' dir='ltr'>uomina</span> <span class='ocrx_word' id='word_1_464' title='bbox 820 3787 889 3844; x_wconf 90' lang='lat' dir='ltr'>libro</span> <span class='ocrx_word' id='word_1_465' title='bbox 907 3789 1043 3846; x_wconf 88' lang='lat' dir='ltr'>rationum</span> <span class='ocrx_word' id='word_1_466' title='bbox 1061 3804 1117 3845; x_wconf 91' lang='lat' dir='ltr'>uon</span> <span class='ocrx_word' id='word_1_467' title='bbox 1135 3789 1249 3859; x_wconf 84' lang='lat' dir='ltr'>inerant,</span> <span class='ocrx_word' id='word_1_468' title='bbox 1268 3789 1378 3858; x_wconf 82' lang='lat' dir='ltr'>erigere</span> <span class='ocrx_word' id='word_1_469' title='bbox 1396 3789 1479 3844; x_wconf 91' lang='lat' dir='ltr'>uellet</span> <span class='ocrx_word' id='word_1_470' title='bbox 1496 3788 1623 3859; x_wconf 88' lang='lat' dir='ltr'>pupillus,</span> 
     </span>
     <span class='ocr_line' id='line_1_41' title="bbox 184 3877 1673 3954; baseline -0.003 -20"><span class='ocrx_word' id='word_1_471' title='bbox 184 3884 304 3954; x_wconf 66' lang='lat' dir='ltr'>proteus</span> <span class='ocrx_word' id='word_1_472' title='bbox 321 3879 439 3936; x_wconf 89' lang='lat' dir='ltr'>suntab</span> <span class='ocrx_word' id='word_1_473' title='bbox 456 3880 499 3934; x_wconf 86' lang='lat' dir='ltr'>his</span> <span class='ocrx_word' id='word_1_474' title='bbox 517 3878 639 3948; x_wconf 85' lang='lat' dir='ltr'>epoohae</span> <span class='ocrx_word' id='word_1_475' title='bbox 656 3879 767 3935; x_wconf 90' lang='lat' dir='ltr'>tutoris:</span> <span class='ocrx_word' id='word_1_476' title='bbox 791 3879 946 3948; x_wconf 86' lang='lat' dir='ltr'>quaesitum</span> <span class='ocrx_word' id='word_1_477' title='bbox 965 3883 1016 3948; x_wconf 91' lang='lat' dir='ltr'>est,</span> <span class='ocrx_word' id='word_1_478' title='bbox 1034 3881 1126 3934; x_wconf 90' lang='lat' dir='ltr'>utrum</span> <span class='ocrx_word' id='word_1_479' title='bbox 1145 3877 1278 3934; x_wconf 87' lang='lat' dir='ltr'>aduersus</span> <span class='ocrx_word' id='word_1_480' title='bbox 1301 3883 1419 3933; x_wconf 89' lang='lat' dir='ltr'>tutorem</span> <span class='ocrx_word' id='word_1_481' title='bbox 1438 3893 1473 3932; x_wconf 89' lang='lat' dir='ltr'>uu</span> <span class='ocrx_word' id='word_1_482' title='bbox 1491 3877 1624 3932; x_wconf 90' lang='lat' dir='ltr'>aduersus</span> <span class='ocrx_word' id='word_1_483' title='bbox 1643 3891 1673 3930; x_wconf 89' lang='grc'>44</span> 
     </span>
     <span class='ocr_line' id='line_1_42' title="bbox 186 3965 1624 4038; baseline -0.003 -14"><span class='ocrx_word' id='word_1_484' title='bbox 186 3968 326 4024; x_wconf 89' lang='lat' dir='ltr'>debitores</span> <span class='ocrx_word' id='word_1_485' title='bbox 349 3969 421 4024; x_wconf 85' lang='lat' dir='ltr'>actio</span> <span class='ocrx_word' id='word_1_486' title='bbox 445 3968 471 4023; x_wconf 91' lang='lat' dir='ltr'>ei</span> <span class='ocrx_word' id='word_1_487' title='bbox 493 3971 639 4036; x_wconf 86' lang='lat' dir='ltr'>competat</span> <span class='ocrx_word' id='word_1_488' title='bbox 668 3968 768 4022; x_wconf 91' lang='lat' dir='ltr'>Paulus</span> <span class='ocrx_word' id='word_1_489' title='bbox 791 3967 946 4038; x_wconf 89' lang='lat' dir='ltr'>respondit,</span> <span class='ocrx_word' id='word_1_490' title='bbox 970 3966 994 4024; x_wconf 93' lang='lat' dir='ltr'>si</span> <span class='ocrx_word' id='word_1_491' title='bbox 1016 3973 1138 4036; x_wconf 89' lang='lat' dir='ltr'>tempore</span> <span class='ocrx_word' id='word_1_492' title='bbox 1161 3965 1393 4022; x_wconf 86' lang='lat' dir='ltr'>administrandas</span> <span class='ocrx_word' id='word_1_493' title='bbox 1417 3966 1519 4020; x_wconf 88' lang='lat' dir='ltr'>tutelae</span> <span class='ocrx_word' id='word_1_494' title='bbox 1540 3965 1624 4021; x_wconf 88' lang='lat' dir='ltr'>tutori</span> 
     </span>
     <span class='ocr_line' id='line_1_43' title="bbox 186 4053 1623 4126; baseline -0.002 -13"><span class='ocrx_word' id='word_1_495' title='bbox 186 4059 303 4114; x_wconf 88' lang='lat' dir='ltr'>tutelam</span> <span class='ocrx_word' id='word_1_496' title='bbox 319 4057 427 4126; x_wconf 82' lang='lat' dir='ltr'>gerenti</span> <span class='ocrx_word' id='word_1_497' title='bbox 443 4056 580 4112; x_wconf 87' lang='lat' dir='ltr'>debitores</span> <span class='ocrx_word' id='word_1_498' title='bbox 599 4055 759 4126; x_wconf 83' lang='lat' dir='ltr'>uoluissent,</span> <span class='ocrx_word' id='word_1_499' title='bbox 783 4055 912 4112; x_wconf 89' lang='lat' dir='ltr'>liberatos</span> <span class='ocrx_word' id='word_1_500' title='bbox 931 4070 979 4111; x_wconf 89' lang='lat' dir='ltr'>eos</span> <span class='ocrx_word' id='word_1_501' title='bbox 997 4056 1057 4126; x_wconf 88' lang='lat' dir='ltr'>ipso</span> <span class='ocrx_word' id='word_1_502' title='bbox 1074 4055 1134 4112; x_wconf 89' lang='lat' dir='ltr'>iure</span> <span class='ocrx_word' id='word_1_503' title='bbox 1151 4072 1169 4112; x_wconf 90' lang='lat' dir='ltr'>a</span> <span class='ocrx_word' id='word_1_504' title='bbox 1186 4055 1303 4126; x_wconf 86' lang='lat' dir='ltr'>pupillo:</span> <span class='ocrx_word' id='word_1_505' title='bbox 1328 4053 1377 4109; x_wconf 88' lang='lat' dir='ltr'>sed</span> <span class='ocrx_word' id='word_1_506' title='bbox 1402 4055 1425 4108; x_wconf 90' lang='lat' dir='ltr'>si</span> <span class='ocrx_word' id='word_1_507' title='bbox 1448 4070 1510 4109; x_wconf 90' lang='lat' dir='ltr'>cum</span> <span class='ocrx_word' id='word_1_508' title='bbox 1533 4059 1623 4110; x_wconf 88' lang='lat' dir='ltr'>tutore</span> 
     </span>
     <span class='ocr_line' id='line_1_44' title="bbox 186 4142 1623 4217; baseline -0.003 -14"><span class='ocrx_word' id='word_1_509' title='bbox 186 4152 279 4203; x_wconf 87' lang='lat' dir='ltr'>actum</span> <span class='ocrx_word' id='word_1_510' title='bbox 298 4150 381 4217; x_wconf 87' lang='lat' dir='ltr'>esset,</span> <span class='ocrx_word' id='word_1_511' title='bbox 398 4161 481 4216; x_wconf 89' lang='lat' dir='ltr'>posse</span> <span class='ocrx_word' id='word_1_512' title='bbox 499 4145 616 4201; x_wconf 88' lang='lat' dir='ltr'>eundem</span> <span class='ocrx_word' id='word_1_513' title='bbox 635 4145 838 4202; x_wconf 87' lang='lat' dir='ltr'>adulescentem</span> <span class='ocrx_word' id='word_1_514' title='bbox 856 4149 968 4215; x_wconf 86' lang='lat' dir='ltr'>propter</span> <span class='ocrx_word' id='word_1_515' title='bbox 986 4159 1046 4200; x_wconf 86' lang='lat' dir='ltr'>earu</span> <span class='ocrx_word' id='word_1_516' title='bbox 1065 4159 1176 4200; x_wconf 89' lang='lat' dir='ltr'>causam</span> <span class='ocrx_word' id='word_1_517' title='bbox 1195 4144 1298 4199; x_wconf 89' lang='lat' dir='ltr'>tutelae</span> <span class='ocrx_word' id='word_1_518' title='bbox 1315 4143 1432 4214; x_wconf 86' lang='lat' dir='ltr'>experiri</span> <span class='ocrx_word' id='word_1_519' title='bbox 1449 4146 1478 4197; x_wconf 89' lang='lat' dir='ltr'>et</span> <span class='ocrx_word' id='word_1_520' title='bbox 1490 4142 1623 4198; x_wconf 88' lang='lat' dir='ltr'>aduersus</span> 
     </span>
    </p>

    <p class='ocr_par' dir='ltr' id='par_1_11' title="bbox 153 4231 1670 4394">
     <span class='ocr_line' id='line_1_45' title="bbox 153 4231 1623 4307; baseline -0.005 -14"><span class='ocrx_word' id='word_1_521' title='bbox 153 4236 375 4307; x_wconf 85' lang='lat' dir='ltr'>sexceptiouem</span> <span class='ocrx_word' id='word_1_522' title='bbox 400 4235 439 4290; x_wconf 89' lang='lat' dir='ltr'>rei</span> <span class='ocrx_word' id='word_1_523' title='bbox 462 4234 598 4290; x_wconf 84' lang='lat' dir='ltr'>iudicatae</span> <span class='ocrx_word' id='word_1_524' title='bbox 621 4233 676 4290; x_wconf 84' lang='lat' dir='ltr'>doli</span> <span class='ocrx_word' id='word_1_525' title='bbox 699 4235 763 4289; x_wconf 86' lang='lat' dir='ltr'>meli</span> <span class='ocrx_word' id='word_1_526' title='bbox 786 4235 827 4288; x_wconf 90' lang='lat' dir='ltr'>uti</span> <span class='ocrx_word' id='word_1_527' title='bbox 850 4234 1035 4304; x_wconf 85' lang='lat' dir='ltr'>replicatione.</span> <span class='ocrx_word' id='word_1_528' title='bbox 1078 4233 1146 4289; x_wconf 81' lang='lat' dir='ltr'>Cum</span> <span class='ocrx_word' id='word_1_529' title='bbox 1169 4237 1336 4288; x_wconf 84' lang='lat' dir='ltr'>testemeuto</span> <span class='ocrx_word' id='word_1_530' title='bbox 1360 4231 1415 4286; x_wconf 87' lang='lat' dir='ltr'>duo</span> <span class='ocrx_word' id='word_1_531' title='bbox 1438 4236 1542 4287; x_wconf 89' lang='lat' dir='ltr'>tutores</span> <span class='ocrx_word' id='word_1_532' title='bbox 1566 4231 1623 4286; x_wconf 87' lang='lat' dir='ltr'>dati</span> 
     </span>
     <span class='ocr_line' id='line_1_46' title="bbox 186 4321 1670 4394; baseline -0.004 -13"><span class='ocrx_word' id='word_1_533' title='bbox 186 4331 282 4381; x_wconf 87' lang='lat' dir='ltr'>esseut</span> <span class='ocrx_word' id='word_1_534' title='bbox 299 4325 402 4394; x_wconf 93' lang='lat' dir='ltr'>pupillo</span> <span class='ocrx_word' id='word_1_535' title='bbox 419 4329 449 4380; x_wconf 89' lang='lat' dir='ltr'>et</span> <span class='ocrx_word' id='word_1_536' title='bbox 467 4323 647 4380; x_wconf 86' lang='grc'>4114444114</span> <span class='ocrx_word' id='word_1_537' title='bbox 666 4323 725 4379; x_wconf 88' lang='lat' dir='ltr'>uita</span> <span class='ocrx_word' id='word_1_538' title='bbox 742 4321 888 4378; x_wconf 88' lang='lat' dir='ltr'>deicuotus</span> <span class='ocrx_word' id='word_1_539' title='bbox 903 4321 1011 4392; x_wconf 87' lang='grc'>14414441,</span> <span class='ocrx_word' id='word_1_540' title='bbox 1028 4322 1057 4377; x_wconf 89' lang='grc'>14</span> <span class='ocrx_word' id='word_1_541' title='bbox 1074 4322 1163 4378; x_wconf 89' lang='lat' dir='ltr'>locum</span> <span class='ocrx_word' id='word_1_542' title='bbox 1182 4321 1241 4377; x_wconf 88' lang='lat' dir='ltr'>eins</span> <span class='ocrx_word' id='word_1_543' title='bbox 1259 4324 1370 4392; x_wconf 87' lang='lat' dir='ltr'>petente</span> <span class='ocrx_word' id='word_1_544' title='bbox 1388 4324 1475 4376; x_wconf 87' lang='lat' dir='ltr'>matre</span> <span class='ocrx_word' id='word_1_545' title='bbox 1493 4335 1528 4376; x_wconf 87' lang='lat' dir='ltr'>ex</span> <span class='ocrx_word' id='word_1_546' title='bbox 1545 4335 1622 4390; x_wconf 91' lang='lat' dir='ltr'>prae-</span> <span class='ocrx_word' id='word_1_547' title='bbox 1641 4333 1670 4375; x_wconf 86' lang='grc'>44</span> 
     </span>
    </p>
   </div>
   <div class='ocr_carea' id='block_1_3' title="bbox 188 4439 387 4510">
    <p class='ocr_par' dir='ltr' id='par_1_12' title="bbox 188 4439 387 4510">
     <span class='ocr_line' id='line_1_47' title="bbox 188 4439 387 4510; baseline 0.005 -16"><span class='ocrx_word' id='word_1_548' title='bbox 188 4439 387 4510; x_wconf 65' lang='lat' dir='ltr'>amunio)</span> 
     </span>
    </p>
   </div>
   <div class='ocr_carea' id='block_1_4' title="bbox 187 4591 1621 4742">
    <p class='ocr_par' dir='ltr' id='par_1_13' title="bbox 187 4591 1621 4742">
     <span class='ocr_line' id='line_1_48' title="bbox 189 4591 1621 4672; baseline -0.005 -18"><span class='ocrx_word' id='word_1_549' title='bbox 189 4598 432 4668; x_wconf 79' lang='grc' dir='ltr'>ι441441(1141)1</span> <span class='ocrx_word' id='word_1_550' title='bbox 520 4598 669 4669; x_wconf 80' lang='lat' dir='ltr'>¹dimisit,</span> <span class='ocrx_word' id='word_1_551' title='bbox 693 4599 807 4654; x_wconf 85' lang='grc'>41144444</span> <span class='ocrx_word' id='word_1_552' title='bbox 832 4607 879 4653; x_wconf 79' lang='lat' dir='ltr'>tas.</span> <span class='ocrx_word' id='word_1_553' title='bbox 968 4598 1119 4652; x_wconf 86' lang='lat' dir='ltr'>⁸traotsut</span> <span class='ocrx_word' id='word_1_554' title='bbox 1140 4599 1188 4663; x_wconf 81' lang='lat' dir='ltr'>(ste</span> <span class='ocrx_word' id='word_1_555' title='bbox 1200 4599 1262 4672; x_wconf 81' lang='lat' dir='ltr'>serr</span> <span class='ocrx_word' id='word_1_556' title='bbox 1281 4597 1373 4664; x_wconf 65' lang='grc'>114111</span> <span class='ocrx_word' id='word_1_557' title='bbox 1460 4591 1621 4663; x_wconf 84' lang='lat' dir='ltr'>⁴tempore]</span> 
     </span>
     <span class='ocr_line' id='line_1_49' title="bbox 187 4669 555 4742; baseline -0.005 -16"><span class='ocrx_word' id='word_1_558' title='bbox 187 4671 306 4742; x_wconf 77' lang='grc'>44444141</span> <span class='ocrx_word' id='word_1_559' title='bbox 376 4669 555 4725; x_wconf 71' lang='lat' dir='ltr'>‘liberasset</span> 
     </span>
    </p>
   </div>
   <div class='ocr_carea' id='block_1_5' title="bbox 187 4813 1622 5104">
    <p class='ocr_par' dir='ltr' id='par_1_14' title="bbox 187 4813 1622 5033">
     <span class='ocr_line' id='line_1_50' title="bbox 187 4813 1621 4890; baseline -0.007 -14"><span class='ocrx_word' id='word_1_560' title='bbox 187 4820 321 4890; x_wconf 79' lang='grc'>6141444141</span> <span class='ocrx_word' id='word_1_561' title='bbox 329 4819 455 4885; x_wconf 58' lang='lat' dir='ltr'>vmbri,</span> <span class='ocrx_word' id='word_1_562' title='bbox 464 4819 600 4876; x_wconf 88' lang='lat' dir='ltr'>tutoribus</span> <span class='ocrx_word' id='word_1_563' title='bbox 608 4819 746 4873; x_wconf 81' lang='lat' dir='ltr'><em>FWD⁶E·</em></span> <span class='ocrx_word' id='word_1_564' title='bbox 761 4820 795 4874; x_wconf 85' lang='lat'>19</span> <span class='ocrx_word' id='word_1_565' title='bbox 805 4819 877 4888; x_wconf 88' lang='lat' dir='ltr'>eum]</span> <span class='ocrx_word' id='word_1_566' title='bbox 931 4819 967 4874; x_wconf 80' lang='lat'>32</span> <span class='ocrx_word' id='word_1_567' title='bbox 984 4816 1163 4887; x_wconf 87' lang='lat' dir='ltr'>p&#39;u&#39;eouniam</span> <span class='ocrx_word' id='word_1_568' title='bbox 1176 4817 1214 4869; x_wconf 67' lang='lat' dir='ltr'>F*</span> <span class='ocrx_word' id='word_1_569' title='bbox 1255 4813 1421 4872; x_wconf 83' lang='lat' dir='ltr'>34fiuita‘m&#39;</span> <span class='ocrx_word' id='word_1_570' title='bbox 1434 4814 1470 4868; x_wconf 65' lang='lat' dir='ltr'>F*</span> <span class='ocrx_word' id='word_1_571' title='bbox 1511 4815 1545 4868; x_wconf 85' lang='lat'>38</span> <span class='ocrx_word' id='word_1_572' title='bbox 1558 4827 1621 4866; x_wconf 91' lang='lat' dir='ltr'>eou-</span> 
     </span>
     <span class='ocr_line' id='line_1_51' title="bbox 188 4885 1622 4961; baseline -0.006 -15"><span class='ocrx_word' id='word_1_573' title='bbox 188 4906 282 4947; x_wconf 85' lang='lat' dir='ltr'>eorum</span> <span class='ocrx_word' id='word_1_574' title='bbox 292 4893 328 4944; x_wconf 83' lang='lat' dir='ltr'>F¹</span> <span class='ocrx_word' id='word_1_575' title='bbox 369 4890 723 4961; x_wconf 74' lang='grc'>2314444144441]444444444444</span> <span class='ocrx_word' id='word_1_576' title='bbox 736 4889 878 4954; x_wconf 52' lang='lat' dir='ltr'>memus·</span> <span class='ocrx_word' id='word_1_577' title='bbox 932 4890 1078 4944; x_wconf 55' lang='lat' dir='ltr'>neumae*</span> <span class='ocrx_word' id='word_1_578' title='bbox 1094 4890 1099 4957; x_wconf 92' lang='grc' dir='ltr'>Ι</span> <span class='ocrx_word' id='word_1_579' title='bbox 1115 4887 1186 4956; x_wconf 87' lang='lat' dir='ltr'>cum]</span> <span class='ocrx_word' id='word_1_580' title='bbox 1199 4886 1485 4952; x_wconf 65' lang='grc' dir='ltr'>4114444144ῑό</span> <span class='ocrx_word' id='word_1_581' title='bbox 1516 4885 1622 4952; x_wconf 82' lang='lat' dir='ltr'>40pr0·</span> 
     </span>
     <span class='ocr_line' id='line_1_52' title="bbox 188 4957 1452 5033; baseline -0.006 -14"><span class='ocrx_word' id='word_1_582' title='bbox 188 4965 262 5019; x_wconf 79' lang='lat' dir='ltr'>artai</span> <span class='ocrx_word' id='word_1_583' title='bbox 285 4963 313 5027; x_wconf 87' lang='lat' dir='ltr'>I,</span> <span class='ocrx_word' id='word_1_584' title='bbox 342 4963 496 5018; x_wconf 73' lang='lat' dir='ltr'>enumerari</span> <span class='ocrx_word' id='word_1_585' title='bbox 520 4965 554 5029; x_wconf 80' lang='lat'>0,</span> <span class='ocrx_word' id='word_1_586' title='bbox 582 4971 676 5017; x_wconf 81' lang='grc'>4444144</span> <span class='ocrx_word' id='word_1_587' title='bbox 692 4961 881 5033; x_wconf 74' lang='grc'>4444441111</span> <span class='ocrx_word' id='word_1_588' title='bbox 931 4961 1013 5030; x_wconf 80' lang='grc'>1441144]</span> <span class='ocrx_word' id='word_1_589' title='bbox 1032 4960 1093 5026; x_wconf 68' lang='lat'>8⁴1,</span> <span class='ocrx_word' id='word_1_590' title='bbox 1111 4965 1140 5016; x_wconf 83' lang='lat' dir='ltr'>et</span> <span class='ocrx_word' id='word_1_591' title='bbox 1157 4960 1279 5030; x_wconf 80' lang='lat' dir='ltr'>prolatae</span> <span class='ocrx_word' id='word_1_592' title='bbox 1297 4957 1452 5012; x_wconf 68' lang='lat' dir='ltr'>FWDIeo</span> 
     </span>
    </p>

    <p class='ocr_par' dir='ltr' id='par_1_15' title="bbox 188 5033 885 5104">
     <span class='ocr_line' id='line_1_53' title="bbox 188 5033 885 5104; baseline -0.004 -14"><span class='ocrx_word' id='word_1_593' title='bbox 188 5037 222 5090; x_wconf 75' lang='grc'>26</span> <span class='ocrx_word' id='word_1_594' title='bbox 247 5035 474 5090; x_wconf 74' lang='lat' dir='ltr'>restituerentur</span> <span class='ocrx_word' id='word_1_595' title='bbox 498 5033 536 5088; x_wconf 69' lang='lat' dir='ltr'>F*</span> <span class='ocrx_word' id='word_1_596' title='bbox 619 5035 653 5090; x_wconf 81' lang='lat'>29</span> <span class='ocrx_word' id='word_1_597' title='bbox 679 5033 831 5104; x_wconf 88' lang='lat' dir='ltr'>portionem</span> <span class='ocrx_word' id='word_1_598' title='bbox 859 5034 885 5086; x_wconf 83' lang='lat' dir='ltr'><em>F</em></span> 
     </span>
    </p>
   </div>
   <div class='ocr_carea' id='block_1_6' title="bbox 1374 5117 1409 5174">
    <p class='ocr_par' dir='ltr' id='par_1_16' title="bbox 1374 5117 1409 5174">
     <span class='ocr_line' id='line_1_54' title="bbox 1374 5117 1409 5174; baseline 0 0"><span class='ocrx_word' id='word_1_599' title='bbox 1374 5117 1409 5174; x_wconf 78' lang='grc'>19</span> 
     </span>
    </p>
   </div>
   <div class='ocr_carea' id='block_1_7' title="bbox 0 0 1872 5578">
    <p class='ocr_par' dir='ltr' id='par_1_17' title="bbox 0 0 1872 5578">
     <span class='ocr_line' id='line_1_55' title="bbox 0 0 1872 5578; baseline 0 2"><span class='ocrx_word' id='word_1_600' title='bbox 0 0 1872 5578; x_wconf 95' lang='lat' dir='ltr'> </span> 
     </span>
    </p>
   </div>
  </div>
 </body>
</html>
