3738 5550
267 228 325 294 XV
348 231 364 294 1
388 236 503 290 27—32
936 223 1026 301 444
1655 243 1704 290 ΒΕ

266 383 325 440 beri
344 385 438 454 dehet,
463 385 537 454 quod
556 385 630 455 apud
649 401 711 440 oum
730 400 792 440 oum
811 401 865 454 quo
884 385 975 453 agitur
991 385 1015 439 is
1033 399 1130 438 seruus
1148 382 1274 454 haberet,
1294 381 1344 436 scd
1362 381 1466 438 eteius
1484 381 1558 451 qnod
1575 381 1648 453 apud
1664 381 1703 435 el-

267 479 363 528 terum.
397 489 448 528 neo
472 480 565 529 temen
588 489 631 528 res
654 474 787 528 damnosa
809 472 902 527 futura
926 477 969 526 est
991 473 1016 527 oi
1040 473 1085 541 qui
1109 472 1317 540 condemnetur,
1342 486 1404 525 oum
1426 470 1515 540 possit
1531 485 1625 524 rursus
1643 469 1704 539 ipse

267 562 366 616 iudicio
386 563 524 616 societatis
543 563 586 616 uel
607 563 743 616 communi
761 561 911 616 diuidundo
929 560 1003 629 qnod
1022 561 1138 630 amplius
1154 577 1205 615 sus
1216 561 1340 628 portione
1352 561 1403 614 sol·
1436 570 1462 615 Β.
1476 571 1513 626 18,
1545 605 1551 625 ‚
1608 604 1703 638 4—

266 651 338 705 uerit
355 666 372 704 c
390 651 465 705 aooio
483 651 600 705 sociisuo
618 659 673 704 sote
691 651 829 720 consequi.
857 650 930 720 quod
949 650 1070 703 Iulianus
1088 651 1126 703 its
1143 649 1233 703 locum
1254 649 1264 718 ΙΙ
1282 647 1381 702 hahere
1400 634 1703 716 cit—si‘apu‘d-alterum
1722 657 1738 704 t.
1749 653 1800 703 225¹

267 754 375 809 quoque
397 737 449 792 fuit
472 739 622 808 peculium,
646 739 711 808 quia
734 755 767 793 oo
791 753 856 793 casu
869 738 1012 793 soluendo
1036 738 1151 806 quisque
1176 738 1258 792 etiem
1278 738 1381 791 socium
1400 752 1463 792 aere
1482 736 1569 791 alieno
1587 734 1736 790 liberares

267 827 388 882 uidetur:
408 833 437 882 at
455 828 478 881 si
496 828 598 881 nullum
617 827 654 881 sit
671 827 744 896 apud
762 828 876 882 alterum
895 827 1041 896 peculium,
1063 832 1245 895 consuesse,
1265 825 1329 895 quia
1347 841 1397 880 noc
1414 823 1529 880 liberere
1548 823 1602 878 ullo
1621 822 1704 877 modo

267 932 329 971 aere
348 917 436 971 alieno
455 931 517 970 eum
536 915 709 984 intellegitur.

211 1005 249 1062 28
323 1005 464 1059 lumnrrus
482 1003 551 1058 lihro
569 1003 731 1059 duodecimo
749 1003 927 1072 digestorum.
956 1003 1045 1068 Quare
1064 1009 1092 1058 et
1106 1003 1130 1057 si
1142 1003 1216 1058 socio
1229 1017 1318 1071 neque
1330 1001 1410 1057 hores
1422 1015 1510 1071 neque
1528 995 1704 1084 Q
1724 1010 1757 1062 s·

266 1092 401 1149 bonorum
422 1107 565 1162 possessor
584 1093 746 1162 exstitisset,
769 1098 883 1146 eatenus
902 1092 1025 1146 damnari
1043 1090 1126 1146 dehet
1142 1093 1166 1145 is
1185 1107 1247 1146 oum
1266 1106 1320 1160 quo
1339 1095 1430 1146 actum
1446 1088 1542 1160 tuerit,
1567 1093 1704 1159 quatenus

267 1182 402 1251 peculium
421 1181 494 1250 apud
513 1196 576 1234 eum
594 1181 646 1235 erit
663 1186 692 1235 ot
709 1185 841 1249 quantum
861 1195 895 1235 ex
915 1180 993 1235 bonis
1012 1179 1141 1248 consequi
1159 1183 1260 1248 potest.
1723 1193 1752 1232 no

210 1271 248 1328 29
321 1268 413 1324 umus
437 1268 505 1324 libro
527 1284 598 1325 nono
618 1270 653 1324 ed
672 1270 790 1324 edictum
809 1269 984 1338 prouinciale.
1021 1267 1050 1323 Si
1069 1268 1130 1337 quis
1148 1283 1259 1322 seruum
1277 1272 1443 1324 testamento
1460 1267 1525 1322 liho-
1544 1261 1704 1350 Q
1723 1276 1745 1329 S

267 1373 326 1412 rum
345 1373 406 1412 esse
424 1358 533 1412 iusserit
550 1358 650 1412 relictis
669 1357 814 1412 heredibus
833 1357 889 1426 his,
914 1358 960 1425 qui
979 1372 1040 1411 cunr
1059 1371 1140 1412 seruo
1159 1361 1365 1428 contraxerunt,
1388 1361 1504 1427 possunt
1521 1357 1592 1411 inter
1610 1372 1641 1410 se
1659 1371 1704 1410 oo-

266 1445 380 1501 heredes
398 1446 443 1500 uel
461 1445 495 1500 de
513 1447 621 1515 peculio
640 1461 735 1515 agere,
755 1447 819 1515 quia
837 1446 872 1500 de
890 1459 924 1501 eo
942 1445 1057 1514 quisque
1075 1445 1195 1516 peculio,
1214 1444 1287 1514 quod
1307 1445 1380 1514 apud
1399 1460 1462 1500 eum
1480 1449 1563 1515 esset,
1581 1444 1706 1514 quolibet
1794 1511 1805 1519 ⁸

234 1542 246 1587 1
267 1535 320 1590 elio
338 1538 438 1603 agents
456 1540 588 1589 teneatur.
617 1535 733 1589 Etiamsi
745 1534 914 1605 prohibuerit
931 1533 1054 1588 contrahi
1073 1549 1134 1589 eum
1154 1548 1234 1588 seruo
1253 1533 1387 1604 dominus,
1407 1535 1459 1588 erit
1476 1534 1504 1588 in
1522 1548 1585 1588 eum
1604 1533 1640 1588 de
1657 1548 1705 1603 pe-

265 1624 336 1678 oulio
355 1623 434 1679 sotio.
1725 1636 1753 1677 re

209 1708 250 1766 30
320 1711 470 1768 Umrsscs
487 1711 557 1767 libro
576 1711 726 1766 uicensimo
743 1724 815 1765 nono
834 1710 870 1764 ad
888 1709 1016 1764 edictum.
1045 1709 1203 1774 Quaesitum
1222 1713 1273 1781 est,
1292 1727 1328 1764 an
1345 1713 1439 1764 teneat
1455 1709 1527 1764 ectio
1546 1705 1746 1793 QS

266 1799 301 1854 do
324 1801 444 1870 peculio,
468 1801 577 1855 etiamsi
599 1800 665 1854 nihil
688 1800 724 1853 sit
745 1800 772 1853 in
790 1799 897 1868 peculio
916 1814 978 1853 oum
998 1803 1137 1868 ageretur,
1163 1798 1287 1853 simodo
1306 1797 1398 1853 sitrei
1416 1796 1553 1852 iudicatae
1570 1803 1705 1869 tempore.

266 1887 397 1943 Proculus
416 1893 444 1942 et
462 1889 585 1958 Pegasus
603 1888 686 1944 nihilo
704 1887 794 1942 minus
813 1887 915 1942 teneri¹
935 1887 1027 1942 aiunt:
1046 1887 1196 1942 intenditur
1215 1887 1286 1942 enim
1304 1893 1393 1956 recto,
1413 1887 1520 1942 etiamsi
1538 1887 1603 1942 nihil
1622 1888 1705 1943 sitin

266 1976 382 2046 peculio.
416 1977 488 2031 idem
512 1983 540 2032 ot
563 1978 636 2032 cirea
659 1976 695 2031 ad
718 1975 901 2030 exhibendum
926 1976 1005 2031 etin
1028 1991 1085 2030 rcm
1104 1977 1239 2030 actionem
1257 1976 1373 2045 placuit,
1397 1990 1467 2045 quae
1487 1977 1624 2032 sententie
1641 1981 1670 2031 et
1687 1992 1706 2031 a

233 2071 247 2118 1
266 2065 345 2120 nohis
363 2064 505 2134 probanda
522 2070 574 2120 eet.
602 2064 631 2120 Si
649 2080 712 2119 oum
731 2080 764 2119 ex
782 2069 859 2134 parto
878 2064 978 2118 herede
996 2062 1098 2119 domini
1111 2065 1155 2118 uel
1169 2064 1255 2133 patris
1268 2068 1374 2134 agatur,
1394 2063 1538 2118 dumtsxst
1549 2063 1585 2118 ds
1596 2065 1705 2134 peculio
1723 2078 1753 2118 so

267 2153 517 2222 condemnandum,
541 2154 615 2223 quod
639 2153 712 2223 apud
733 2167 795 2207 eum
815 2152 942 2206 heredem
960 2153 997 2207 sit
1015 2153 1061 2222 qui
1080 2154 1253 2208 conuenitur:
1277 2153 1349 2207 idem
1368 2153 1415 2207 et¹
1432 2153 1460 2207 in
1478 2167 1535 2207 rem
1553 2167 1636 2208 uerso
1654 2169 1705 2224 pro

267 2245 352 2311 parte,
371 2243 424 2296 nisi
443 2243 466 2296 sl
484 2240 551 2310 quid
567 2242 595 2295 in
614 2242 699 2311 ipsius
717 2240 827 2296 heredis
844 2256 901 2295 rem
919 2243 1017 2295 uertit:
1035 2255 1086 2295 neo
1104 2241 1183 2309 quasi
1201 2255 1285 2294 unum
1305 2255 1340 2295 ex
1357 2241 1439 2296 sociis
1457 2255 1519 2296 esse
1537 2240 1609 2296 hune
1627 2241 1705 2298 hero·

234 2339 248 2384 2
267 2329 330 2384 dom
349 2328 575 2398 conueniendum,
594 2327 644 2384 sed
662 2344 711 2398 pro
729 2333 807 2399 perte
826 2329 978 2384 dumtaxat.
1005 2328 1078 2384 Sed⁸
1096 2329 1119 2383 si
1136 2329 1196 2398 ipse
1214 2343 1311 2384 seruus
1329 2329 1366 2384 sit
1381 2328 1461 2384 heres
1480 2344 1514 2384 ex
1530 2334 1609 2398 parte
1627 2331 1706 2385 insti·

234 2427 249 2471 u
267 2422 357 2488 tutus,
382 2433 469 2488 aeque
492 2432 554 2472 oum
579 2433 612 2474 eo
637 2418 774 2487 egendum
798 2418 857 2473 erit.
894 2417 942 2473 Sin
963 2433 1029 2474 uero
1046 2417 1120 2496 filius
1138 2417 1174 2472 sit
1191 2417 1316 2487 quamuis
1335 2431 1369 2471 ex
1386 2419 1464 2487 perte
1482 2417 1633 2487 institutus,
1652 2415 1703 2502 Ue)

267 2506 350 2562 nihilo
369 2507 458 2562 minus
476 2508 503 2562 in
522 2507 638 2562 solidum
657 2507 791 2562 actionem
809 2507 938 2576 pstietur.
964 2507 1014 2561 sed
1031 2507 1055 2562 si
1070 2507 1136 2561 uelit
1147 2521 1196 2575 pro
1208 2509 1285 2576 parte
1298 2521 1396 2562 nomen
1407 2506 1548 2562 coheredis
1559 2506 1703 2578 redimere,
1722 2521 1752 2563 2⁵

267 2594 421 2650 audiendus
446 2601 500 2650 est:
526 2595 592 2664 quid
616 2595 688 2650 enim
712 2596 735 2650 si
753 2595 781 2651 in
799 2611 857 2651 rem
876 2597 962 2666 patris
980 2610 1090 2650 uersum
1108 2595 1165 2650 sit?
1195 2610 1244 2649 our
1261 2610 1315 2652 uon
1334 2601 1517 2665 consequatur
1532 2595 1605 2651 iilius
1623 2611 1641 2650 a
1658 2613 1703 2652 oo

232 2692 248 2736 4
267 2683 375 2752 herede,
395 2683 468 2753 quod
486 2684 514 2738 in
532 2684 618 2754 patris
636 2698 665 2738 re
683 2684 746 2739 ost‘l
772 2684 843 2740 idem
863 2688 893 2740 et
910 2685 933 2740 si
950 2685 1086 2755 peculium
1104 2684 1226 2753 locuples
1244 2684 1288 2740 sit.
1320 2684 1357 2754 Is,
1375 2685 1423 2752 qui
1441 2686 1525 2740 semel
1544 2681 1704 2769 [tl—Tse]

233 2780 248 2827 t
267 2772 302 2827 de
319 2773 427 2842 peculio
445 2773 512 2842 egit,
531 2787 625 2828 rursus
643 2777 725 2828 aucto
742 2774 850 2843 peculio
868 2773 903 2828 de
922 2773 1031 2830 residuo
1049 2771 1135 2828 debiti
1153 2786 1235 2842 egere
1253 2777 1351 2842 potest.
1385 2771 1416 2828 Si
1432 2789 1524 2829 annua
1541 2777 1703 2845 exceptione

266 2860 303 2916 sit
324 2861 451 2930 repulsus
474 2877 491 2916 c
513 2861 656 2916 uenditore
680 2861 810 2930 creditor,
835 2862 974 2918 subueniri
991 2863 1017 2917 ei
1035 2862 1168 2916 aduersus
1186 2865 1334 2930 emptorem
1353 2861 1451 2918 debet:
1475 2862 1523 2917 sed
1542 2863 1566 2918 si
1584 2864 1639 2919 alis
1656 2879 1703 2918 ex·

266 2950 399 3020 ceptione,
418 2949 550 3004 hactenus
568 2947 717 3020 subueniri,
735 2956 767 3005 ut
780 2950 900 3006 deducta
912 2966 945 3006 ea
957 2951 1118 3020 quantitate,
1137 2963 1219 3018 quum
1232 2965 1250 3003 a
1261 2950 1403 3004 uendltore
1415 2951 1545 3020 consequi
1556 2953 1701 3023 potuisset,
1722 2966 1752 3006 eo

232 3048 247 3093 6
266 3037 301 3092 ab
319 3043 442 3107 emptore
459 3037 600 3093 residuum
618 3045 809 3107 consequetur.
837 3040 869 3094 In
888 3038 950 3095 dolo
965 3037 1108 3094 obiciendo
1120 3038 1251 3108 temporis
1263 3040 1332 3094 ratio
1345 3037 1474 3094 habetur:
1492 3037 1618 3094 fortassis
1629 3041 1702 3096 enim

264 3131 329 3196 post
349 3132 458 3196 tempus
482 3126 517 3181 de
541 3127 604 3182 dolo
627 3127 743 3182 actionis
765 3143 819 3182 uon
841 3128 961 3197 patietur
985 3127 1076 3183 dolum
1095 3129 1196 3184 malurn
1214 3127 1285 3183 obici
1302 3131 1425 3197 praetor,
1449 3128 1577 3197 quoniam
1596 3143 1649 3182 nec
1668 3128 1703 3183 de

232 3225 247 3269 7
264 3213 327 3270 dolo
351 3216 423 3271 ectio
448 3219 513 3285 post
534 3219 667 3270 statutum
690 3219 800 3285 ternpus
824 3215 913 3272 datur.
950 3217 982 3272 ln
1003 3217 1131 3272 heredem
1155 3219 1247 3271 autern
1267 3215 1322 3271 doli
1340 3217 1461 3271 clausula
1477 3217 1506 3272 in
1524 3215 1554 3271 id
1571 3216 1702 3286 quoded

264 3317 327 3357 oum
345 3304 471 3373 peruenit
486 3301 563 3359 tisri⁴
581 3303 673 3372 dehet,
693 3303 764 3357 ultra
780 3319 844 3358 non.
1722 3321 1754 3362 aa

207 3390 245 3449 31
317 3393 436 3447 Psucus
453 3391 522 3448 libro
539 3392 699 3461 trigensimo
717 3391 753 3446 ed
771 3391 901 3448 edietum.
930 3391 986 3448 Sed
1004 3393 1027 3448 sl
1045 3393 1104 3463 ipse
1121 3392 1200 3448 heres
1217 3392 1281 3448 dolo
1299 3389 1373 3463 iecit,
1392 3393 1454 3448 soli·
1472 3387 1703 3477 Q
1721 3404 1744 3458 s

264 3479 330 3535 dum
346 3485 476 3548 praestat.

208 3567 247 3626 32
319 3568 469 3624 Unrmrsus
486 3565 554 3624 libro
574 3567 695 3624 secundo
713 3568 939 3638 disputationum.
967 3568 996 3624 Si
1015 3585 1050 3624 ex
1067 3569 1175 3626 duobus
1189 3570 1233 3624 uel
1244 3568 1367 3639 pluribus
1378 3567 1524 3623 heredibus
1543 3563 1744 3651 ΜΕ

265 3656 332 3724 eius,
351 3657 399 3723 qni
417 3657 585 3712 manumisso
604 3672 684 3714 seruo
702 3657 747 3712 uel
764 3656 850 3713 libero
868 3672 929 3712 esse
947 3658 1022 3713 iusso
1040 3659 1085 3713 nol
1103 3659 1221 3713 alienato
1238 3658 1283 3713 uel
1301 3661 1409 3713 mortuo
1427 3657 1497 3711 intre
1515 3671 1618 3710 annum
1638 3673 1701 3713 con·

265 3743 352 3799 ueniri
368 3748 486 3814 poterat,
503 3760 574 3800 unus
589 3743 671 3800 tuerit
683 3751 841 3815 conuentus,
861 3761 955 3801 omnes
967 3745 1082 3801 heredes
1094 3745 1288 3814 liberabuntur,
1306 3745 1432 3815 quamuis
1444 3745 1540 3799 nonin
1551 3745 1701 3801 maiorem⁶

264 3833 445 3902 quantitatem
464 3834 522 3888 eius
540 3834 651 3902 peculii,
670 3833 743 3903 quod
761 3849 847 3904 penos
865 3849 894 3889 se
914 3834 998 3890 hahet
1014 3836 1062 3904 qui
1079 3836 1252 3904 conuenitur,
1272 3834 1478 3902 condemnetur,
1497 3832 1581 3903 idque
1599 3834 1641 3888 its
1657 3834 1702 3889 lu·
1722 3851 1752 3890 so

263 3921 353 3976 lianus
371 3922 488 3992 scripsit·
516 3922 644 3991 idemque
662 3927 705 3977 est
722 3927 751 3978 ot
769 3923 791 3976 si
810 3923 839 3977 in
857 3903 968 3978 alterius
986 3937 1044 3977 rem
1061 3922 1145 3978 tuerit
1161 3939 1280 3978 uersum.
1307 3922 1356 3977 sed
1374 3925 1403 3976 et
1420 3921 1443 3976 si
1457 3923 1549 3990 plures
1561 3922 1618 3976 sint
1630 3920 1702 3978 fruo-

264 4010 346 4064 tuarii
368 4011 413 4066 uel
437 4009 525 4065 bonae
546 4008 611 4066 fidei
631 4025 818 4083 possessores,
842 4027 913 4066 unus
938 4017 1090 4068 conuentus
1114 4016 1220 4067 ceteros
1237 4008 1347 4080 liberat,
1371 4011 1496 4080 quemuis
1514 4025 1569 4065 non
1587 4011 1703 4067 maioris

263 4116 289 4172 F
295 4114 426 4186 [Pam]

264 4273 406 4328 ¹tenore?
476 4273 578 4330 ’idem
596 4275 633 4347 ot]
651 4277 717 4332 item
736 4275 792 4332 de?
862 4276 942 4332 ³ssd
959 4277 1008 4333 et?
1077 4275 1199 4331 ⁴liniri?
1269 4277 1380 4346 ‘quem
1398 4284 1446 4331 ine.

264 4413 362 4468 lenm
380 4429 443 4469 eum
517 4415 591 4484 quod
609 4415 683 4485 apud
701 4417 807 4482 ΜΡ,
825 4432 888 4472 eum
1005 4417 1159 4473 intestam.
1178 4417 1257 4472 ΡΜ]
1307 4417 1341 4472 12
1358 4417 1454 4472 inserit
1472 4418 1519 4484 F!
1539 4415 1702 4474 h‘ab'eredi-

263 4483 337 4553 quod
355 4485 415 4539 add.
428 4485 472 4548 Ρ),
492 4486 565 4571 apud
584 4489 680 4561 adds:
704 4487 742 4541 rui
767 4486 799 4549 oi
822 4489 950 4543 exoreirar
1005 4487 1058 4544 bus
1076 4490 1113 4542 F*
1130 4491 1134 4556 Ι
1150 4489 1334 4544 contraxerint
1350 4489 1378 4542 P
1429 4489 1462 4543 14
1480 4489 1572 4558 agenti
1591 4487 1700 4554 F¹P·l

262 4555 295 4610 τὸ
313 4555 345 4610 ds
363 4555 430 4625 nepe
448 4555 487 4623 τῷ
506 4559 670 4626 enssos'esqr,
694 4557 758 4613 llil
782 4561 820 4613 ssi
838 4559 871 4614 τὸ
888 4559 948 4631 uep'
1006 4565 1115 4614 tenetur
1134 4561 1171 4614 F²
1241 4561 1274 4615 19
1295 4560 1420 4628 peculio
1441 4559 1478 4612 l*
1548 4560 1584 4613 22
1605 4561 1701 4630 uertit]

262 4626 345 4697 ἑτέρῳ
359 4627 477 4698 Β(Τι·ρ.)
522 4627 836 4699 loondempuenturPt
880 4633 953 4686 4so·
1006 4631 1135 4685 uertisset
1161 4630 1239 4685 PLU
1314 4631 1349 4684 28
1377 4629 1501 4686 auoto¹re'
1523 4631 1632 4698 peculio
1666 4631 1703 4684 F’

263 4698 347 4752 oiisue
371 4699 428 4753 suis
458 4700 596 4768 consequi]
624 4701 742 4756 sociisue
761 4700 859 4755 'siisue'
876 4703 953 4756 suiiis
1007 4699 1369 4769 sodeduotaea1dedncce
1383 4703 1423 4755 P·
1475 4701 1510 4754 32
1528 4701 1647 4755 eodonis

262 4769 393 4837 consequi
401 4769 446 4832 Ρ,
462 4769 579 4824 sociisue
591 4785 669 4825 suum
681 4772 725 4827 ius
738 4773 869 4841 consequi
872 4773 954 4846 sPU,
1006 4773 1116 4827 dedolo
1130 4793 1178 4826 om.
1193 4773 1230 4825 F¹
1246 4775 1250 4838 Ι
1266 4772 1407 4841 patiturP
1447 4771 1563 4840 35ipse]
1576 4771 1605 4825 id
1618 4787 1651 4826 se
1665 4773 1704 4826 P·

261 4840 376 4896 sotiisue
399 4855 479 4894 suum
504 4843 635 4910 consequi
656 4843 699 4898 ins
723 4843 746 4896 h
767 4844 772 4911 Ι
792 4843 893 4898 hahere
915 4845 954 4898 lo·
1006 4843 1041 4898 39
1059 4847 1186 4912 poterut
1202 4843 1240 4896 F’
1260 4845 1265 4909 1
1285 4843 1312 4896 in
1336 4843 1436 4897 maiore
1458 4845 1535 4911 parte
1559 4842 1703 4911 quantita-

262 4924 325 4965 cum
342 4912 371 4965 P
410 4910 483 4980 det]
503 4912 577 4981 quod
595 4912 674 4967 Pet}
717 4914 896 4969 &undecimo
907 4914 954 4979 Ρ,
1005 4920 1062 4969 tem
1075 4916 1123 4978 P·,
1137 4915 1165 4969 in
1176 4914 1279 4968 maiore
1290 4914 1444 4982 quantitate
1454 4911 1550 4968 P⁴LU
1581 4915 1619 4967 41
1633 4915 1703 4970 scri-

262 4981 365 5036 xiiiiU
425 4985 457 5038 11
481 4983 648 5052 prouinciale
671 5001 719 5038 orn.
736 4985 787 5038 PU
806 4986 810 5053 Ι
832 4985 953 5055 testem]
1005 4984 1048 5040 bit
1065 4984 1144 5040 PLU
1192 4985 1228 5038 42
1246 4985 1361 5040 maiores
1379 4985 1419 5037 P·
