3648 5564
297 230 339 296 vi
363 235 377 295 l
401 237 516 291 27-35
963 222 1050 302 206
1595 249 1639 296 ns
1659 249 1713 296 aar

297 388 320 440 si
338 387 392 440 litis
410 390 579 440 contestatae
596 390 718 452 tempore
736 399 791 439 uon
808 382 938 452 possedit,
957 398 1011 451 quo
1030 387 1121 436 autem
1140 383 1275 438 iudioatnr
1291 383 1422 452 possidet,
1440 383 1582 453 probanda
1598 389 1640 440 est
1654 385 1713 441 Pro

296 475 350 530 euli
366 475 515 542 sententia,
539 478 571 528 ut
587 471 742 528 omnimodo
761 471 969 528 condemnetur:
993 487 1059 540 ergo
1078 477 1106 525 et
1123 470 1259 526 fruetuum
1278 473 1386 528 nomine
1404 487 1439 527 ex
1456 489 1511 542 quo
1529 475 1618 543 eoepit
1633 475 1714 544 possi-

264 577 279 620 s
296 564 361 618 dere
378 562 560 624 damnabitur.
587 560 617 617 Si
633 561 715 617 homo
732 561 834 631 potitius
846 559 908 615 dolo
920 561 1086 630 possessoris
1098 559 1216 615 deterior
1227 560 1317 616 iaetus
1328 562 1374 630 sit,
1392 561 1491 616 deinde
1502 563 1562 618 sine
1573 563 1650 633 eulpa
1661 563 1715 618 eins

297 669 331 708 ex
349 653 402 707 alia
419 669 503 708 eausa
520 657 643 706 moronus
661 652 704 720 sit,
723 650 876 706 aestimatio
895 665 948 704 non
966 647 1014 702 fiet
1032 649 1098 717 eius,
1117 649 1192 717 quod
1204 649 1365 704 deteriorem
1377 665 1440 709 eum
1452 649 1563 721 seeerst,
1580 652 1644 720 quia
1654 651 1716 706 nibil

296 742 409 796 interest
425 741 562 810 petitoris:
580 739 629 794 sed
646 739 714 794 haee
732 745 862 810 qnantum
880 737 916 792 ad
934 739 962 791 in
979 752 1036 792 rem
1055 738 1203 792 sotionem:
1221 738 1290 807 legis
1305 744 1396 794 autem
1409 739 1535 810 Aquiliae
1547 741 1618 796 aetio
1630 739 1713 794 durat.
1733 755 1744 793 s

264 843 279 887 a
297 829 352 886 Sed
375 836 404 884 et
425 831 462 899 is,
486 830 532 899 qui
549 835 613 884 ante
630 830 704 883 litem
723 833 903 884 contestatam
921 825 984 881 doio
1002 825 1084 881 desiit
1101 841 1158 881 rem
1176 827 1329 896 possidere,
1353 833 1461 884 tenetur
1477 829 1506 884 in
1523 845 1581 886 rem
1599 829 1717 885 ustione:

296 919 378 988 idque
396 934 430 973 ex
448 925 560 973 senatus
578 918 701 973 oonsnlto
719 918 810 986 colligi
827 921 931 986 potest,
953 931 1006 984 quo
1024 920 1135 970 uautum
1152 921 1203 984 est,
1220 921 1252 970 nt
1268 916 1394 988 diximus,
1413 923 1445 973 ut
1461 917 1540 974 dolus
1557 917 1717 988 praeteritus

295 1009 324 1064 in
341 1007 500 1063 hereditatis
517 1008 675 1077 petitionem
693 1007 797 1062 ueniat:
816 1022 877 1059 oum
896 1005 967 1059 enim
985 1005 1014 1058 in
1031 1003 1190 1059 hereditatis
1208 1006 1346 1076 petitione,
1365 1022 1435 1077 quae
1447 1011 1478 1062 ot
1487 1008 1549 1077 ipsa
1558 1007 1588 1062 in
1600 1021 1658 1062 rem
1669 1011 1718 1075 est,

296 1096 375 1152 dolus
392 1097 554 1166 praeteritus
571 1094 664 1165 fertur,
686 1110 740 1150 non
758 1099 801 1149 est
817 1093 965 1148 absurdum
983 1109 1032 1162 per
1049 1094 1257 1162 consequentias
1275 1100 1304 1150 et
1321 1095 1349 1150 in
1367 1096 1477 1165 speoiali
1494 1097 1523 1152 in
1538 1111 1597 1151 rem
1615 1096 1719 1150 mone

264 1186 388 1244 odolum
411 1186 585 1256 praeteritum
609 1183 716 1238 dednoi.
752 1183 782 1238 Si
805 1198 854 1252 per
875 1181 960 1238 filium
979 1189 1028 1237 aut
1043 1198 1092 1251 per
1109 1197 1218 1238 seruum
1236 1189 1315 1254 pater
1331 1185 1376 1240 nel
1393 1185 1519 1240 dominus
1536 1184 1678 1254 possideat
1694 1189 1721 1238 et
1738 1199 1762 1237 m

296 1276 320 1330 is
338 1276 397 1330 sine
414 1275 495 1344 omps
511 1274 596 1344 patris
614 1273 751 1328 dominiue
769 1273 807 1327 rei
825 1271 986 1327 indicandae
1004 1277 1127 1340 tempore
1144 1271 1229 1327 absit:
1247 1275 1291 1328 uel
1309 1279 1416 1343 tempus
1434 1273 1554 1330 dandum
1566 1275 1612 1330 uel
1624 1288 1720 1329 oauen

264 1375 278 1420 5
297 1364 368 1418 dum·
386 1369 428 1418 est
450 1362 484 1416 de
506 1363 682 1432 possessione
696 1359 874 1416 restituenda.
909 1361 941 1415 ln
959 1375 1015 1414 rem
1034 1361 1147 1429 petitam
1165 1361 1188 1414 si
1206 1376 1350 1431 possessor
1366 1366 1430 1418 ante
1447 1362 1523 1418 litem
1540 1367 1722 1418 oontestatrm

296 1459 421 1522 sumptus
438 1450 510 1522 feeit,
528 1467 577 1522 per
594 1452 649 1506 doli
667 1452 730 1506 mali
748 1450 936 1520 exeeptionem
953 1449 1022 1504 ratio
1040 1464 1133 1504 eorum
1152 1448 1246 1504 haberi
1263 1450 1354 1520 debet,
1372 1451 1397 1506 si
1412 1455 1572 1521 perseueret
1588 1458 1666 1508 autor
1677 1467 1722 1522 pe-

295 1547 354 1597 tere
371 1557 428 1596 rem
446 1557 524 1596 aram
541 1555 596 1596 non
613 1539 726 1595 redditis
744 1538 906 1609 sumptibus.
938 1537 1010 1592 idem
1029 1542 1072 1592 est
1089 1538 1186 1608 etiam,
1205 1539 1230 1592 si
1245 1541 1337 1596 noxali
1354 1539 1454 1595 iudioio
1471 1555 1580 1596 seruum
1599 1539 1725 1596 defendit

296 1637 325 1686 et
341 1630 485 1685 damnatus
503 1630 638 1699 praestitit
655 1629 807 1700 peouuiam,
826 1633 874 1683 aut
891 1628 920 1682 in
937 1642 1002 1682 area
1020 1642 1090 1696 quae
1107 1625 1160 1682 t'uit
1176 1628 1300 1697 petitoris
1317 1644 1367 1698 per
1384 1643 1502 1684 emonem
1520 1631 1639 1686 insulam
1650 1628 1724 1685 aedi·
1742 1643 1767 1682 ιι

295 1718 402 1774 tiuauit:
425 1719 478 1773 nisi
499 1722 592 1773 tamen
613 1722 725 1789 paratus
748 1718 785 1772 sit
801 1717 901 1788 petitor
918 1716 975 1786 pati
992 1716 1086 1771 tollere
1104 1731 1166 1770 eum
1184 1716 1347 1772 aediticium.
1378 1717 1452 1788 quod
1470 1725 1499 1774 et
1516 1720 1545 1775 in
1562 1733 1628 1774 area
1646 1718 1725 1774 uxori

295 1808 397 1863 donata
414 1822 463 1876 per
479 1807 604 1877 indieem,
623 1808 669 1876 qui
687 1806 722 1862 de
740 1806 804 1862 dote
822 1806 971 1875 eognosoit,
990 1803 1144 1860 iaciendum
1156 1805 1291 1862 dirorum
1318 1805 1367 1862 sed
1379 1807 1403 1861 si
1414 1822 1529 1876 puerum
1541 1823 1643 1878 meum,
1663 1823 1725 1862 uum

294 1897 463 1968 possideres,
484 1895 629 1966 erudisses,
647 1911 704 1952 nou
720 1894 792 1950 idem
810 1893 1011 1950 obseruandum
1029 1894 1159 1948 Prooulru
1177 1895 1323 1966 erbtimat,
1341 1896 1407 1965 quia
1424 1911 1513 1967 neque
1530 1911 1624 1952 earero
1645 1909 1726 1953 seruo

296 2002 357 2042 meo
374 1985 489 2042 debeam
507 1999 558 2041 noo
575 1988 668 2055 potest
684 1983 834 2038 remedium
850 1983 923 2038 idem
942 1981 1072 2052 adbiberi,
1090 1983 1164 2053 quod
1182 1984 1210 2038 in
1228 1999 1293 2039 area
1310 1984 1443 2040 diximus:
1745 1997 1770 2037 ts

240 2073 278 2132 28
342 2074 442 2130 'emus
459 2073 527 2130 libro
545 2074 661 2143 septimo
678 2072 714 2127 ad
732 2072 850 2127 edietum
868 2071 1041 2142 prouinciale.
1075 2069 1145 2128 sorte
1163 2072 1236 2142 qnod
1253 2073 1384 2143 pictorem
1403 2077 1452 2129 aut
1468 2073 1548 2130 libra·
1567 2069 1728 2158 Q
1754 2080 1778 2134 Ε

296 2164 365 2220 rium
383 2162 517 2218 doeueris.
543 2160 554 2230 Ι
571 2161 686 2216 diuitur¹
704 2177 760 2216 non
777 2161 856 2216 aliter
872 2159 962 2216 officio
980 2160 1077 2215 indiois
1094 2160 1311 2216 aestimationem
1329 2161 1425 2218 habeti
1441 2178 1531 2235 posse,
1745 2171 1808 2218 lut

240 2251 278 2310 29
347 2255 519 2310 Postremus
535 2250 604 2306 libro
622 2250 771 2306 uicensimo
788 2250 876 2319 primo
893 2249 930 2306 ad
948 2249 1077 2315 Quintum
1093 2250 1221 2305 biuuium.
1248 2251 1300 2306 uisi
1312 2251 1336 2306 si
1347 2252 1472 2308 uenalem
1483 2267 1548 2308 eum
1566 2247 1728 2336 Q
1756 2258 1790 2311 Ε·

295 2342 397 2399 babeas
415 2346 445 2397 et
460 2341 522 2412 plus
540 2355 576 2396 ex
592 2340 679 2410 pretio
697 2339 755 2394 eius
773 2344 969 2394 consecuturus
986 2340 1025 2394 sis
1042 2345 1153 2409 propter
1170 2337 1323 2409 artitiuium,

239 2429 279 2488 30
348 2431 442 2488 Ganos
463 2430 532 2486 libro
555 2429 672 2499 septimo
695 2428 731 2483 ad
754 2428 873 2484 edietum
895 2429 1069 2498 prouincialo.
1106 2433 1154 2483 ant
1176 2429 1201 2484 si
1223 2434 1287 2484 aute
1305 2429 1494 2486 denuntiatum
1511 2429 1548 2486 sit
1579 2425 1729 2499 {He-o
1757 2436 1781 2490 Ε

296 2522 389 2591 autori,
406 2525 439 2576 ut
455 2520 606 2589 impensam
623 2517 749 2588 solueret,
768 2521 797 2574 et
814 2532 847 2572 eo
865 2516 1053 2572 dissimulante
1070 2517 1161 2587 posita
1177 2518 1216 2573 sit
1231 2517 1286 2574 doli
1303 2519 1368 2574 mali
1385 2519 1519 2590 exeeptio.
1747 2531 1775 2572 rs

239 2608 276 2666 31
347 2610 467 2666 Pronus
484 2607 552 2664 libro
569 2607 717 2662 uiuensimo
735 2606 822 2676 primo
840 2605 876 2660 ad
894 2605 1022 2662 edietum.
1050 2606 1178 2662 Ceterum
1195 2622 1257 2662 enm
1276 2608 1311 2663 de
1329 2606 1462 2662 buodbus
1474 2607 1548 2662 serui
1566 2603 1730 2691 [W
1758 2613 1784 2665 Ε

295 2699 374 2770 petiti
396 2697 547 2768 quaeritur,
572 2711 626 2750 non
648 2699 755 2750 tautum
777 2693 908 2764 pubertas
931 2694 990 2750 eius
1013 2695 1164 2765 speoauda
1186 2701 1241 2765 est,
1264 2696 1328 2765 quia
1348 2697 1430 2751 etiam
1449 2696 1598 2768 impuberis
1615 2699 1730 2769 aliquae

295 2802 394 2859 operae
411 2801 473 2842 esse
490 2790 614 2856 possunt
645 2783 767 2853 improbe
785 2789 876 2842 amen
894 2781 1061 2840 desiderabit
1078 2785 1179 2854 petitor
1195 2781 1301 2840 fruotm
1319 2785 1470 2856 aesdmari,
1490 2786 1538 2857 qui
1554 2801 1590 2842 ex
1608 2785 1730 2844 mutuo

294 2878 354 2933 eius
371 2875 475 2947 peroipi
491 2877 646 2944 potueruut,
663 2871 737 2943 quod
755 2871 898 2928 artificium
915 2873 1070 2943 sumptibus
1086 2872 1254 2943 possessoris
1272 2872 1375 2928 didicit
1749 2885 1776 2928 sa

238 2965 277 3024 32
346 2965 540 3021 Monusrntus
557 2961 625 3018 libro
644 2965 742 3016 oetauo
760 2961 981 3016 differemianum.
1018 2962 1096 3028 Quod
1113 2962 1138 3017 si
1155 2960 1286 3018 adfluens
1303 2961 1407 3034 feeerit,
1426 2967 1491 3033 post
1507 2963 1548 3018 ui-
1566 2959 1731 3049 ῶ
1760 2971 1796 3026 Ε·

295 3055 446 3114 oensimum
468 3053 593 3124 quinam
617 3066 717 3106 aunum
740 3051 813 3122 eins,
836 3051 884 3120 qui
906 3049 1049 3107 urn'tioium
1068 3056 1232 3108 oonueoutus
1250 3055 1306 3122 eat,
1329 3051 1469 3123 impensae
1486 3050 1576 3108 inem
1593 3059 1732 3124 poterunt

329 3159 411 3200 usam

218 3291 220 3299 ,
238 3234 276 3292 33
294 3159 329 3216 ΡΘ
346 3233 467 3288 Pinnos
483 3229 551 3285 libro
569 3228 719 3284 uioeusimo
735 3228 822 3298 primo
840 3227 877 3284 ad
893 3227 1021 3284 edietum.
1049 3229 1166 3284 iuuetus
1184 3245 1238 3285 non
1256 3228 1337 3285 modo
1349 3231 1479 3302 pereepti,
1498 3231 1549 3287 sed
1566 3227 1732 3316 Q
1761 3237 1786 3293 Ε

294 3327 323 3378 et
339 3321 387 3390 qui
403 3319 507 3391 peroipi
524 3318 638 3374 honeste
656 3321 803 3387 potuerunt
820 3317 982 3374 aestimaudi
1000 3323 1077 3374 sunt:
1095 3324 1124 3372 et
1140 3317 1202 3372 ideo
1221 3318 1245 3372 si
1262 3317 1325 3378 dolo
1343 3323 1391 3374 aut
1408 3319 1490 3390 eulpa
1500 3323 1674 3391 possessoris
1686 3339 1733 3378 res

294 3411 380 3481 petita
396 3409 521 3480 perierit,
544 3407 677 3462 aeriorem
695 3411 776 3476 putat
792 3405 959 3476 Pomponius
976 3406 1098 3463 Trebatfi
1115 3407 1270 3476 opinionem
1287 3408 1410 3477 putantis
1428 3423 1462 3464 eo
1480 3423 1567 3479 nsque
1584 3407 1732 3466 fruetuum
1752 3421 1779 3462 ss

295 3501 428 3556 rationem
445 3496 607 3564 habendam,
625 3503 784 3565 quousque
802 3493 955 3564 haberetur,
973 3495 998 3550 si
1015 3510 1070 3550 non
1087 3496 1211 3568 perisset,
1230 3495 1260 3551 id
1270 3501 1314 3551 est
1325 3496 1361 3552 ad
1372 3497 1412 3553 rei
1423 3497 1586 3554 iudicandae
1598 3504 1732 3571 tempus:

295 3587 368 3658 qnod
391 3592 420 3642 et
436 3586 541 3642 Iuliano
562 3585 661 3655 plaoet
692 3582 744 3638 hae
767 3583 872 3638 ratione
890 3583 914 3638 si
932 3583 1022 3652 nudae
1039 3584 1213 3654 proprietatis
1231 3583 1356 3640 dominus
1373 3586 1482 3656 petierit
1498 3592 1527 3642 et
1543 3588 1615 3642 inter
1634 3605 1733 3646 moras

294 3692 362 3733 usus
384 3673 489 3730 duetus
512 3673 630 3730 amissus
646 3671 696 3742 sit,
720 3687 755 3728 ex
773 3687 807 3728 eo
824 3678 960 3744 tempore,
982 3687 1037 3742 qno
1055 3673 1091 3729 ad
1108 3673 1302 3744 proprietatem
1320 3690 1387 3731 usus
1403 3673 1509 3732 frustm
1526 3691 1658 3734 reuersus
1677 3685 1733 3750 est,

294 3766 364 3820 ratio
381 3761 518 3820 ductuum
536 3761 659 3817 habetur.
1752 3777 1780 3817 ss

238 3855 277 3914 34
346 3853 488 3910 intimius
505 3849 574 3907 libro
586 3849 703 3922 septimo
715 3849 892 3920 digestorum.
918 3849 995 3906 idem
1013 3855 1057 3906 est
1074 3855 1103 3906 et
1115 3851 1201 3922 siper
1212 3851 1376 3910 alluuimem
1386 3869 1452 3924 pars
1462 3851 1548 3910 iundo
1566 3848 1734 3940 Q
1752 3859 1787 3914 ’S

294 3940 449 4000 aooesserit.

237 4033 277 4092 35
346 4031 466 4086 Panum
481 4027 550 4086 libro
568 4028 717 4086 nioensimo
734 4027 823 4098 primo
839 4027 877 4084 ad
893 4026 1022 4084 edietum.
1048 4028 1086 4084 Et
1103 4043 1138 4085 ex
1155 4029 1265 4086 diuerso
1278 4030 1302 4086 si
1313 4029 1413 4102 petitor
1423 4030 1472 4088 libs
1482 4045 1546 4088 eou-
1564 4025 1734 4118 Μ
1764 4037 1790 4093 Ε

293 4118 492 4189 F[P(VLU)]:
510 4119 573 4174 t35
591 4137 641 4173 ova
657 4118 693 4174 V·

295 4245 305 4279 ι
323 4241 429 4311 mortu]
448 4241 550 4312 imma
567 4243 602 4309 (a
615 4245 644 4311 r.)

294 4365 312 4420 2
331 4364 394 4434 quo]
413 4380 475 4418 eum
493 4365 526 4429 L,
544 4380 583 4433 q·-
595 4363 635 4416 P·
677 4363 979 4434 daestimaiiohxisti-
1032 4384 1094 4420 tace
1116 4365 1253 4437 τοιΓΑΡοῨιι
1277 4366 1346 4422 dicre
1368 4366 1402 4420 nit
1425 4366 1513 4422 ἄλλως
1536 4364 1652 4434 betausius
1680 4369 1733 4430 τοῨ

293 4435 444 4491 mationem
456 4435 496 4489 P·
543 4435 744 4505 8petitioneml
762 4435 898 4506 peticione
909 4435 964 4490 PU
972 4435 978 4504 1
1033 4437 1186 4492 ntaizonroc
1202 4439 1343 4492 orationem
1364 4437 1493 4508 [flacceat]
1548 4439 1583 4492 22
1600 4440 1733 4494 mucium

290 4507 430 4576 petitione]
448 4505 612 4590 petieionem
625 4505 674 4560 PL
721 4507 979 4591 teonsequeuoiam
1095 4509 1130 4592 29
1148 4508 1268 4594 edietum
1286 4511 1384 4564 om.F¹
1430 4511 1465 4593 2ᾷ
1478 4511 1605 4579 opposita
1617 4509 1739 4565 PVLU

291 4577 398 4704 itit
428 4577 706 4716 lteram.
721 4580 980 4720 dimidii}
1032 4579 1733 4722 iiptltlmlittttiafflaiffldtffi

292 4725 385 4790 petere
407 4719 512 4784 P⁰VL,
558 4722 632 4774 etere
658 4735 716 4802 rem
741 4721 819 4775 P⁸U⁶
880 4721 915 4776 14
937 4725 981 4776 est
1033 4741 1083 4776 m.
1100 4729 1152 4792 typ.
1174 4723 1251 4776 Taar.
1305 4723 1338 4777 31
1358 4727 1520 4778 oonseeutus
1549 4721 1608 4777 eins
1625 4737 1733 4778 ronse

292 4791 382 4845 ooaP
422 4791 456 4846 19
475 4788 539 4845 adhi
574 4790 607 4858 ri]
624 4789 718 4846 baben
735 4792 784 4845 PL
828 4793 861 4847 21
880 4793 979 4848 doeue
1033 4797 1113 4847 entus
1131 4791 1196 4845 P⁰L
1212 4793 1217 4861 Ι
1232 4790 1322 4848 saetae
1340 4794 1428 4848 om.P
1468 4793 1504 4848 34

292 4863 338 4932 ris]
357 4862 527 4933 prouiuoium
545 4862 606 4916 dou.
624 4861 665 4915 P·
680 4863 685 4930 Ι
700 4860 806 4932 dieitur]
825 4865 912 4918 ηιαιιπι
929 4863 979 4932 igi-
1033 4864 1066 4918 37
1095 4862 1169 4932 quod
1193 4882 1242 4918 om.
1269 4864 1310 4918 P·
1384 4865 1420 4920 38
1446 4879 1526 4920 usum
1552 4861 1660 4920 fruetus
1691 4867 1733 4920 Ρ

291 4937 349 4989 tur:
368 4934 417 4988 Rs
429 4933 539 5006 (Stepb.)
557 4931 621 4986 L28
635 4940 674 4987 sic
684 4933 806 4989 redderit:
824 4934 888 4988 brom
901 4934 979 5006 τγχὸιι
1033 4935 1067 4989 39
1084 4932 1203 4990 studium
1221 4935 1262 4990 P·
1313 4935 1349 4990 40
1367 4933 1528 4993 allubiouem
1546 4935 1572 4988 F

293 5002 373 5068 airon
385 5005 524 5077 zmspipon
538 5003 553 5057 ιί
568 5003 748 5076 ΒιΒλιοΓρίιΦοκ
760 5003 884 5060 misaac.
903 5004 977 5076 erpi·

1539 4791 1671 4848 onest‘a'e
1691 4795 1733 4847 Γ*
