3664 5570
29 367 31 380 ν
130 287 244 338 rupero
782 263 869 344 227
1298 269 1356 337 vll
1381 273 1398 338 1
1422 276 1539 334 sr-or

106 423 1538 498 rlnapneuuqmdmsaussuu,utmguineatnpmdanm,qusmdaiffissdqursnus,

128 519 201 570 uuor
216 529 284 570 neus
299 511 406 570 fruetus
423 529 517 570 eorum
535 514 651 583 relinqui
667 517 769 584 potest

88 605 115 663 42
167 603 367 660 iiomrnrus
383 601 453 659 libro
470 603 615 658 undeeimo
631 603 843 658 institutionum.
870 599 900 658 Si
912 601 958 658 eiii
970 597 1046 672 uiue,
1065 603 1110 658 aiii
1121 601 1228 659 fluetus
1239 605 1362 660 eiusdem
1382 599 1538 688 Q
1558 611 1579 666 S

126 693 157 747 rei
175 693 288 767 ieptur,
310 691 339 748 id
361 692 493 763 pereipist
514 689 692 762 ffuemmius,
715 691 790 761 quod
813 691 924 748 usuario
945 691 1094 760 supererit:
1118 705 1169 748 nee
1192 693 1282 750 minus
1306 698 1335 748 et
1354 694 1414 764 ipse
1431 692 1538 749 fruendi

103 792 193 838 tunes
208 787 237 835 et
254 797 333 836 nsum
350 779 471 837 hebebit
498 780 600 836 Rerum
618 796 653 836 sn
672 779 870 836 aestimationis
887 795 954 836 uses
972 779 1078 837 iusum
1096 781 1272 852 obtegetur,
1291 782 1419 838 mierum
1437 781 1570 838 mmsis

125 869 217 940 quidem
233 885 323 926 rerum
342 871 457 940 legatur,
475 869 596 926 doduote
614 885 656 940 oq
675 869 750 940 quod
766 874 910 938 presumo
926 867 977 925 tibi
993 870 1115 940 legatum
1128 875 1179 939 est,
1197 885 1232 925 ex
1244 871 1355 941 reliquis
1366 870 1446 926 bouis
1458 886 1537 926 usum

125 957 224 1014 iruetum
248 957 331 1015 iores:
354 960 399 1015 sin
421 965 513 1015 sutem
534 957 734 1014 sesdmatienis
751 971 818 1013 osus
835 956 941 1014 fluetus
959 959 1069 1029 legatus
1087 963 1143 1028 est,
1168 959 1197 1014 id
1215 975 1323 1030 quoque
1342 958 1537 1029 aestimabitur,

124 1046 183 1116 quod
197 1053 339 1118 prestares
354 1046 406 1103 u'bi
423 1048 543 1118 iegstrrm
562 1051 613 1103 est
640 1061 705 1102 nam
724 1049 833 1120 saepius
851 1048 923 1104 idem
941 1048 1060 1118 legendo
1077 1064 1133 1104 nou
1151 1049 1264 1120 ampliat
1275 1053 1391 1105 testator
1401 1049 1537 1118 legatum:

123 1150 146 1190 ra
159 1141 246 1192 autem
262 1137 355 1207 legata
372 1136 455 1192 etiam
473 1137 689 1194 aestimationem
707 1137 767 1194 eius
784 1136 902 1206 legando
920 1137 1050 1208 ampliare
1067 1139 1189 1208 lapsuum
1207 1153 1362 1208 possumus.
1557 1149 1571 1192 o

83 1225 110 1283 tt
164 1223 309 1282 Uurrasus
324 1223 395 1280 iiuro
411 1226 529 1296 septimo
544 1227 709 1296 regularum.
736 1225 827 1280 Etiam
839 1225 925 1296 partis
937 1225 1069 1283 bonorum
1082 1241 1148 1282 usus
1159 1223 1265 1282 fruetus
1277 1226 1363 1296 legari
1382 1221 1538 1311 ΕΜ
1558 1235 1579 1290 s

121 1319 205 1382 petest
234 1315 262 1368 si
276 1318 368 1370 tamen
386 1329 441 1369 uon
457 1315 495 1370 sit
511 1315 665 1386 speeisliter
682 1313 756 1370 taeta
772 1315 858 1384 partis
876 1315 992 1386 mentio,
1011 1315 1124 1371 dimidia
1140 1331 1205 1386 pare
1222 1314 1356 1372 bonorum
1375 1317 1538 1371 continetur.

81 1405 108 1460 44
163 1401 311 1458 imerus
334 1401 403 1458 libro
424 1403 506 1460 tertio
525 1402 752 1458 membranarum.
788 1399 1013 1460 Usufrnetunrius
1031 1418 1132 1461 nouum
1149 1408 1237 1459 teoto-
1256 1399 1539 1487 [Q
1557 1411 1597 1485 ss

120 1489 178 1545 rium
192 1491 350 1562 perietibus,
368 1492 416 1562 qui
432 1491 516 1548 rudes
534 1490 659 1564 iubeam,
677 1491 815 1562 imponere
832 1506 887 1547 non
905 1497 1005 1564 potest,
1022 1493 1089 1563 quie
1105 1493 1216 1548 tametsi
1233 1493 1371 1548 meliorem
1388 1493 1538 1550 exeolendo

119 1578 261 1635 sediiuium
279 1579 380 1636 domini
398 1595 508 1636 mnsam
526 1579 650 1636 isoturus
667 1585 749 1652 esset,
768 1595 824 1637 uon
839 1585 935 1640 tumen
951 1581 980 1638 id
997 1583 1056 1639 iura
1067 1597 1118 1638 eno
1130 1579 1222 1638 iseero
1234 1585 1334 1652 potest,
1353 1581 1483 1652 aliudque
1496 1585 1540 1638 est

119 1669 177 1723 tueri
193 1668 269 1740 quod
285 1669 438 1739 aceepisset
454 1685 492 1726 sn
509 1683 612 1726 nouum
629 1668 757 1726 isoeret1.
1559 1682 1587 1724 ¹⁶

77 1757 105 1818 45
160 1756 251 1814 Garun
274 1757 343 1814 libro
365 1759 483 1829 septimo
506 1758 542 1815 ad
560 1759 679 1814 edietum
697 1759 871 1830 prouiuoiaie.
908 1756 986 1814 Siout
1002 1759 1132 1830 inpendia
1150 1759 1313 1815 eiboriorum
1332 1759 1360 1813 iu
1380 1753 1539 1842 Q
1556 1763 1584 1820 Ii

118 1861 222 1918 sunum,
243 1847 322 1902 ouius
340 1862 407 1902 usus
424 1845 529 1904 fruetus
548 1847 584 1904 ad
602 1848 722 1918 aliquem
738 1847 865 1918 pertinet,
883 1847 923 1903 ita
939 1853 968 1902 et
985 1847 1150 1904 ualetudinis
1168 1847 1306 1919 impendia
1324 1845 1359 1902 ad
1377 1863 1441 1903 eum
1453 1848 1537 1918 respi-

117 1949 169 1990 uaus
185 1943 285 1991 nature
302 1934 476 1992 maniioetum
495 1942 547 1992 est.

77 2024 104 2082 46
159 2025 277 2081 Pennus
298 2023 367 2080 libre
388 2040 462 2082 nono
483 2026 521 2081 ad
537 2025 682 2082 Plautium.
718 2023 748 2081 Si
771 2027 901 2080 extraneo
922 2025 1026 2096 seripto
1049 2029 1079 2081 et
1100 2026 1273 2097 emaueipeto
1290 2024 1438 2096 prseterito
1458 2025 1538 2080 metri
1556 2021 1584 2077 B

116 2111 224 2169 deirueti
243 2113 363 2170 detineto
381 2131 434 2170 usu
451 2113 541 2170 dueta
556 2115 712 2185 proprietas
728 2115 820 2186 legata
830 2115 875 2184 sit,
893 2115 980 2184 petita
992 2119 1087 2170 eontra
1098 2114 1207 2172 tabulas
1219 2113 1351 2170 bonorum
1364 2113 1538 2186 possessione
1557 2127 1587 2168 so

92 2213 100 2257 1
114 2202 184 2270 piena
200 2203 354 2274 prop-iotis
370 2205 481 2274 pietstis
498 2209 626 2274 respectu
645 2205 725 2258 metri
742 2203 908 2273 praestanda
924 2205 976 2258 est
1013 2201 1043 2258 Si
1061 2209 1176 2259 testator
1194 2204 1311 2274 iusserit,
1330 2207 1362 2259 ut
1380 2198 1538 2286 [effi

114 2289 183 2346 heres
198 2290 326 2348 reticeret
341 2293 467 2364 insulam,
486 2295 564 2349 euius
581 2308 661 2352 mum
679 2291 797 2348 iruotum
811 2292 923 2364 legauit,
941 2297 1033 2363 potest
1043 2289 1207 2348 fructuarius
1219 2307 1256 2348 ex
1267 2295 1435 2350 testamento
1447 2279 1538 2364 affl,

113 2388 139 2436 ut
153 2381 230 2438 ireres
248 2380 383 2438 roiioeret

74 2465 101 2522 ii
156 2471 329 2527 Petronius
345 2469 414 2526 libro
430 2469 526 2540 quinto
543 2485 579 2524 ex
589 2469 704 2527 maudo.
732 2469 812 2536 Quod
829 2469 854 2524 si
871 2468 950 2524 heros
968 2468 1020 2524 hoo
1037 2483 1093 2524 uon
1109 2467 1268 2542 ieousotpt
1284 2468 1321 2525 ob
1331 2469 1361 2525 id
1379 2465 1538 2554 Ηῖ-ιθῗιζῐῆ
1556 2475 1584 2530 Ε

112 2556 269 2615 maranus
291 2557 345 2622 ‚frui
362 2573 418 2614 non
434 2557 582 2629 potuisset,
604 2557 683 2614 heres
701 2559 784 2614 etiam
802 2555 943 2614 moimarii
960 2571 995 2614 eo
1012 2558 1122 2614 nomine
1139 2557 1252 2614 hebebit
1269 2559 1417 2630 sotionem,
1441 2547 1536 2630 quin‘t'i
1556 2569 1585 2612 so

113 2645 242 2705 monadi
262 2647 431 2704 interfuisset
447 2663 503 2703 non
519 2661 644 2703 essem
660 2647 797 2718 heredem,
816 2647 880 2702 iieet
896 2661 964 2704 usus
981 2644 1086 2702 fruetus
1104 2651 1192 2702 morte
1209 2647 1269 2702 eius
1286 2647 1434 2703 interisset.

71 2732 98 2790 48
154 2739 278 2795 Pronus
295 2736 364 2794 libro
380 2751 452 2794 nouo
469 2736 506 2792 ad
518 2737 661 2792 Plautium
690 2735 719 2792 Si
737 2734 851 2792 absente
869 2733 1018 2791 innatum
1035 2734 1114 2791 heres
1128 2736 1208 2806 quasi
1219 2737 1358 2806 negotium
1379 2733 1535 2820 [ffresisu'e'
1554 2741 1582 2796 Ε

112 2827 162 2884 eius
182 2843 288 2898 gerens
310 2824 426 2897 reiciat,
448 2826 620 2896 negotiorum
644 2829 784 2896 gestorum
805 2825 940 2880 astionem
957 2823 1091 2881 aduersus
1107 2823 1286 2882 iruetuurium
1305 2824 1401 2897 hebet,
1426 2815 1537 2883 tametsi

110 2915 155 2972 nui
176 2917 203 2973 in
226 2915 352 2972 inturum
377 2915 456 2970 heres
479 2915 656 2986 prospieeret
692 2913 742 2970 sed
759 2915 784 2969 si
801 2917 913 2984 paratus
931 2913 968 2970 sit
984 2912 1112 2968 reosdere
1129 2912 1165 2969 ab
1183 2929 1235 2970 usn
1253 2911 1343 2969 inrotu
1361 2912 1535 2986 framerius,

87 3011 97 3056 1
111 3021 157 3060 nou
173 3013 217 3062 est
233 3005 379 3076 eugendus
396 3003 520 3074 refluere,
543 3003 593 3059 sed
612 3003 718 3060 sotione
736 3003 907 3072 negotiorum
925 3007 1065 3074 gestorum
1082 3001 1220 3058 liberatur.
1257 3001 1360 3058 Siloam
1380 2999 1535 3088 [i—essffljse
1555 3013 1585 3056 ao

110 3095 243 3166 aduam,
264 3093 373 3150 adamar
385 3093 578 3164 intempestiue
597 3107 678 3148 eaess
695 3093 740 3162 sit,
758 3091 786 3146 iu
804 3090 895 3148 iruetu
912 3107 975 3148 esse
992 3095 1107 3162 domist
1126 3091 1199 3148 sieut
1215 3092 1276 3148 elea
1292 3093 1438 3149 immatura
1455 3094 1535 3166 loeta,

109 3183 165 3238 itam
184 3183 302 3240 faenum
318 3183 493 3240 immaturum
510 3197 621 3237 eeesum
640 3181 668 3236 iu
686 3179 777 3237 iruotu
794 3186 846 3236 est

68 3263 96 3324 ii
153 3273 330 3330 romnus
352 3271 421 3328 libro
443 3271 561 3342 eopu'mo
584 3270 620 3325 ad
643 3269 807 3326 Plautiani.
844 3267 873 3325 si
896 3269 962 3325 mihi
984 3273 1013 3326 et
1034 3268 1085 3325 tibi
1108 3267 1303 3340 aSamprouio
1327 3276 1356 3326 ot
1378 3265 1536 3356 Q
1552 3277 1581 3332 Ε

108 3361 188 3418 inuio
206 3360 359 3418 heredibus
377 3371 443 3416 usos
461 3357 565 3416 fruetus
582 3360 690 3430 legatus
708 3358 752 3428 sit7
771 3373 824 3428 ego
843 3358 869 3413 in
887 3364 992 3428 partem
1011 3357 1164 3429 Sempronii
1182 3359 1370 3430 quadrantem,
1389 3360 1417 3414 iu
1430 3365 1535 3430 partem

108 3449 180 3507 ludi
198 3453 319 3507 aiterum
338 3449 518 3520 quadrantem
535 3446 651 3516 habebo,
669 3452 700 3502 tu
717 3447 783 3503 item
802 3448 830 3502 in
848 3449 990 3518 utriusque
1007 3453 1084 3518 perte
1102 3463 1195 3504 eorum
1214 3449 1379 3519 quadrantes
1397 3447 1491 3504 habes.
1554 3459 1584 3502 as

68 3532 96 3590 50
152 3541 278 3597 Patruus
294 3539 363 3594 libro
380 3539 462 3594 tertio
478 3537 516 3594 ad
527 3537 674 3592 Uitellium.
701 3536 792 3593 Titius
803 3536 912 3592 Maeuio
928 3534 1042 3592 mudum
1054 3537 1240 3594 Tusouisnum
1251 3538 1361 3608 reliquit
1379 3533 1536 3620 [Effe-ufto*
1554 3541 1582 3597 Ε

108 3628 213 3699 euque
233 3627 245 3700 q
265 3627 332 3684 uuor
349 3627 492 3698 memrot,
509 3631 542 3682 ut
558 3624 680 3681 ormnem
698 3623 776 3680 unu
794 3625 881 3695 parus
897 3625 1027 3682 nouae
1044 3641 1125 3682 mun
1136 3625 1255 3682 oneum
1267 3627 1357 3682 uuae
1368 3613 1535 3696 priam]
1553 3627 1637 3680 orer·

29 3719 32 3740 '
106 3717 224 3774 iisenina
249 3717 345 3773 uillam
367 3719 506 3771 uetustate
529 3718 684 3784 oormptsm
705 3714 886 3769 neeessariam
904 3713 1036 3786 eogendis
1053 3719 1082 3769 et
1098 3715 1293 3772 oonserusudis
1310 3713 1444 3771 frontibus
1463 3714 1536 3771 wdi-

107 3803 205 3864 ieauit:
227 3805 387 3878 quaesitum
405 3809 457 3875 est,
476 3821 511 3858 an
529 3805 655 3874 sumptus
672 3807 778 3872 partem
796 3817 846 3875 pro
863 3804 989 3874 portione
1006 3819 1073 3859 usus
1090 3801 1195 3860 unone
1213 3805 1286 3858 'iitis
1304 3803 1472 3874 adgnoscere
1489 3803 1536 3860 de-

106 3893 172 3952 bent
202 3893 352 3966 respondit
369 3892 516 3962 strenuis,
534 3893 558 3946 si
576 3891 735 3962 priusquam
752 3907 820 3946 neus
837 3889 943 3949 fruetus
960 3897 1157 3962 praestaretur,
1182 3893 1336 3948 neeessario
1354 3891 1535 3963 aodidoaeset,
1555 3901 1585 3944 so

106 3999 153 4040 nou
169 3985 241 4040 aiiss
260 3981 416 4052 cogendum
434 3981 576 4037 restituere
593 3995 676 4051 quan
694 3981 753 4036 eius
772 3981 917 4051 sumptus·
934 3981 1005 4037 ratio
1022 3980 1177 4036 heberotur.

66 4067 92 4126 il
151 4074 351 4130 iionnsrneus
368 4069 436 4126 libro
454 4085 526 4126 nono
543 4068 765 4137 differentiarum.
793 4069 866 4124 'l'itio
879 4069 948 4125 'oum
966 4067 1105 4126 morietur!
1115 4084 1182 4124 usus
1199 4067 1304 4124 fruetus
1321 4069 1360 4124 iu·
1380 4065 1537 4152 Uil—ilssl‘
1554 4073 1583 4129 E

106 4162 201 4218 uiliter
218 4161 311 4232 legari
326 4159 506 4230 intellegitur,
523 4158 552 4214 in
570 4159 599 4216 id
617 4163 726 4230 tempus
744 4157 874 4214 uidelioet
889 4157 1013 4230 odiatur,
1030 4172 1087 4228 quo
1104 4171 1257 4228 sporrone
1274 4147 1536 4232 diseedere'i‘neipit

105 4248 287 4321 rimu]

75 4399 77 4402 ·
107 4374 114 4406 ¹
130 4374 201 4430 uliud
218 4388 328 4430 nouum
345 4369 436 4428 faeere
454 4371 489 4439 (u
502 4371 550 4440 ii?
619 4373 684 4428 ’ex
700 4371 809 4431 Plautio
826 4370 987 4440 (drmit
1048 4370 1067 4442 ¹⁸
1085 4375 1117 4426 ut
1134 4377 1181 4426 ias.

106 4481 207 4553 ltalia]
225 4481 304 4536 mals
321 4479 349 4534 P
392 4477 578 4547 urelinqnere
596 4478 624 4532 P
666 4477 793 4533 dusario
845 4475 893 4542 Ρ·,
910 4481 1037 4547 respeotu
1048 4476 1158 4546 pietatis
1168 4473 1241 4531 P‘U
1272 4477 1539 4533 idtamenetsiP·

105 4549 147 4617 Ρ·,
168 4549 359 4608 usurasfioL
417 4549 488 4605 iau
506 4549 703 4605 aestimationis
726 4563 793 4604 usna
845 4549 881 4603 29
899 4563 950 4603 usu
964 4545 1054 4603 iruotu
1066 4545 1239 4617 iruomerius]
1258 4546 1486 4604 usufruetuarius
1498 4549 1538 4602 Ρ’1

105 4639 148 4676 οι.
161 4623 189 4678 P
239 4623 259 4678 'i
282 4621 409 4676 sinente
431 4625 500 4676 aest
517 4635 598 4676 usum
619 4617 739 4675 frustum
755 4619 794 4674 le·
846 4619 882 4674 30
898 4617 1028 4674 rodesto
1045 4617 1082 4673 F*
1135 4619 1171 4674 34
1192 4619 1221 4672 in
1243 4623 1349 4688 partem
1373 4637 1409 4674 m.
1428 4635 1453 4674 a.
1471 4635 1538 4689 qua·

104 4695 261 4820 ξΐιῗὶιέΰ
287 4691 794 4820 1ξ4ωὲθιῗίῖἒὲωῆμ1513ῃᾟὲ
847 4689 970 4816 23sz
982 4689 1489 4832 ἕῇξγιᾶρτὲοὸμὴῖῗεὲκξλῗῗέιζω
1500 4709 1537 4814 m.

104 4836 181 4908 earet]
194 4837 252 4902 FL,
266 4831 645 4898 diudn.tsosraP⁴V1}u⁶,
658 4843 706 4889 im.
718 4833 796 4888 PU·
847 4831 897 4887 BS
920 4833 1031 4904 (Stepi.)
1089 4833 1125 4887 36
1147 4829 1279 4888 biteliinm
1302 4834 1340 4898 L,
1368 4831 1491 4887 uitelium
1515 4831 1543 4884 Ρ

105 4907 135 4960 16
159 4907 330 4963 dianium
356 4905 385 4959 F
441 4905 475 4961 17
501 4905 621 4976 pertinet
646 4909 675 4959 et
701 4904 741 4959 ita
766 4909 795 4959 et
847 4901 1124 4958 euroaustrum
1169 4905 1204 4959 39
1221 4919 1271 4974 pro
1290 4904 1386 4958 om.F¹
1436 4903 1473 4958 40
1490 4915 1538 4956 ne·

105 4977 173 5032 Μ
236 4979 278 5033 20
298 4977 467 5047 propriaetae
489 4977 516 5030 F
568 4977 602 5030 il
625 4975 735 5046 pietatis
752 4989 795 5030 ro·
847 4975 960 5031 uessirio
977 4973 1005 5028 P
1053 4971 1087 5028 41
1105 4975 1204 5030 rationi
1221 4975 1262 5030 P·

104 5047 624 5123 marmoreumque,
640 5051 795 5118 remon
1268 5131 1328 5190 15·
