3856 5616
946 771 1013 869 lll.

16 1121 17 1135 .
211 987 248 1129 J
348 1001 525 1080 umus
559 1003 822 1081 suerrouns
855 1003 1098 1080 tresorum
1131 1001 1275 1080 mrsu
1311 1002 1609 1081 scelerosus

826 1135 1136 1214 uurumouurr

709 1284 773 1352 <nu
792 1284 865 1342 oro.
883 1284 993 1360 nruv
1011 1284 1083 1340 mr.
1094 1284 1121 1340 o.
1133 1282 1160 1340 1.
1173 1283 1199 1340 c.
1213 1284 1249 1352 e).

297 1435 324 1488 F
376 1435 465 1488 bonrur
482 1434 601 1488 librorum
618 1434 752 1488 leviorem
769 1453 847 1503 supra
864 1436 967 1489 allatam
985 1435 1027 1488 bie
1044 1435 1080 1488 ibi
1096 1436 1274 1502 repetiuimus,
1295 1436 1339 1487 ubi
1357 1451 1413 1486 cum
1431 1436 1560 1504 scripturis
1578 1437 1620 1488 bio
1637 1453 1699 1490 erro·

296 1505 325 1559 P
411 1507 471 1558 tatis
490 1521 585 1560 conexa
602 1517 678 1560 esset.
706 1508 763 1559 libri
776 1508 809 1562 ·P
822 1525 924 1559 manum
943 1507 1079 1559 secundam
1097 1507 1138 1558 bio
1156 1507 1257 1558 demum
1274 1505 1350 1573 plene
1368 1506 1505 1560 attulimus.

297 1593 325 1646 V
374 1590 465 1646 borrim
481 1593 601 1648 librorum
620 1613 676 1647 cum
699 1597 836 1663 primarum
856 1613 973 1648 manuum
996 1605 1049 1648 tum
1067 1596 1233 1662 posteriorum
1251 1595 1384 1647 lectionem
1408 1611 1464 1646 eum
1488 1611 1565 1661 supra
1584 1596 1699 1648 attuleri-

296 1663 320 1716 L
412 1683 466 1717 mus
485 1667 612 1729 selectam,
630 1667 671 1718 bic
690 1668 804 1720 dedimus
822 1667 956 1735 integram,
973 1666 1022 1719 uisi
1040 1667 1107 1734 quod
1126 1667 1248 1734 quasdam
1266 1683 1297 1718 ex
1313 1683 1391 1734 supra
1406 1667 1542 1733 propositis
1561 1667 1602 1718 bic
1618 1667 1701 1720 denuo

299 1733 324 1788 U
412 1737 503 1788 afferre
521 1755 704 1804 superuacuum
721 1739 803 1791 uisum
822 1748 869 1790 est

297 1823 362 1878 T:
372 1823 534 1878 'laurinensis
553 1827 676 1880 11.11.14
695 1827 764 1894 (olim
776 1827 829 1878 333
843 1827 879 1894 Β)
896 1843 962 1880 saec.
975 1825 1033 1878 XII.
1058 1825 1151 1878 desinit
1168 1843 1219 1878 nou
1236 1826 1280 1877 ubi
1298 1825 1425 1892 digestum
1442 1833 1516 1877 uetus
1535 1824 1600 1878 solet
1617 1825 1699 1888 linire,

411 1895 458 1948 sed
475 1897 689 1960 11.15,3,5,13
707 1899 774 1950 med.
786 1897 870 1949 uerbis
893 1899 987 1951 dism't
1002 1903 1102 1968 patrem
1124 1896 1228 1948 finiente
1248 1897 1283 1949 ibi
1298 1897 1471 1964 quaternione,
1490 1913 1564 1964 quem
1583 1897 1641 1949 olim
1656 1897 1700 1948 alii

408 1977 542 2034 praeterea
559 1969 678 2021 uidentur
696 1970 834 2036 excepisse.
857 1969 1033 2035 inscriptiones
1050 1968 1129 2020 habet
1146 1969 1200 2020 iere
1218 1967 1317 2035 plenas.

296 2053 502 2120 Q=Parisinus
520 2056 590 2108 4455
609 2074 676 2110 saec.
689 2057 760 2110 XIII.
787 2058 962 2124 inscriptiones
981 2057 1059 2108 babet
1076 2056 1224 2123 plerumque
1243 2055 1340 2123 plenas.

297 2141 430 2197 0=olim
446 2145 567 2196 Germani
584 2145 732 2210 Colladonii,
750 2145 842 2198 deiude
854 2146 1020 2207 Meermauui,
1039 2153 1129 2211 postea
1141 2145 1246 2208 Kelleri,
1265 2145 1315 2197 iam
1332 2145 1401 2212 apud
1414 2161 1464 2208 me,
1482 2161 1569 2198 omnes
1584 2145 1697 2213 digesto·

408 2233 464 2266 rum
481 2215 558 2268 libror
577 2217 802 2283 comprehendens,
820 2233 887 2270 saec.
900 2217 971 2270 XIII.
999 2217 1175 2283 inscriptiones
1194 2218 1272 2269 babet
1290 2217 1416 2268 interdum
1434 2216 1532 2283 plenae.

294 2301 543 2356 D=Beroliueusis
562 2305 619 2357 Lat.
638 2305 681 2358 iol.
697 2306 730 2357 14
747 2323 814 2359 saec.
827 2305 897 2358 XIV.
924 2305 1003 2357 habet
1020 2305 1131 2372 glossam
1149 2305 1301 2358 ordinariam
1318 2305 1506 2358 decursionem.

295 2391 544 2446 E=Beroliueusis
562 2393 618 2445 Lat.
637 2393 680 2446 l'ol.
696 2394 728 2444 15
747 2393 896 2446 saecxll'.
924 2393 1002 2446 habet
1019 2393 1130 2460 glossam
1148 2395 1263 2446 eandem.
1291 2394 1358 2446 huuc
1372 2393 1526 2447 librumnou
1539 2391 1697 2446 adhibuimus

408 2465 456 2550 uiui
474 2473 503 2516 ut
520 2465 612 2516 certius
630 2473 758 2550 opustapet
774 2466 806 2517 de
825 2465 932 2516 lectione
950 2465 1145 2540 bononiensium
1169 2465 1315 2532 posterioris
1334 2465 1424 2518 aetatis
1448 2465 1556 2552 ideoque
1574 2464 1698 2518 solitarios

409 2553 463 2588 erue
482 2553 579 2588 errores
598 2553 791 2604 suppressrmus.

293 2623 362 2678 K:
371 2623 505 2690 Digestum
521 2633 595 2676 uems
614 2625 708 2678 editum
726 2643 776 2692 per¹
791 2623 930 2676 Antonium
947 2623 1081 2690 Roburger
1099 2623 1282 2692 Nurenbergae
1304 2624 1381 2678 1482.

293 2712 324 2765 H
327 2733 362 2760 =
372 2713 480 2780 Digesta
497 2714 567 2765 edita
585 2715 617 2765 ab
630 2712 777 2766 Haloaudro
789 2713 813 2765 N
815 2713 978 2780 orembergae
993 2712 1069 2764 1529.
1097 2712 1231 2765 Lectiones
1249 2713 1275 2765 in
1292 2713 1406 2780 margine
1419 2712 1509 2765 allatas
1521 2720 1640 2764 notantur
1651 2709 1698 2766 Hl.

258 2801 296 2852 Ex
313 2801 354 2854 his
371 2801 441 2854 libris
461 2801 521 2854 dum
538 2802 602 2854 baec
621 2802 702 2854 scribo
721 2811 822 2870 praesto
841 2801 901 2853 milri
920 2811 979 2852 suut
996 2801 1044 2868 ipsi
1057 2799 1255 2856 PLUDEKH:
1275 2801 1378 2853 collatos
1396 2800 1473 2852 habui
1489 2799 1542 2855 Va
1554 2801 1652 2853 Blumio
1673 2809 1699 2854 et

258 2869 388 2935 Kekuleo‚
411 2873 630 2940 UsKmrrgmo,
652 2873 676 2926 Τ
691 2875 723 2925 ab
742 2873 831 2925 eodem
850 2881 876 2924 et
894 2872 1049 2934 Schradero‚
1076 2869 1100 2936 Q
1117 2889 1133 2923 a
1149 2871 1289 2934 Kaualero‚
1308 2889 1412 2940 quorum
1430 2881 1534 2939 propter
1552 2871 1698 2924 collatorum

258 2943 385 2996 silentium
402 2945 528 2996 interdurn
546 2945 632 2996 deficit
649 2945 797 2996 auctoritas:
817 2953 927 2994 ceterum
946 2944 972 2994 in
988 2943 1146 3010 grauioribus
1159 2959 1208 3010 ego
1221 2944 1314 3004 curaui,
1333 2951 1362 2994 ut
1374 2943 1406 2995 de
1419 2943 1524 3010 singulis
1536 2943 1616 3005 libris,
1635 2961 1697 3010 quos

258 3015 313 3081 ipse
335 3032 485 3078 nemassem,
509 3025 637 3068 constaret
653 3016 796 3067 testimonio
819 3015 921 3067 diserto.
949 3015 1082 3066 lectionem
1106 3013 1194 3066 damus
1217 3015 1253 3066 ita
1272 3014 1432 3082 dispositam,
1457 3024 1485 3065 ut
1510 3013 1583 3065 facile
1606 3015 1696 3066 distin-

258 3095 367 3152 guantur
386 3086 506 3138 lectiones
525 3087 652 3138 solitariae
670 3096 696 3138 ot
713 3087 808 3138 librarii
830 3087 1024 3152 uniuscuiusque
1047 3103 1144 3136 errores
1168 3087 1201 3136 ab
1223 3087 1333 3152 receptis
1351 3103 1398 3152 per
1416 3085 1526 3152 aliquam
1544 3093 1654 3136 aetatem
1672 3093 1698 3137 et

258 3155 441 3224 quodammodo
459 3158 600 3220 ordinariis,
618 3175 693 3224 porro
708 3167 736 3208 ut
748 3167 836 3224 pateat
847 3157 954 3224 primum
966 3157 1027 3224 quid
1039 3157 1129 3207 aetatis
1148 3157 1293 3208 Irneriause
1312 3166 1339 3207 et
1356 3165 1472 3222 quattuor
1490 3155 1618 3208 doctorum
1637 3156 1697 3208 iuris

257 3227 370 3294 magistri
388 3230 414 3280 iu
432 3229 484 3280 ruis
501 3228 571 3280 libris
589 3228 736 3280 habuerint:
756 3227 848 3279 deinde
867 3228 991 3294 quomodo
1009 3228 1101 3294 partim
1119 3227 1182 3279 libro
1201 3227 1345 3280 Florentino
1364 3227 1463 3278 interim
1481 3226 1565 3278 denuo
1582 3243 1697 3289 excusso,

257 3300 348 3365 partim
372 3300 515 3351 coniectura
538 3315 631 3351 casuue
655 3317 701 3367 per
719 3300 813 3366 gradus
832 3299 905 3350 lectio
924 3300 984 3350 iude
1002 3299 1092 3350 effecta
1110 3298 1143 3348 sit
1160 3299 1287 3350 ordinaria
1305 3297 1471 3350 Bononiensis
1490 3298 1580 3350 aetatis
1600 3299 1696 3349 Accur-

258 3369 344 3421 siarrae
363 3379 389 3422 et
406 3371 542 3436 deinceps,
561 3388 636 3438 quam
652 3379 715 3437 puta
730 3380 818 3422 terrere
836 3380 862 3421 te
880 3369 915 3421 ibi
933 3371 976 3421 ubi
990 3369 1154 3426 ,consentiunt
1172 3369 1229 3420 libri
1246 3369 1343 3434 ΒΗΚ,
1366 3386 1422 3420 eum
1439 3369 1523 3420 multis
1542 3368 1602 3420 locis
1621 3369 1698 3420 etiam

257 3439 305 3492 bac
323 3451 407 3492 aetate
425 3443 500 3492 binae
518 3441 635 3508 pluresue
653 3441 774 3493 lectiones
790 3441 1020 3492 circumferrentur:
1040 3439 1148 3506 denique
1166 3440 1314 3492 Haloouder
1332 3439 1392 3506 quid
1410 3439 1541 3492 retinuerit
1558 3456 1589 3490 ex
1607 3439 1696 3492 lectio-

257 3511 330 3563 nibus
348 3512 556 3578 Koburgerinuis,
575 3513 635 3578 quid
654 3512 789 3564 adsciuerit
806 3528 861 3563 cum
880 3529 911 3562 ex
929 3511 998 3563 libris
1018 3529 1049 3562 ex
1067 3527 1162 3577 genere
1179 3509 1298 3578 uostriQ
1316 3511 1421 3576 aliisque
1439 3521 1492 3562 tum
1511 3527 1542 3562 ex
1560 3510 1617 3578 ipsa
1634 3511 1695 3562 Flo·

257 3583 355 3633 reatina
373 3583 519 3650 imperfecte
538 3584 652 3650 quidem,
675 3584 721 3634 scd
739 3593 823 3634 tarueu
842 3583 999 3650 aliquatenus
1018 3583 1066 3633 sibi
1084 3584 1197 3648 cognita,
1222 3581 1283 3648 quid
1306 3599 1367 3633 uero
1388 3590 1521 3648 praeterea
1545 3598 1576 3632 ex
1594 3581 1696 3648 ingenio

257 3654 405 3705 emendarit.
432 3655 516 3720 itaque
541 3655 583 3721 qui
607 3654 655 3706 boc
678 3655 805 3720 specimen
830 3653 978 3705 examinarit
1001 3671 1052 3706 non
1077 3653 1211 3704 destitutus
1233 3654 1333 3704 criticae
1352 3653 1413 3704 artis
1431 3671 1507 3704 seusu
1526 3651 1608 3719 aliquo
1628 3653 1697 3718 (nam

255 3723 389 3777 hebetibus
407 3725 450 3775 uel
467 3726 553 3791 inepte
572 3725 651 3776 acutis
669 3725 730 3776 talis
746 3727 800 3791 quis
814 3725 1007 3791 demonstret?)‚
1026 3723 1095 3774 illum
1113 3724 1182 3775 nullo
1200 3725 1303 3792 negotio
1322 3725 1420 3776 conlido
1438 3721 1622 3775 intellecturum
1640 3741 1696 3776 esse

256 3795 283 3846 id
301 3794 368 3862 quod
386 3795 461 3847 bodio
479 3795 592 3862 plerique
610 3797 741 3862 ignorant,
760 3795 842 3861 qualis
859 3811 1009 3862 unoquoque
1027 3794 1128 3846 saeculo
1147 3813 1162 3845 a
1181 3795 1328 3847 duodecimo
1347 3795 1380 3845 nd
1398 3794 1521 3846 decimum
1540 3805 1637 3846 sertum
1655 3793 1695 3844 di-

256 3875 384 3932 gestorum
402 3867 476 3918 lectio
494 3867 621 3919 ordinaria
638 3865 722 3928 luerit,
741 3867 918 3918 accedentibus
936 3867 1074 3918 identidem
1093 3883 1148 3916 cum
1167 3867 1238 3918 nouis
1257 3865 1474 3918 emendationibus
1491 3865 1576 3932 petitis
1590 3881 1621 3917 en
1632 3865 1697 3917 libro

256 3935 401 3988 Florentino
419 3947 472 3988 tum
490 3947 593 4005 propter
611 3937 768 3989 librariorum
785 3936 973 4004 neglegentiam
996 3936 1038 3988 uel
1056 3937 1216 4003 prudentium
1234 3937 1324 3988 malem
1343 3935 1503 3988 sedulitatem
1520 3935 1695 4002 interpolatio·

255 4007 329 4058 nibus
348 4008 545 4075 corruptelisque
563 4008 644 4060 nouis.
672 4009 778 4060 manime
797 4017 881 4058 nutem
899 4008 968 4060 bisce
986 4007 1113 4059 laterculis
1132 4008 1247 4060 sordibus
1266 4009 1346 4059 omnis
1364 4008 1465 4074 generis
1477 4007 1576 4059 refertis
1589 4008 1636 4058 hoc
1649 4006 1695 4058 de·

255 4087 395 4130 monstrare
412 4077 535 4131 noluimus
553 4080 656 4146 propria
674 4081 740 4131 boua
758 4079 827 4130 nulla
845 4080 928 4130 inesse
946 4080 972 4130 irr
991 4078 1157 4130 deterioribus
1176 4088 1203 4131 et
1220 4079 1314 4130 bomini
1330 4096 1381 4130 uon
1399 4077 1518 4145 prudenti
1536 4077 1630 4140 solum,
1649 4077 1696 4129 sed

255 4149 332 4200 etiam
349 4150 405 4201 sarri
429 4151 513 4202 iudicii
531 4152 631 4202 omnino
653 4149 865 4218 adquiescendum
888 4167 946 4202 esso
964 4151 990 4202 in
1007 4149 1072 4202 libro
1090 4149 1236 4202 Florentino
1255 4158 1282 4202 et
1298 4149 1500 4202 Bononiensibus
1518 4148 1696 4216 antiquissimis

255 4220 404 4288 quibusque,
422 4221 529 4274 maxime
547 4221 671 4275 Parisino.

896 4321 1055 4330 ...υ-...ιο-

434 4517 463 4578 p·
480 4503 541 4562 ¹32
815 4468 851 4594 107
852 4470 911 4595 (bip)
915 4476 1024 4592 scc2epts's
1015 4468 1132 4594 239in
1140 4468 1210 4593 llll}
1236 4469 1270 4524 16
1288 4467 1574 4594 ειέἓὲιοιίιίιίιιθὲηοθὴο
1586 4468 1695 4526 nomino

256 4609 290 4663 12
308 4607 342 4663 ue
355 4607 411 4663 uer.
474 4609 492 4678 ‚r
511 4609 589 4674 aru,
609 4628 657 4662 om.
674 4605 740 4673 V·,*
816 4579 922 4679 aulone
940 4579 1027 4666 ou'u
1128 4578 1138 4604 '
1201 4560 1208 4593 ⁸
1287 4555 1462 4680 seneffia
1480 4628 1529 4664 os
1541 4610 1572 4664 11

325 4679 405 4749 dep.
441 4721 448 4735 .
471 4678 721 4745 V‘LTQODEKH
797 4681 887 4750 sexto]
907 4681 945 4736 uii
967 4679 992 4734 U
1286 4682 1346 4738 siue
1363 4681 1503 4752 peralios]
1522 4681 1629 4751 alpe.
1649 4681 1694 4746 T·,

253 4749 289 4806 13
306 4751 397 4821 gaius]
415 4752 471 4821 ulp.
492 4751 516 4806 0
797 4753 835 4816 ad
851 4772 901 4808 om.
913 4753 949 4808 If
1304 4751 1363 4808 uiue
1380 4767 1430 4822 per
1446 4766 1477 4806 se
1489 4751 1558 4808 alios
1575 4753 1617 4818 V·,
1635 4752 1695 4808 siue

305 4829 409 4894 macter
425 4831 530 4876 nomina
549 4829 614 4876 tro-ts
626 4827 714 4876 cacto
742 4823 777 4884 14
797 4831 824 4905 θ]
844 4825 872 4889 F,
893 4837 928 4878 ex
945 4821 1212 4878 PVLUTGDEKH
1339 4839 1353 4878 r
1369 4823 1452 4878 elium
1471 4823 1502 4876 H

324 4911 382 4950 nrm
403 4899 580 4964 irrumptiones
597 4897 715 4948 morunt
741 4899 778 4961 15
797 4899 853 4973 est]
872 4895 910 4952 sit
928 4893 977 4950 OE
1233 4894 1266 4950 ll
1284 4837 1386 4964 elicii]
1403 4891 1471 4950 tacti
1487 4894 1517 4948 D

1467 4987 1481 5028 o
