<?xml version="1.0" encoding="UTF-8"?>
<!DOCTYPE html PUBLIC "-//W3C//DTD XHTML 1.0 Transitional//EN"
    "http://www.w3.org/TR/xhtml1/DTD/xhtml1-transitional.dtd">
<html xmlns="http://www.w3.org/1999/xhtml" xml:lang="en" lang="en">
 <head>
  <title>
</title>
<meta http-equiv="Content-Type" content="text/html;charset=utf-8" />
  <meta name='ocr-system' content='tesseract 3.04.00' />
  <meta name='ocr-capabilities' content='ocr_page ocr_carea ocr_par ocr_line ocrx_word'/>
</head>
<body>
  <div class='ocr_page' id='page_1' title='image "./digestaiustinia00mommgoog_0967.png"; bbox 0 0 3734 5578; ppageno 0'>
   <div class='ocr_carea' id='block_1_1' title="bbox 240 218 1671 298">
    <p class='ocr_par' dir='ltr' id='par_1_1' title="bbox 240 218 1671 298">
     <span class='ocr_line' id='line_1_1' title="bbox 240 218 1671 298; baseline -0.003 -6"><span class='ocrx_word' id='word_1_1' title='bbox 240 224 358 292; x_wconf 82' lang='lat' dir='ltr'>XXVII</span> <span class='ocrx_word' id='word_1_2' title='bbox 380 227 399 290; x_wconf 86' lang='lat'><strong>3</strong></span> <span class='ocrx_word' id='word_1_3' title='bbox 418 231 514 285; x_wconf 83' lang='lat'>6-11</span> <span class='ocrx_word' id='word_1_4' title='bbox 913 220 937 298; x_wconf 79' lang='lat'>7</span> <span class='ocrx_word' id='word_1_5' title='bbox 944 218 1000 298; x_wconf 85' lang='lat'>98</span> <span class='ocrx_word' id='word_1_6' title='bbox 1448 241 1495 288; x_wconf 80' lang='lat' dir='ltr'>nn</span> <span class='ocrx_word' id='word_1_7' title='bbox 1518 241 1671 288; x_wconf 78' lang='lat' dir='ltr'>surenas</span> 
     </span>
    </p>
   </div>
   <div class='ocr_carea' id='block_1_2' title="bbox 189 373 1798 4272">
    <p class='ocr_par' dir='ltr' id='par_1_2' title="bbox 205 373 1798 715">
     <span class='ocr_line' id='line_1_2' title="bbox 205 373 1798 460; baseline -0.003 -24"><span class='ocrx_word' id='word_1_8' title='bbox 205 381 223 440; x_wconf 86' lang='grc'>6</span> <span class='ocrx_word' id='word_1_9' title='bbox 294 382 372 436; x_wconf 79' lang='lat' dir='ltr'>lusu</span> <span class='ocrx_word' id='word_1_10' title='bbox 392 381 462 436; x_wconf 92' lang='lat' dir='ltr'>libro</span> <span class='ocrx_word' id='word_1_11' title='bbox 484 379 625 449; x_wconf 81' lang='lat' dir='ltr'>trigesimo</span> <span class='ocrx_word' id='word_1_12' title='bbox 647 380 735 448; x_wconf 90' lang='lat' dir='ltr'>primo</span> <span class='ocrx_word' id='word_1_13' title='bbox 760 379 795 434; x_wconf 88' lang='lat' dir='ltr'>ad</span> <span class='ocrx_word' id='word_1_14' title='bbox 814 380 942 434; x_wconf 87' lang='lat' dir='ltr'>edictum.</span> <span class='ocrx_word' id='word_1_15' title='bbox 973 379 982 448; x_wconf 81' lang='grc' dir='ltr'>ΙΙ</span> <span class='ocrx_word' id='word_1_16' title='bbox 1002 378 1030 435; x_wconf 86' lang='lat' dir='ltr'>Si</span> <span class='ocrx_word' id='word_1_17' title='bbox 1049 378 1254 435; x_wconf 83' lang='lat' dir='ltr'>filiusfamilias</span> <span class='ocrx_word' id='word_1_18' title='bbox 1272 378 1386 433; x_wconf 78' lang='lat' dir='ltr'>tutelam</span> <span class='ocrx_word' id='word_1_19' title='bbox 1406 377 1519 434; x_wconf 89' lang='lat' dir='ltr'>admini-</span> <span class='ocrx_word' id='word_1_20' title='bbox 1538 373 1673 460; x_wconf 55' lang='lat' dir='ltr'>[Q</span> <span class='ocrx_word' id='word_1_21' title='bbox 1704 386 1798 439; x_wconf 77' lang='lat' dir='ltr'>sissi</span> 
     </span>
     <span class='ocr_line' id='line_1_3' title="bbox 242 467 1673 538; baseline -0.002 -14"><span class='ocrx_word' id='word_1_22' title='bbox 242 471 369 524; x_wconf 76' lang='lat' dir='ltr'>suaserit</span> <span class='ocrx_word' id='word_1_23' title='bbox 386 474 415 523; x_wconf 90' lang='lat' dir='ltr'>et</span> <span class='ocrx_word' id='word_1_24' title='bbox 431 467 564 524; x_wconf 86' lang='lat' dir='ltr'>liberatus</span> <span class='ocrx_word' id='word_1_25' title='bbox 582 469 671 537; x_wconf 91' lang='lat' dir='ltr'>patria</span> <span class='ocrx_word' id='word_1_26' title='bbox 688 473 825 538; x_wconf 77' lang='lat' dir='ltr'>potestate</span> <span class='ocrx_word' id='word_1_27' title='bbox 844 468 907 523; x_wconf 90' lang='lat' dir='ltr'>dolo</span> <span class='ocrx_word' id='word_1_28' title='bbox 926 468 1029 536; x_wconf 85' lang='lat' dir='ltr'>aliquid</span> <span class='ocrx_word' id='word_1_29' title='bbox 1046 467 1155 537; x_wconf 85' lang='lat' dir='ltr'>iecerit,</span> <span class='ocrx_word' id='word_1_30' title='bbox 1180 485 1216 522; x_wconf 90' lang='lat' dir='ltr'>an</span> <span class='ocrx_word' id='word_1_31' title='bbox 1234 468 1305 522; x_wconf 86' lang='lat' dir='ltr'>actio</span> <span class='ocrx_word' id='word_1_32' title='bbox 1323 468 1425 522; x_wconf 77' lang='lat' dir='ltr'>tutelae</span> <span class='ocrx_word' id='word_1_33' title='bbox 1442 472 1548 538; x_wconf 88' lang='lat' dir='ltr'>patrem</span> <span class='ocrx_word' id='word_1_34' title='bbox 1568 481 1673 536; x_wconf 85' lang='lat' dir='ltr'>qnoque</span> 
     </span>
     <span class='ocr_line' id='line_1_4' title="bbox 241 555 1675 627; baseline -0.003 -13"><span class='ocrx_word' id='word_1_35' title='bbox 241 560 292 614; x_wconf 92' lang='lat' dir='ltr'>hoc</span> <span class='ocrx_word' id='word_1_36' title='bbox 312 559 420 614; x_wconf 90' lang='lat' dir='ltr'>nomine</span> <span class='ocrx_word' id='word_1_37' title='bbox 439 563 538 627; x_wconf 82' lang='lat' dir='ltr'>teneat,</span> <span class='ocrx_word' id='word_1_38' title='bbox 557 558 704 627; x_wconf 89' lang='lat' dir='ltr'>quaeritur.</span> <span class='ocrx_word' id='word_1_39' title='bbox 732 561 761 612; x_wconf 90' lang='lat' dir='ltr'>et</span> <span class='ocrx_word' id='word_1_40' title='bbox 778 573 895 626; x_wconf 86' lang='lat' dir='ltr'>aequum</span> <span class='ocrx_word' id='word_1_41' title='bbox 914 561 965 626; x_wconf 92' lang='lat' dir='ltr'>est,</span> <span class='ocrx_word' id='word_1_42' title='bbox 985 562 1016 612; x_wconf 91' lang='lat' dir='ltr'>ut</span> <span class='ocrx_word' id='word_1_43' title='bbox 1034 573 1096 612; x_wconf 91' lang='lat' dir='ltr'>eum</span> <span class='ocrx_word' id='word_1_44' title='bbox 1114 557 1259 612; x_wconf 82' lang='lat' dir='ltr'>dumtaxat</span> <span class='ocrx_word' id='word_1_45' title='bbox 1276 555 1367 612; x_wconf 90' lang='lat' dir='ltr'>dolum</span> <span class='ocrx_word' id='word_1_46' title='bbox 1385 561 1464 626; x_wconf 91' lang='lat' dir='ltr'>pater</span> <span class='ocrx_word' id='word_1_47' title='bbox 1480 561 1610 625; x_wconf 86' lang='lat' dir='ltr'>praestet,</span> <span class='ocrx_word' id='word_1_48' title='bbox 1629 555 1675 626; x_wconf 89' lang='lat' dir='ltr'>qui</span> 
     </span>
     <span class='ocr_line' id='line_1_5' title="bbox 241 644 1706 715; baseline -0.003 -12"><span class='ocrx_word' id='word_1_49' title='bbox 241 647 403 703; x_wconf 87' lang='lat' dir='ltr'>commissus</span> <span class='ocrx_word' id='word_1_50' title='bbox 421 650 465 700; x_wconf 89' lang='lat' dir='ltr'>est</span> <span class='ocrx_word' id='word_1_51' title='bbox 483 651 546 700; x_wconf 90' lang='lat' dir='ltr'>ante</span> <span class='ocrx_word' id='word_1_52' title='bbox 566 645 809 715; x_wconf 79' lang='lat' dir='ltr'>emancipationem</span> <span class='ocrx_word' id='word_1_53' title='bbox 829 644 885 700; x_wconf 90' lang='lat' dir='ltr'>tilii.</span> <span class='ocrx_word' id='word_1_54' title='bbox 1693 659 1706 698; x_wconf 81' lang='lat' dir='ltr'>s</span> 
     </span>
    </p>

    <p class='ocr_par' dir='ltr' id='par_1_3' title="bbox 205 727 1725 817">
     <span class='ocr_line' id='line_1_6' title="bbox 205 727 1725 817; baseline -0.002 -26"><span class='ocrx_word' id='word_1_55' title='bbox 205 737 223 794; x_wconf 81' lang='lat'><strong>7</strong></span> <span class='ocrx_word' id='word_1_56' title='bbox 293 737 371 791; x_wconf 82' lang='lat' dir='ltr'>lusu</span> <span class='ocrx_word' id='word_1_57' title='bbox 388 734 457 789; x_wconf 92' lang='lat' dir='ltr'>libro</span> <span class='ocrx_word' id='word_1_58' title='bbox 475 734 617 803; x_wconf 85' lang='lat' dir='ltr'>trigesimo</span> <span class='ocrx_word' id='word_1_59' title='bbox 635 735 730 803; x_wconf 90' lang='lat' dir='ltr'>quinto</span> <span class='ocrx_word' id='word_1_60' title='bbox 749 734 784 788; x_wconf 88' lang='lat' dir='ltr'>ad</span> <span class='ocrx_word' id='word_1_61' title='bbox 802 735 930 789; x_wconf 89' lang='lat' dir='ltr'>edictum.</span> <span class='ocrx_word' id='word_1_62' title='bbox 959 733 988 788; x_wconf 89' lang='lat' dir='ltr'>Si</span> <span class='ocrx_word' id='word_1_63' title='bbox 1007 735 1125 804; x_wconf 88' lang='lat' dir='ltr'>pupillus</span> <span class='ocrx_word' id='word_1_64' title='bbox 1143 735 1223 790; x_wconf 90' lang='lat' dir='ltr'>heres</span> <span class='ocrx_word' id='word_1_65' title='bbox 1242 735 1378 789; x_wconf 82' lang='lat' dir='ltr'>exstiterit</span> <span class='ocrx_word' id='word_1_66' title='bbox 1389 733 1423 802; x_wconf 90' lang='lat' dir='ltr'>ei,</span> <span class='ocrx_word' id='word_1_67' title='bbox 1442 735 1519 789; x_wconf 91' lang='lat' dir='ltr'>cuius</span> <span class='ocrx_word' id='word_1_68' title='bbox 1539 727 1676 817; x_wconf 67' lang='lat' dir='ltr'>[u—aa‘u‘t</span> <span class='ocrx_word' id='word_1_69' title='bbox 1706 741 1725 794; x_wconf 72' lang='grc' dir='ltr'>,ς</span> 
     </span>
    </p>

    <p class='ocr_par' dir='ltr' id='par_1_4' title="bbox 209 822 1708 1161">
     <span class='ocr_line' id='line_1_7' title="bbox 209 822 1677 892; baseline -0.003 -10"><span class='ocrx_word' id='word_1_70' title='bbox 209 837 222 882; x_wconf 86' lang='lat'>1</span> <span class='ocrx_word' id='word_1_71' title='bbox 241 826 354 882; x_wconf 87' lang='lat' dir='ltr'>tutelam</span> <span class='ocrx_word' id='word_1_72' title='bbox 373 830 448 878; x_wconf 90' lang='lat' dir='ltr'>tutor</span> <span class='ocrx_word' id='word_1_73' title='bbox 465 839 531 878; x_wconf 90' lang='lat' dir='ltr'>suus</span> <span class='ocrx_word' id='word_1_74' title='bbox 549 828 681 892; x_wconf 79' lang='lat' dir='ltr'>gesserat,</span> <span class='ocrx_word' id='word_1_75' title='bbox 701 839 734 878; x_wconf 85' lang='lat' dir='ltr'>ex</span> <span class='ocrx_word' id='word_1_76' title='bbox 754 823 918 877; x_wconf 87' lang='lat' dir='ltr'>hereditaria</span> <span class='ocrx_word' id='word_1_77' title='bbox 929 838 1014 877; x_wconf 92' lang='lat' dir='ltr'>causa</span> <span class='ocrx_word' id='word_1_78' title='bbox 1026 839 1087 878; x_wconf 90' lang='lat' dir='ltr'>cum</span> <span class='ocrx_word' id='word_1_79' title='bbox 1100 829 1191 878; x_wconf 89' lang='lat' dir='ltr'>tutore</span> <span class='ocrx_word' id='word_1_80' title='bbox 1204 838 1254 878; x_wconf 92' lang='lat' dir='ltr'>suo</span> <span class='ocrx_word' id='word_1_81' title='bbox 1265 822 1378 878; x_wconf 87' lang='lat' dir='ltr'>habebit</span> <span class='ocrx_word' id='word_1_82' title='bbox 1388 823 1534 878; x_wconf 78' lang='lat' dir='ltr'>actionem.</span> <span class='ocrx_word' id='word_1_83' title='bbox 1562 822 1591 877; x_wconf 90' lang='lat' dir='ltr'>Si</span> <span class='ocrx_word' id='word_1_84' title='bbox 1603 827 1677 877; x_wconf 89' lang='lat' dir='ltr'>tutor</span> 
     </span>
     <span class='ocr_line' id='line_1_8' title="bbox 241 910 1676 983; baseline -0.001 -15"><span class='ocrx_word' id='word_1_85' title='bbox 241 915 269 969; x_wconf 93' lang='lat' dir='ltr'>in</span> <span class='ocrx_word' id='word_1_86' title='bbox 286 913 405 968; x_wconf 87' lang='lat' dir='ltr'>hostium</span> <span class='ocrx_word' id='word_1_87' title='bbox 424 915 589 981; x_wconf 85' lang='lat' dir='ltr'>potestatem</span> <span class='ocrx_word' id='word_1_88' title='bbox 608 913 772 981; x_wconf 88' lang='lat' dir='ltr'>peruenerit,</span> <span class='ocrx_word' id='word_1_89' title='bbox 791 913 855 981; x_wconf 85' lang='lat' dir='ltr'>qnia</span> <span class='ocrx_word' id='word_1_90' title='bbox 872 910 950 966; x_wconf 89' lang='lat' dir='ltr'>finita</span> <span class='ocrx_word' id='word_1_91' title='bbox 962 914 1049 966; x_wconf 88' lang='lat' dir='ltr'>tutela</span> <span class='ocrx_word' id='word_1_92' title='bbox 1060 913 1233 983; x_wconf 84' lang='lat' dir='ltr'>intellegitur,</span> <span class='ocrx_word' id='word_1_93' title='bbox 1251 911 1435 981; x_wconf 87' lang='lat' dir='ltr'>fideiussores,</span> <span class='ocrx_word' id='word_1_94' title='bbox 1454 912 1502 980; x_wconf 91' lang='lat' dir='ltr'>qui</span> <span class='ocrx_word' id='word_1_95' title='bbox 1512 927 1562 982; x_wconf 90' lang='lat' dir='ltr'>pro</span> <span class='ocrx_word' id='word_1_96' title='bbox 1575 927 1608 967; x_wconf 97' lang='lat' dir='ltr'>eo</span> <span class='ocrx_word' id='word_1_97' title='bbox 1619 927 1676 966; x_wconf 88' lang='lat' dir='ltr'>rem</span> 
     </span>
     <span class='ocr_line' id='line_1_9' title="bbox 241 999 1678 1072; baseline -0.001 -15"><span class='ocrx_word' id='word_1_98' title='bbox 241 1003 346 1058; x_wconf 88' lang='lat' dir='ltr'>saluam</span> <span class='ocrx_word' id='word_1_99' title='bbox 365 1001 422 1056; x_wconf 86' lang='lat' dir='ltr'>fore</span> <span class='ocrx_word' id='word_1_100' title='bbox 441 999 650 1070; x_wconf 78' lang='lat' dir='ltr'>spoponderint,</span> <span class='ocrx_word' id='word_1_101' title='bbox 673 1005 702 1054; x_wconf 89' lang='lat' dir='ltr'>et</span> <span class='ocrx_word' id='word_1_102' title='bbox 720 1001 742 1053; x_wconf 88' lang='lat' dir='ltr'>ei</span> <span class='ocrx_word' id='word_1_103' title='bbox 760 1001 822 1068; x_wconf 89' lang='lat' dir='ltr'>quis</span> <span class='ocrx_word' id='word_1_104' title='bbox 840 1001 941 1055; x_wconf 80' lang='lat' dir='ltr'>existat</span> <span class='ocrx_word' id='word_1_105' title='bbox 960 999 1086 1056; x_wconf 80' lang='lat' dir='ltr'>defensor</span> <span class='ocrx_word' id='word_1_106' title='bbox 1104 1003 1176 1072; x_wconf 89' lang='lat' dir='ltr'>eius,</span> <span class='ocrx_word' id='word_1_107' title='bbox 1195 1003 1241 1071; x_wconf 90' lang='lat' dir='ltr'>qui</span> <span class='ocrx_word' id='word_1_108' title='bbox 1260 1007 1372 1071; x_wconf 89' lang='lat' dir='ltr'>paratus</span> <span class='ocrx_word' id='word_1_109' title='bbox 1391 1005 1433 1055; x_wconf 86' lang='lat' dir='ltr'>est</span> <span class='ocrx_word' id='word_1_110' title='bbox 1451 1001 1591 1071; x_wconf 79' lang='lat' dir='ltr'>suscipere</span> <span class='ocrx_word' id='word_1_111' title='bbox 1608 1000 1678 1055; x_wconf 89' lang='lat' dir='ltr'>iudi-</span> 
     </span>
     <span class='ocr_line' id='line_1_10' title="bbox 242 1088 1708 1161; baseline -0.004 -15"><span class='ocrx_word' id='word_1_112' title='bbox 242 1092 314 1146; x_wconf 92' lang='lat' dir='ltr'>cium</span> <span class='ocrx_word' id='word_1_113' title='bbox 333 1091 444 1157; x_wconf 88' lang='lat' dir='ltr'>tutelae,</span> <span class='ocrx_word' id='word_1_114' title='bbox 463 1091 506 1144; x_wconf 92' lang='lat' dir='ltr'>uel</span> <span class='ocrx_word' id='word_1_115' title='bbox 525 1091 548 1143; x_wconf 90' lang='lat' dir='ltr'>si</span> <span class='ocrx_word' id='word_1_116' title='bbox 566 1089 629 1158; x_wconf 85' lang='lat' dir='ltr'>quis</span> <span class='ocrx_word' id='word_1_117' title='bbox 648 1089 685 1143; x_wconf 90' lang='lat' dir='ltr'>sit</span> <span class='ocrx_word' id='word_1_118' title='bbox 702 1094 812 1144; x_wconf 91' lang='lat' dir='ltr'>curator</span> <span class='ocrx_word' id='word_1_119' title='bbox 829 1088 908 1144; x_wconf 92' lang='lat' dir='ltr'>bonis</span> <span class='ocrx_word' id='word_1_120' title='bbox 927 1090 985 1144; x_wconf 91' lang='lat' dir='ltr'>eius</span> <span class='ocrx_word' id='word_1_121' title='bbox 1004 1091 1178 1161; x_wconf 90' lang='lat' dir='ltr'>constitutus,</span> <span class='ocrx_word' id='word_1_122' title='bbox 1198 1095 1272 1145; x_wconf 89' lang='lat' dir='ltr'>reete</span> <span class='ocrx_word' id='word_1_123' title='bbox 1291 1091 1500 1144; x_wconf 82' lang='lat' dir='ltr'>conuenienter:</span> <span class='ocrx_word' id='word_1_124' title='bbox 1696 1103 1708 1140; x_wconf 83' lang='lat' dir='ltr'>s</span> 
     </span>
    </p>

    <p class='ocr_par' dir='ltr' id='par_1_5' title="bbox 204 1173 1734 1338">
     <span class='ocr_line' id='line_1_11' title="bbox 204 1173 1734 1250; baseline -0.001 -15"><span class='ocrx_word' id='word_1_125' title='bbox 204 1178 223 1237; x_wconf 87' lang='lat'>8</span> <span class='ocrx_word' id='word_1_126' title='bbox 294 1181 475 1234; x_wconf 73' lang='lat' dir='ltr'>Pspmrssns</span> <span class='ocrx_word' id='word_1_127' title='bbox 501 1179 570 1234; x_wconf 91' lang='lat' dir='ltr'>libro</span> <span class='ocrx_word' id='word_1_128' title='bbox 594 1177 744 1232; x_wconf 89' lang='lat' dir='ltr'>uicensimo</span> <span class='ocrx_word' id='word_1_129' title='bbox 768 1181 867 1232; x_wconf 90' lang='lat' dir='ltr'>octauo</span> <span class='ocrx_word' id='word_1_130' title='bbox 891 1179 1091 1248; x_wconf 88' lang='lat' dir='ltr'>quaestionum.</span> <span class='ocrx_word' id='word_1_131' title='bbox 1127 1180 1252 1250; x_wconf 88' lang='lat' dir='ltr'>quamuis</span> <span class='ocrx_word' id='word_1_132' title='bbox 1276 1179 1334 1234; x_wconf 87' lang='lat' dir='ltr'>iure</span> <span class='ocrx_word' id='word_1_133' title='bbox 1359 1177 1517 1248; x_wconf 88' lang='lat' dir='ltr'>postliminii</span> <span class='ocrx_word' id='word_1_134' title='bbox 1542 1173 1678 1250; x_wconf 58' lang='lat' dir='ltr'>ltu-essa]</span> <span class='ocrx_word' id='word_1_135' title='bbox 1698 1187 1734 1239; x_wconf 81' lang='lat' dir='ltr'>&#39;P</span> 
     </span>
     <span class='ocr_line' id='line_1_12' title="bbox 241 1251 1680 1338; baseline -0.004 -14"><span class='ocrx_word' id='word_1_136' title='bbox 241 1270 355 1324; x_wconf 87' lang='lat' dir='ltr'>tutelam</span> <span class='ocrx_word' id='word_1_137' title='bbox 373 1269 514 1338; x_wconf 84' lang='lat' dir='ltr'>pristinam</span> <span class='ocrx_word' id='word_1_138' title='bbox 533 1267 622 1338; x_wconf 90' lang='lat' dir='ltr'>possit</span> <span class='ocrx_word' id='word_1_139' title='bbox 639 1267 783 1334; x_wconf 81' lang='lat' dir='ltr'>integrare.</span> <span class='ocrx_word' id='word_1_140' title='bbox 1542 1251 1680 1262; x_wconf 54' lang='lat'>&#39;&#39;—</span> 
     </span>
    </p>

    <p class='ocr_par' dir='ltr' id='par_1_6' title="bbox 205 1346 1735 1604">
     <span class='ocr_line' id='line_1_13' title="bbox 205 1346 1735 1438; baseline -0.003 -23"><span class='ocrx_word' id='word_1_141' title='bbox 205 1346 223 1416; x_wconf 84' lang='lat'>9</span> <span class='ocrx_word' id='word_1_142' title='bbox 297 1358 446 1413; x_wconf 68' lang='lat' dir='ltr'>uncrinus</span> <span class='ocrx_word' id='word_1_143' title='bbox 469 1356 538 1412; x_wconf 89' lang='lat' dir='ltr'>libro</span> <span class='ocrx_word' id='word_1_144' title='bbox 561 1354 728 1410; x_wconf 74' lang='lat' dir='ltr'>meeusimo¹</span> <span class='ocrx_word' id='word_1_145' title='bbox 752 1354 847 1424; x_wconf 86' lang='lat' dir='ltr'>quinto</span> <span class='ocrx_word' id='word_1_146' title='bbox 872 1355 907 1410; x_wconf 89' lang='lat' dir='ltr'>ad</span> <span class='ocrx_word' id='word_1_147' title='bbox 928 1354 1057 1411; x_wconf 87' lang='lat' dir='ltr'>edictum.</span> <span class='ocrx_word' id='word_1_148' title='bbox 1095 1355 1124 1410; x_wconf 88' lang='lat' dir='ltr'>Si</span> <span class='ocrx_word' id='word_1_149' title='bbox 1143 1360 1219 1411; x_wconf 91' lang='lat' dir='ltr'>tutor</span> <span class='ocrx_word' id='word_1_150' title='bbox 1235 1356 1275 1410; x_wconf 93' lang='lat' dir='ltr'>rei</span> <span class='ocrx_word' id='word_1_151' title='bbox 1292 1355 1418 1425; x_wconf 88' lang='lat' dir='ltr'>publicae</span> <span class='ocrx_word' id='word_1_152' title='bbox 1437 1371 1521 1410; x_wconf 88' lang='lat' dir='ltr'>causa</span> <span class='ocrx_word' id='word_1_153' title='bbox 1539 1350 1679 1438; x_wconf 50' lang='lat' dir='ltr'>[ffers—E}</span> <span class='ocrx_word' id='word_1_154' title='bbox 1698 1361 1735 1417; x_wconf 76' lang='grc' dir='ltr'><strong><em>Ἐ</em></strong></span> 
     </span>
     <span class='ocr_line' id='line_1_14' title="bbox 242 1440 1680 1516; baseline -0.003 -14"><span class='ocrx_word' id='word_1_155' title='bbox 242 1447 340 1502; x_wconf 90' lang='lat' dir='ltr'>abesse</span> <span class='ocrx_word' id='word_1_156' title='bbox 359 1447 479 1516; x_wconf 89' lang='lat' dir='ltr'>coeperit</span> <span class='ocrx_word' id='word_1_157' title='bbox 496 1461 529 1500; x_wconf 91' lang='lat' dir='ltr'>ac</span> <span class='ocrx_word' id='word_1_158' title='bbox 548 1461 597 1514; x_wconf 92' lang='lat' dir='ltr'>per</span> <span class='ocrx_word' id='word_1_159' title='bbox 613 1444 665 1499; x_wconf 91' lang='lat' dir='ltr'>hoc</span> <span class='ocrx_word' id='word_1_160' title='bbox 683 1440 766 1497; x_wconf 86' lang='lat' dir='ltr'>fuerit</span> <span class='ocrx_word' id='word_1_161' title='bbox 783 1449 939 1512; x_wconf 87' lang='lat' dir='ltr'>excusatus,</span> <span class='ocrx_word' id='word_1_162' title='bbox 958 1445 1048 1514; x_wconf 83' lang='lat' dir='ltr'>quod²</span> <span class='ocrx_word' id='word_1_163' title='bbox 1064 1445 1103 1499; x_wconf 92' lang='lat' dir='ltr'>rei</span> <span class='ocrx_word' id='word_1_164' title='bbox 1115 1444 1241 1514; x_wconf 88' lang='lat' dir='ltr'>publicae</span> <span class='ocrx_word' id='word_1_165' title='bbox 1254 1459 1338 1498; x_wconf 90' lang='lat' dir='ltr'>eausa</span> <span class='ocrx_word' id='word_1_166' title='bbox 1350 1443 1446 1513; x_wconf 91' lang='lat' dir='ltr'>aberit,</span> <span class='ocrx_word' id='word_1_167' title='bbox 1462 1443 1566 1499; x_wconf 85' lang='lat' dir='ltr'>tutelae</span> <span class='ocrx_word' id='word_1_168' title='bbox 1579 1444 1680 1499; x_wconf 93' lang='lat' dir='ltr'>iudicio</span> 
     </span>
     <span class='ocr_line' id='line_1_15' title="bbox 241 1530 1681 1604; baseline -0.001 -14"><span class='ocrx_word' id='word_1_169' title='bbox 241 1537 318 1591; x_wconf 86' lang='lat' dir='ltr'>locus</span> <span class='ocrx_word' id='word_1_170' title='bbox 337 1540 387 1590; x_wconf 91' lang='lat' dir='ltr'>est.</span> <span class='ocrx_word' id='word_1_171' title='bbox 416 1535 465 1589; x_wconf 88' lang='lat' dir='ltr'>sed</span> <span class='ocrx_word' id='word_1_172' title='bbox 484 1535 507 1589; x_wconf 91' lang='lat' dir='ltr'>si</span> <span class='ocrx_word' id='word_1_173' title='bbox 526 1533 638 1588; x_wconf 89' lang='lat' dir='ltr'>desierit</span> <span class='ocrx_word' id='word_1_174' title='bbox 656 1531 694 1586; x_wconf 89' lang='lat' dir='ltr'>rei</span> <span class='ocrx_word' id='word_1_175' title='bbox 713 1530 838 1600; x_wconf 90' lang='lat' dir='ltr'>publicae</span> <span class='ocrx_word' id='word_1_176' title='bbox 857 1547 941 1587; x_wconf 90' lang='lat' dir='ltr'>eausa</span> <span class='ocrx_word' id='word_1_177' title='bbox 959 1533 1064 1604; x_wconf 87' lang='lat' dir='ltr'>abesse,</span> <span class='ocrx_word' id='word_1_178' title='bbox 1084 1537 1284 1602; x_wconf 84' lang='lat' dir='ltr'>consequenter</span> <span class='ocrx_word' id='word_1_179' title='bbox 1301 1532 1401 1587; x_wconf 84' lang='lat' dir='ltr'>desinit</span> <span class='ocrx_word' id='word_1_180' title='bbox 1418 1532 1504 1602; x_wconf 90' lang='lat' dir='ltr'>quiin</span> <span class='ocrx_word' id='word_1_181' title='bbox 1518 1532 1607 1588; x_wconf 90' lang='lat' dir='ltr'>locum</span> <span class='ocrx_word' id='word_1_182' title='bbox 1621 1533 1681 1588; x_wconf 86' lang='lat' dir='ltr'>eius</span> 
     </span>
    </p>

    <p class='ocr_par' dir='ltr' id='par_1_7' title="bbox 210 1620 1725 1963">
     <span class='ocr_line' id='line_1_16' title="bbox 210 1620 1725 1702; baseline -0.001 -23"><span class='ocrx_word' id='word_1_183' title='bbox 210 1635 222 1678; x_wconf 84' lang='lat'>1</span> <span class='ocrx_word' id='word_1_184' title='bbox 243 1625 324 1679; x_wconf 77' lang='lat' dir='ltr'>datius</span> <span class='ocrx_word' id='word_1_185' title='bbox 347 1629 391 1679; x_wconf 92' lang='lat' dir='ltr'>est</span> <span class='ocrx_word' id='word_1_186' title='bbox 409 1627 437 1678; x_wconf 90' lang='lat' dir='ltr'>et</span> <span class='ocrx_word' id='word_1_187' title='bbox 455 1624 557 1677; x_wconf 87' lang='lat' dir='ltr'>tutelae</span> <span class='ocrx_word' id='word_1_188' title='bbox 576 1620 716 1677; x_wconf 88' lang='lat' dir='ltr'>conueniri</span> <span class='ocrx_word' id='word_1_189' title='bbox 733 1620 842 1688; x_wconf 90' lang='lat' dir='ltr'>poterit.</span> <span class='ocrx_word' id='word_1_190' title='bbox 880 1620 909 1676; x_wconf 87' lang='lat' dir='ltr'>Si</span> <span class='ocrx_word' id='word_1_191' title='bbox 928 1621 1036 1676; x_wconf 89' lang='lat' dir='ltr'>duobus</span> <span class='ocrx_word' id='word_1_192' title='bbox 1054 1621 1240 1702; x_wconf 84' lang='lat' dir='ltr'>impuberibus</span> <span class='ocrx_word' id='word_1_193' title='bbox 1260 1620 1390 1677; x_wconf 87' lang='lat' dir='ltr'>fratribus</span> <span class='ocrx_word' id='word_1_194' title='bbox 1408 1627 1482 1677; x_wconf 92' lang='lat' dir='ltr'>tutor</span> <span class='ocrx_word' id='word_1_195' title='bbox 1499 1621 1581 1677; x_wconf 87' lang='lat' dir='ltr'>datus</span> <span class='ocrx_word' id='word_1_196' title='bbox 1599 1622 1638 1677; x_wconf 92' lang='lat' dir='ltr'>sit</span> <span class='ocrx_word' id='word_1_197' title='bbox 1654 1627 1682 1676; x_wconf 90' lang='lat' dir='ltr'>et</span> <span class='ocrx_word' id='word_1_198' title='bbox 1700 1637 1725 1677; x_wconf 81' lang='lat' dir='ltr'>rs</span> 
     </span>
     <span class='ocr_line' id='line_1_17' title="bbox 242 1708 1682 1781; baseline -0.003 -13"><span class='ocrx_word' id='word_1_199' title='bbox 242 1715 312 1768; x_wconf 84' lang='lat' dir='ltr'>alter</span> <span class='ocrx_word' id='word_1_200' title='bbox 334 1728 427 1768; x_wconf 88' lang='lat' dir='ltr'>eorum</span> <span class='ocrx_word' id='word_1_201' title='bbox 449 1713 478 1766; x_wconf 92' lang='lat' dir='ltr'>in</span> <span class='ocrx_word' id='word_1_202' title='bbox 494 1711 644 1781; x_wconf 82' lang='lat' dir='ltr'>legitimam</span> <span class='ocrx_word' id='word_1_203' title='bbox 664 1709 778 1763; x_wconf 86' lang='lat' dir='ltr'>tutelam</span> <span class='ocrx_word' id='word_1_204' title='bbox 798 1708 889 1764; x_wconf 87' lang='lat' dir='ltr'>fratris</span> <span class='ocrx_word' id='word_1_205' title='bbox 907 1712 950 1766; x_wconf 90' lang='lat' dir='ltr'>sui</span> <span class='ocrx_word' id='word_1_206' title='bbox 967 1710 1105 1781; x_wconf 82' lang='lat' dir='ltr'>perlectae</span> <span class='ocrx_word' id='word_1_207' title='bbox 1124 1713 1223 1766; x_wconf 86' lang='lat' dir='ltr'>aetatis</span> <span class='ocrx_word' id='word_1_208' title='bbox 1243 1711 1384 1765; x_wconf 88' lang='lat' dir='ltr'>constituti</span> <span class='ocrx_word' id='word_1_209' title='bbox 1402 1710 1527 1781; x_wconf 88' lang='lat' dir='ltr'>reccidit,</span> <span class='ocrx_word' id='word_1_210' title='bbox 1552 1726 1614 1766; x_wconf 88' lang='lat' dir='ltr'>eum</span> <span class='ocrx_word' id='word_1_211' title='bbox 1634 1710 1682 1780; x_wconf 88' lang='lat' dir='ltr'>qui</span> 
     </span>
     <span class='ocr_line' id='line_1_18' title="bbox 242 1797 1680 1870; baseline -0.003 -12"><span class='ocrx_word' id='word_1_212' title='bbox 242 1803 323 1858; x_wconf 86' lang='lat' dir='ltr'>datus</span> <span class='ocrx_word' id='word_1_213' title='bbox 342 1807 417 1857; x_wconf 89' lang='lat' dir='ltr'>esset</span> <span class='ocrx_word' id='word_1_214' title='bbox 433 1805 551 1856; x_wconf 90' lang='lat' dir='ltr'>tutorem</span> <span class='ocrx_word' id='word_1_215' title='bbox 571 1814 633 1854; x_wconf 87' lang='lat' dir='ltr'>esse</span> <span class='ocrx_word' id='word_1_216' title='bbox 652 1797 756 1853; x_wconf 86' lang='lat' dir='ltr'>desisse</span> <span class='ocrx_word' id='word_1_217' title='bbox 775 1798 903 1854; x_wconf 87' lang='lat' dir='ltr'>Neratius</span> <span class='ocrx_word' id='word_1_218' title='bbox 921 1800 967 1854; x_wconf 89' lang='lat' dir='ltr'>ait.</span> <span class='ocrx_word' id='word_1_219' title='bbox 998 1801 1063 1870; x_wconf 88' lang='lat' dir='ltr'>quia</span> <span class='ocrx_word' id='word_1_220' title='bbox 1080 1801 1164 1870; x_wconf 87' lang='lat' dir='ltr'>igitur</span> <span class='ocrx_word' id='word_1_221' title='bbox 1182 1800 1296 1868; x_wconf 91' lang='lat' dir='ltr'>desinit,</span> <span class='ocrx_word' id='word_1_222' title='bbox 1315 1800 1368 1854; x_wconf 91' lang='lat' dir='ltr'>erit</span> <span class='ocrx_word' id='word_1_223' title='bbox 1384 1800 1488 1854; x_wconf 86' lang='lat' dir='ltr'>tutelae</span> <span class='ocrx_word' id='word_1_224' title='bbox 1506 1800 1579 1855; x_wconf 92' lang='lat' dir='ltr'>actio</span> <span class='ocrx_word' id='word_1_225' title='bbox 1597 1801 1680 1855; x_wconf 82' lang='lat' dir='ltr'>etiam</span> 
     </span>
     <span class='ocr_line' id='line_1_19' title="bbox 243 1883 1682 1963; baseline -0.002 -17"><span class='ocrx_word' id='word_1_226' title='bbox 243 1907 278 1946; x_wconf 88' lang='lat' dir='ltr'>ex</span> <span class='ocrx_word' id='word_1_227' title='bbox 295 1907 413 1963; x_wconf 85' lang='lat' dir='ltr'>persons</span> <span class='ocrx_word' id='word_1_228' title='bbox 431 1888 588 1960; x_wconf 86' lang='lat' dir='ltr'>impuberis,</span> <span class='ocrx_word' id='word_1_229' title='bbox 609 1888 744 1958; x_wconf 89' lang='lat' dir='ltr'>quamuis,</span> <span class='ocrx_word' id='word_1_230' title='bbox 763 1888 786 1941; x_wconf 87' lang='lat' dir='ltr'>si</span> <span class='ocrx_word' id='word_1_231' title='bbox 805 1893 970 1944; x_wconf 88' lang='lat' dir='ltr'>testamento</span> <span class='ocrx_word' id='word_1_232' title='bbox 989 1889 1069 1944; x_wconf 89' lang='lat' dir='ltr'>datus</span> <span class='ocrx_word' id='word_1_233' title='bbox 1088 1883 1197 1958; x_wconf 78' lang='lat' dir='ltr'>fuisset,</span> <span class='ocrx_word' id='word_1_234' title='bbox 1213 1905 1267 1944; x_wconf 92' lang='lat' dir='ltr'>non</span> <span class='ocrx_word' id='word_1_235' title='bbox 1286 1888 1424 1944; x_wconf 89' lang='lat' dir='ltr'>desineret</span> <span class='ocrx_word' id='word_1_236' title='bbox 1441 1903 1503 1944; x_wconf 86' lang='lat' dir='ltr'>esse</span> <span class='ocrx_word' id='word_1_237' title='bbox 1520 1893 1597 1944; x_wconf 86' lang='lat' dir='ltr'>tutor</span> <span class='ocrx_word' id='word_1_238' title='bbox 1613 1889 1682 1956; x_wconf 90' lang='lat' dir='ltr'>eins,</span> 
     </span>
    </p>

    <p class='ocr_par' dir='ltr' id='par_1_8' title="bbox 210 1975 1727 2143">
     <span class='ocr_line' id='line_1_20' title="bbox 210 1975 1683 2050; baseline -0.001 -17"><span class='ocrx_word' id='word_1_239' title='bbox 210 1981 289 2050; x_wconf 78' lang='lat' dir='ltr'>aqui</span> <span class='ocrx_word' id='word_1_240' title='bbox 308 1979 398 2034; x_wconf 89' lang='lat' dir='ltr'>adbuc</span> <span class='ocrx_word' id='word_1_241' title='bbox 417 1983 476 2034; x_wconf 89' lang='lat' dir='ltr'>erat</span> <span class='ocrx_word' id='word_1_242' title='bbox 493 1976 634 2048; x_wconf 88' lang='lat' dir='ltr'>impubes,</span> <span class='ocrx_word' id='word_1_243' title='bbox 658 1977 723 2046; x_wconf 91' lang='lat' dir='ltr'>quia</span> <span class='ocrx_word' id='word_1_244' title='bbox 741 1991 850 2045; x_wconf 90' lang='lat' dir='ltr'>semper</span> <span class='ocrx_word' id='word_1_245' title='bbox 867 1977 990 2046; x_wconf 87' lang='lat' dir='ltr'>legitima</span> <span class='ocrx_word' id='word_1_246' title='bbox 1006 1979 1093 2032; x_wconf 88' lang='lat' dir='ltr'>tutela</span> <span class='ocrx_word' id='word_1_247' title='bbox 1109 1979 1332 2033; x_wconf 88' lang='lat' dir='ltr'>testamentariae</span> <span class='ocrx_word' id='word_1_248' title='bbox 1350 1977 1433 2032; x_wconf 90' lang='lat' dir='ltr'>cedit.</span> <span class='ocrx_word' id='word_1_249' title='bbox 1468 1975 1498 2033; x_wconf 89' lang='lat' dir='ltr'>Si</span> <span class='ocrx_word' id='word_1_250' title='bbox 1515 1983 1683 2033; x_wconf 88' lang='lat' dir='ltr'>testamento</span> 
     </span>
     <span class='ocr_line' id='line_1_21' title="bbox 243 2064 1727 2143; baseline -0.003 -19"><span class='ocrx_word' id='word_1_251' title='bbox 243 2069 295 2124; x_wconf 88' lang='lat' dir='ltr'>sub</span> <span class='ocrx_word' id='word_1_252' title='bbox 313 2068 472 2124; x_wconf 89' lang='lat' dir='ltr'>condicione</span> <span class='ocrx_word' id='word_1_253' title='bbox 490 2071 566 2121; x_wconf 90' lang='lat' dir='ltr'>tutor</span> <span class='ocrx_word' id='word_1_254' title='bbox 583 2066 664 2120; x_wconf 88' lang='lat' dir='ltr'>datus</span> <span class='ocrx_word' id='word_1_255' title='bbox 683 2065 732 2133; x_wconf 92' lang='lat' dir='ltr'>sit,</span> <span class='ocrx_word' id='word_1_256' title='bbox 755 2064 854 2120; x_wconf 87' lang='lat' dir='ltr'>deindo</span> <span class='ocrx_word' id='word_1_257' title='bbox 873 2067 941 2120; x_wconf 85' lang='lat' dir='ltr'>alius</span> <span class='ocrx_word' id='word_1_258' title='bbox 961 2066 1051 2121; x_wconf 92' lang='lat' dir='ltr'>medio</span> <span class='ocrx_word' id='word_1_259' title='bbox 1069 2073 1192 2136; x_wconf 88' lang='lat' dir='ltr'>tempore</span> <span class='ocrx_word' id='word_1_260' title='bbox 1210 2083 1245 2143; x_wconf 87' lang='lat' dir='ltr'>ex</span> <span class='ocrx_word' id='word_1_261' title='bbox 1264 2066 1450 2136; x_wconf 88' lang='lat' dir='ltr'>inquisitione,</span> <span class='ocrx_word' id='word_1_262' title='bbox 1474 2066 1622 2122; x_wconf 89' lang='lat' dir='ltr'>dicendum</span> <span class='ocrx_word' id='word_1_263' title='bbox 1642 2072 1685 2121; x_wconf 83' lang='lat' dir='ltr'>eat</span> <span class='ocrx_word' id='word_1_264' title='bbox 1702 2081 1727 2120; x_wconf 82' lang='lat' dir='ltr'>so</span> 
     </span>
    </p>

    <p class='ocr_par' dir='ltr' id='par_1_9' title="bbox 211 2154 1684 2226">
     <span class='ocr_line' id='line_1_22' title="bbox 211 2154 1684 2226; baseline -0.001 -15"><span class='ocrx_word' id='word_1_265' title='bbox 211 2168 225 2211; x_wconf 81' lang='lat' dir='ltr'>a</span> <span class='ocrx_word' id='word_1_266' title='bbox 242 2159 332 2214; x_wconf 89' lang='lat' dir='ltr'>locum</span> <span class='ocrx_word' id='word_1_267' title='bbox 351 2171 413 2212; x_wconf 88' lang='lat' dir='ltr'>esse</span> <span class='ocrx_word' id='word_1_268' title='bbox 430 2157 533 2211; x_wconf 88' lang='lat' dir='ltr'>tutelae</span> <span class='ocrx_word' id='word_1_269' title='bbox 551 2154 652 2210; x_wconf 91' lang='lat' dir='ltr'>iudicio</span> <span class='ocrx_word' id='word_1_270' title='bbox 670 2155 805 2209; x_wconf 79' lang='lat' dir='ltr'>existente</span> <span class='ocrx_word' id='word_1_271' title='bbox 820 2154 987 2225; x_wconf 87' lang='lat' dir='ltr'>condicione,</span> <span class='ocrx_word' id='word_1_272' title='bbox 1006 2156 1071 2225; x_wconf 87' lang='lat' dir='ltr'>quia</span> <span class='ocrx_word' id='word_1_273' title='bbox 1082 2160 1158 2210; x_wconf 93' lang='lat' dir='ltr'>tutor</span> <span class='ocrx_word' id='word_1_274' title='bbox 1169 2171 1230 2210; x_wconf 92' lang='lat' dir='ltr'>esse</span> <span class='ocrx_word' id='word_1_275' title='bbox 1243 2156 1351 2210; x_wconf 91' lang='lat' dir='ltr'>desinit.</span> <span class='ocrx_word' id='word_1_276' title='bbox 1379 2154 1435 2210; x_wconf 88' lang='lat' dir='ltr'>Sed</span> <span class='ocrx_word' id='word_1_277' title='bbox 1447 2160 1476 2211; x_wconf 88' lang='lat' dir='ltr'>et</span> <span class='ocrx_word' id='word_1_278' title='bbox 1488 2157 1511 2211; x_wconf 83' lang='lat' dir='ltr'>si</span> <span class='ocrx_word' id='word_1_279' title='bbox 1524 2157 1587 2226; x_wconf 90' lang='lat' dir='ltr'>quis</span> <span class='ocrx_word' id='word_1_280' title='bbox 1599 2160 1684 2210; x_wconf 79' lang='lat' dir='ltr'>testa·</span> 
     </span>
    </p>

    <p class='ocr_par' dir='ltr' id='par_1_10' title="bbox 209 2241 1730 3027">
     <span class='ocr_line' id='line_1_23' title="bbox 209 2241 1684 2315; baseline -0.001 -15"><span class='ocrx_word' id='word_1_281' title='bbox 209 2255 223 2300; x_wconf 80' lang='lat'>4</span> <span class='ocrx_word' id='word_1_282' title='bbox 243 2253 336 2302; x_wconf 90' lang='lat' dir='ltr'>mento</span> <span class='ocrx_word' id='word_1_283' title='bbox 359 2260 447 2314; x_wconf 90' lang='lat' dir='ltr'>usque</span> <span class='ocrx_word' id='word_1_284' title='bbox 471 2244 506 2299; x_wconf 92' lang='lat' dir='ltr'>ad</span> <span class='ocrx_word' id='word_1_285' title='bbox 525 2249 634 2314; x_wconf 89' lang='lat' dir='ltr'>tempus</span> <span class='ocrx_word' id='word_1_286' title='bbox 651 2241 733 2298; x_wconf 87' lang='lat' dir='ltr'>fuerit</span> <span class='ocrx_word' id='word_1_287' title='bbox 751 2243 847 2312; x_wconf 84' lang='lat' dir='ltr'>datus,</span> <span class='ocrx_word' id='word_1_288' title='bbox 871 2243 943 2298; x_wconf 93' lang='lat' dir='ltr'>idem</span> <span class='ocrx_word' id='word_1_289' title='bbox 963 2244 1014 2299; x_wconf 89' lang='lat' dir='ltr'>erit</span> <span class='ocrx_word' id='word_1_290' title='bbox 1031 2244 1186 2300; x_wconf 91' lang='lat' dir='ltr'>dicendum.</span> <span class='ocrx_word' id='word_1_291' title='bbox 1222 2245 1259 2299; x_wconf 84' lang='lat' dir='ltr'>Et</span> <span class='ocrx_word' id='word_1_292' title='bbox 1276 2245 1442 2314; x_wconf 82' lang='lat' dir='ltr'>generaliter</span> <span class='ocrx_word' id='word_1_293' title='bbox 1458 2243 1533 2315; x_wconf 90' lang='lat' dir='ltr'>quod</span> <span class='ocrx_word' id='word_1_294' title='bbox 1551 2243 1684 2299; x_wconf 70' lang='lat' dir='ltr'>nuditum</span> 
     </span>
     <span class='ocr_line' id='line_1_24' title="bbox 243 2332 1685 2406; baseline -0.002 -15"><span class='ocrx_word' id='word_1_295' title='bbox 243 2340 286 2391; x_wconf 90' lang='lat' dir='ltr'>est</span> <span class='ocrx_word' id='word_1_296' title='bbox 304 2335 436 2406; x_wconf 90' lang='lat' dir='ltr'>pupillum</span> <span class='ocrx_word' id='word_1_297' title='bbox 455 2349 518 2388; x_wconf 88' lang='lat' dir='ltr'>oum</span> <span class='ocrx_word' id='word_1_298' title='bbox 536 2336 628 2387; x_wconf 87' lang='lat' dir='ltr'>tutore</span> <span class='ocrx_word' id='word_1_299' title='bbox 647 2347 697 2387; x_wconf 91' lang='lat' dir='ltr'>suo</span> <span class='ocrx_word' id='word_1_300' title='bbox 715 2347 798 2401; x_wconf 80' lang='lat' dir='ltr'>agere</span> <span class='ocrx_word' id='word_1_301' title='bbox 815 2333 918 2387; x_wconf 89' lang='lat' dir='ltr'>tutelae</span> <span class='ocrx_word' id='word_1_302' title='bbox 936 2349 991 2387; x_wconf 92' lang='lat' dir='ltr'>non</span> <span class='ocrx_word' id='word_1_303' title='bbox 1009 2347 1092 2402; x_wconf 89' lang='lat' dir='ltr'>posse</span> <span class='ocrx_word' id='word_1_304' title='bbox 1109 2332 1242 2388; x_wconf 88' lang='lat' dir='ltr'>hactenus</span> <span class='ocrx_word' id='word_1_305' title='bbox 1261 2349 1355 2388; x_wconf 86' lang='lat' dir='ltr'>uerum</span> <span class='ocrx_word' id='word_1_306' title='bbox 1375 2337 1426 2402; x_wconf 88' lang='lat' dir='ltr'>est,</span> <span class='ocrx_word' id='word_1_307' title='bbox 1445 2334 1468 2388; x_wconf 93' lang='lat' dir='ltr'>si</span> <span class='ocrx_word' id='word_1_308' title='bbox 1486 2333 1584 2388; x_wconf 90' lang='lat' dir='ltr'>eadem</span> <span class='ocrx_word' id='word_1_309' title='bbox 1596 2334 1685 2388; x_wconf 89' lang='lat' dir='ltr'>tutela</span> 
     </span>
     <span class='ocr_line' id='line_1_25' title="bbox 243 2421 1685 2493; baseline -0.003 -13"><span class='ocrx_word' id='word_1_310' title='bbox 243 2426 293 2480; x_wconf 90' lang='lat' dir='ltr'>sit:</span> <span class='ocrx_word' id='word_1_311' title='bbox 318 2423 467 2479; x_wconf 84' lang='lat' dir='ltr'>absurdum</span> <span class='ocrx_word' id='word_1_312' title='bbox 486 2421 557 2477; x_wconf 91' lang='lat' dir='ltr'>enim</span> <span class='ocrx_word' id='word_1_313' title='bbox 577 2424 637 2476; x_wconf 85' lang='lat' dir='ltr'>erat</span> <span class='ocrx_word' id='word_1_314' title='bbox 654 2436 672 2474; x_wconf 91' lang='lat' dir='ltr'>a</span> <span class='ocrx_word' id='word_1_315' title='bbox 689 2425 779 2476; x_wconf 86' lang='lat' dir='ltr'>tutore</span> <span class='ocrx_word' id='word_1_316' title='bbox 797 2421 930 2476; x_wconf 89' lang='lat' dir='ltr'>rationem</span> <span class='ocrx_word' id='word_1_317' title='bbox 949 2421 1192 2478; x_wconf 86' lang='lat' dir='ltr'>administrationis</span> <span class='ocrx_word' id='word_1_318' title='bbox 1210 2423 1382 2492; x_wconf 81' lang='lat' dir='ltr'>negotiorum</span> <span class='ocrx_word' id='word_1_319' title='bbox 1401 2423 1498 2493; x_wconf 91' lang='lat' dir='ltr'>pupilli</span> <span class='ocrx_word' id='word_1_320' title='bbox 1514 2423 1638 2493; x_wconf 87' lang='lat' dir='ltr'>reposci,</span> <span class='ocrx_word' id='word_1_321' title='bbox 1656 2424 1685 2478; x_wconf 90' lang='lat' dir='ltr'>in</span> 
     </span>
     <span class='ocr_line' id='line_1_26' title="bbox 243 2509 1729 2584; baseline -0.003 -15"><span class='ocrx_word' id='word_1_322' title='bbox 243 2531 298 2584; x_wconf 88' lang='lat' dir='ltr'>qua</span> <span class='ocrx_word' id='word_1_323' title='bbox 316 2512 406 2568; x_wconf 72' lang='lat' dir='ltr'>adim</span> <span class='ocrx_word' id='word_1_324' title='bbox 423 2515 620 2582; x_wconf 87' lang='lat' dir='ltr'>perseueraret.</span> <span class='ocrx_word' id='word_1_325' title='bbox 648 2509 677 2564; x_wconf 91' lang='lat' dir='ltr'>in</span> <span class='ocrx_word' id='word_1_326' title='bbox 695 2523 751 2578; x_wconf 88' lang='lat' dir='ltr'>qua</span> <span class='ocrx_word' id='word_1_327' title='bbox 768 2513 860 2564; x_wconf 89' lang='lat' dir='ltr'>autern</span> <span class='ocrx_word' id='word_1_328' title='bbox 879 2509 980 2564; x_wconf 88' lang='lat' dir='ltr'>desinit</span> <span class='ocrx_word' id='word_1_329' title='bbox 997 2514 1072 2565; x_wconf 89' lang='lat' dir='ltr'>tutor</span> <span class='ocrx_word' id='word_1_330' title='bbox 1089 2515 1118 2564; x_wconf 88' lang='lat' dir='ltr'>et</span> <span class='ocrx_word' id='word_1_331' title='bbox 1135 2511 1232 2566; x_wconf 91' lang='lat' dir='ltr'>iterum</span> <span class='ocrx_word' id='word_1_332' title='bbox 1251 2511 1342 2580; x_wconf 89' lang='lat' dir='ltr'>coepit</span> <span class='ocrx_word' id='word_1_333' title='bbox 1360 2526 1435 2582; x_wconf 90' lang='lat' dir='ltr'>esse,</span> <span class='ocrx_word' id='word_1_334' title='bbox 1455 2512 1495 2566; x_wconf 88' lang='lat' dir='ltr'>sic</span> <span class='ocrx_word' id='word_1_335' title='bbox 1513 2527 1549 2566; x_wconf 87' lang='lat' dir='ltr'>ex</span> <span class='ocrx_word' id='word_1_336' title='bbox 1567 2512 1685 2582; x_wconf 82' lang='lat' dir='ltr'>pristina</span> <span class='ocrx_word' id='word_1_337' title='bbox 1703 2525 1729 2564; x_wconf 77' lang='lat' dir='ltr'>ss</span> 
     </span>
     <span class='ocr_line' id='line_1_27' title="bbox 244 2597 1685 2671; baseline -0.002 -13"><span class='ocrx_word' id='word_1_338' title='bbox 244 2601 480 2658; x_wconf 86' lang='lat' dir='ltr'>administratione</span> <span class='ocrx_word' id='word_1_339' title='bbox 499 2600 601 2654; x_wconf 86' lang='lat' dir='ltr'>tutelae</span> <span class='ocrx_word' id='word_1_340' title='bbox 620 2597 728 2653; x_wconf 91' lang='lat' dir='ltr'>debitor</span> <span class='ocrx_word' id='word_1_341' title='bbox 746 2603 788 2653; x_wconf 88' lang='lat' dir='ltr'>est</span> <span class='ocrx_word' id='word_1_342' title='bbox 805 2599 916 2668; x_wconf 89' lang='lat' dir='ltr'>pupillo,</span> <span class='ocrx_word' id='word_1_343' title='bbox 934 2599 1072 2668; x_wconf 90' lang='lat' dir='ltr'>quomodo</span> <span class='ocrx_word' id='word_1_344' title='bbox 1090 2601 1113 2654; x_wconf 89' lang='lat' dir='ltr'>si</span> <span class='ocrx_word' id='word_1_345' title='bbox 1130 2601 1275 2671; x_wconf 89' lang='lat' dir='ltr'>pecuniam</span> <span class='ocrx_word' id='word_1_346' title='bbox 1294 2599 1425 2655; x_wconf 84' lang='lat' dir='ltr'>creditam</span> <span class='ocrx_word' id='word_1_347' title='bbox 1444 2605 1554 2670; x_wconf 88' lang='lat' dir='ltr'>apatre</span> <span class='ocrx_word' id='word_1_348' title='bbox 1566 2601 1626 2656; x_wconf 87' lang='lat' dir='ltr'>eius</span> <span class='ocrx_word' id='word_1_349' title='bbox 1639 2615 1685 2655; x_wconf 78' lang='lat' dir='ltr'>ao</span> 
     </span>
     <span class='ocr_line' id='line_1_28' title="bbox 244 2687 1684 2762; baseline -0.002 -15"><span class='ocrx_word' id='word_1_350' title='bbox 244 2691 371 2762; x_wconf 77' lang='lat' dir='ltr'>cepisset</span> <span class='ocrx_word' id='word_1_351' title='bbox 404 2704 484 2759; x_wconf 89' lang='lat' dir='ltr'>quem</span> <span class='ocrx_word' id='word_1_352' title='bbox 507 2688 592 2757; x_wconf 81' lang='lat' dir='ltr'>igitur</span> <span class='ocrx_word' id='word_1_353' title='bbox 614 2687 743 2742; x_wconf 83' lang='lat' dir='ltr'>effectum</span> <span class='ocrx_word' id='word_1_354' title='bbox 768 2688 831 2742; x_wconf 79' lang='lat' dir='ltr'>tace</span> <span class='ocrx_word' id='word_1_355' title='bbox 849 2688 985 2742; x_wconf 88' lang='lat' dir='ltr'>sententia</span> <span class='ocrx_word' id='word_1_356' title='bbox 1003 2687 1116 2758; x_wconf 87' lang='lat' dir='ltr'>habeat,</span> <span class='ocrx_word' id='word_1_357' title='bbox 1140 2689 1296 2744; x_wconf 89' lang='lat' dir='ltr'>uideamus:</span> <span class='ocrx_word' id='word_1_358' title='bbox 1319 2705 1383 2744; x_wconf 89' lang='lat' dir='ltr'>nam</span> <span class='ocrx_word' id='word_1_359' title='bbox 1403 2691 1427 2744; x_wconf 86' lang='lat' dir='ltr'>si</span> <span class='ocrx_word' id='word_1_360' title='bbox 1445 2690 1520 2744; x_wconf 90' lang='lat' dir='ltr'>solus</span> <span class='ocrx_word' id='word_1_361' title='bbox 1539 2694 1613 2744; x_wconf 89' lang='lat' dir='ltr'>tutor</span> <span class='ocrx_word' id='word_1_362' title='bbox 1632 2695 1684 2759; x_wconf 88' lang='lat' dir='ltr'>est,</span> 
     </span>
     <span class='ocr_line' id='line_1_29' title="bbox 244 2774 1686 2850; baseline -0.003 -14"><span class='ocrx_word' id='word_1_363' title='bbox 244 2781 337 2850; x_wconf 88' lang='lat' dir='ltr'>utique</span> <span class='ocrx_word' id='word_1_364' title='bbox 360 2779 419 2848; x_wconf 89' lang='lat' dir='ltr'>ipse</span> <span class='ocrx_word' id='word_1_365' title='bbox 438 2793 531 2832; x_wconf 87' lang='lat' dir='ltr'>seeum</span> <span class='ocrx_word' id='word_1_366' title='bbox 549 2792 604 2833; x_wconf 91' lang='lat' dir='ltr'>non</span> <span class='ocrx_word' id='word_1_367' title='bbox 623 2780 696 2845; x_wconf 85' lang='lat' dir='ltr'>aget.</span> <span class='ocrx_word' id='word_1_368' title='bbox 730 2774 780 2830; x_wconf 91' lang='lat' dir='ltr'>sod</span> <span class='ocrx_word' id='word_1_369' title='bbox 798 2776 843 2830; x_wconf 91' lang='lat' dir='ltr'>uei</span> <span class='ocrx_word' id='word_1_370' title='bbox 859 2791 909 2847; x_wconf 89' lang='lat' dir='ltr'>per</span> <span class='ocrx_word' id='word_1_371' title='bbox 926 2777 1073 2847; x_wconf 82' lang='lat' dir='ltr'>specialem</span> <span class='ocrx_word' id='word_1_372' title='bbox 1091 2780 1245 2833; x_wconf 88' lang='lat' dir='ltr'>curatorem</span> <span class='ocrx_word' id='word_1_373' title='bbox 1264 2777 1469 2834; x_wconf 77' lang='lat' dir='ltr'>conuenientius</span> <span class='ocrx_word' id='word_1_374' title='bbox 1488 2783 1531 2833; x_wconf 89' lang='lat' dir='ltr'>est</span> <span class='ocrx_word' id='word_1_375' title='bbox 1550 2778 1593 2832; x_wconf 93' lang='lat' dir='ltr'>uel</span> <span class='ocrx_word' id='word_1_376' title='bbox 1610 2793 1686 2847; x_wconf 91' lang='lat' dir='ltr'>pone</span> 
     </span>
     <span class='ocr_line' id='line_1_30' title="bbox 244 2863 1685 2938; baseline -0.001 -14"><span class='ocrx_word' id='word_1_377' title='bbox 244 2884 306 2924; x_wconf 90' lang='lat' dir='ltr'>eum</span> <span class='ocrx_word' id='word_1_378' title='bbox 325 2871 495 2924; x_wconf 86' lang='lat' dir='ltr'>contutorem</span> <span class='ocrx_word' id='word_1_379' title='bbox 514 2864 628 2934; x_wconf 88' lang='lat' dir='ltr'>habere,</span> <span class='ocrx_word' id='word_1_380' title='bbox 647 2864 693 2933; x_wconf 86' lang='lat' dir='ltr'>qui</span> <span class='ocrx_word' id='word_1_381' title='bbox 712 2863 800 2933; x_wconf 88' lang='lat' dir='ltr'>possit</span> <span class='ocrx_word' id='word_1_382' title='bbox 817 2864 950 2920; x_wconf 65' lang='lat' dir='ltr'>mussans</span> <span class='ocrx_word' id='word_1_383' title='bbox 969 2880 1032 2920; x_wconf 91' lang='lat' dir='ltr'>eum</span> <span class='ocrx_word' id='word_1_384' title='bbox 1049 2866 1167 2922; x_wconf 87' lang='lat' dir='ltr'>iudicem</span> <span class='ocrx_word' id='word_1_385' title='bbox 1186 2869 1319 2938; x_wconf 89' lang='lat' dir='ltr'>accipere,</span> <span class='ocrx_word' id='word_1_386' title='bbox 1339 2882 1374 2922; x_wconf 83' lang='lat' dir='ltr'>es</span> <span class='ocrx_word' id='word_1_387' title='bbox 1391 2882 1446 2936; x_wconf 87' lang='lat' dir='ltr'>qua</span> <span class='ocrx_word' id='word_1_388' title='bbox 1465 2881 1632 2922; x_wconf 84' lang='lat' dir='ltr'>causacum</span> <span class='ocrx_word' id='word_1_389' title='bbox 1652 2882 1685 2922; x_wconf 90' lang='lat' dir='ltr'>eo</span> 
     </span>
     <span class='ocr_line' id='line_1_31' title="bbox 243 2950 1730 3027; baseline -0.003 -15"><span class='ocrx_word' id='word_1_390' title='bbox 243 2959 346 3013; x_wconf 88' lang='lat' dir='ltr'>tutelae</span> <span class='ocrx_word' id='word_1_391' title='bbox 365 2957 411 3027; x_wconf 83' lang='lat' dir='ltr'>agi</span> <span class='ocrx_word' id='word_1_392' title='bbox 428 2960 528 3026; x_wconf 88' lang='lat' dir='ltr'>potest.</span> <span class='ocrx_word' id='word_1_393' title='bbox 559 2954 720 3025; x_wconf 89' lang='lat' dir='ltr'>quinimmo</span> <span class='ocrx_word' id='word_1_394' title='bbox 732 2953 756 3007; x_wconf 86' lang='lat' dir='ltr'>si</span> <span class='ocrx_word' id='word_1_395' title='bbox 774 2950 864 3009; x_wconf 90' lang='lat' dir='ltr'>medio</span> <span class='ocrx_word' id='word_1_396' title='bbox 882 2959 1005 3024; x_wconf 88' lang='lat' dir='ltr'>tempore</span> <span class='ocrx_word' id='word_1_397' title='bbox 1023 2955 1155 3010; x_wconf 83' lang='lat' dir='ltr'>soluendo</span> <span class='ocrx_word' id='word_1_398' title='bbox 1173 2971 1235 3010; x_wconf 88' lang='lat' dir='ltr'>esse</span> <span class='ocrx_word' id='word_1_399' title='bbox 1253 2956 1372 3026; x_wconf 90' lang='lat' dir='ltr'>desierit,</span> <span class='ocrx_word' id='word_1_400' title='bbox 1390 2955 1571 3025; x_wconf 87' lang='lat' dir='ltr'>imputabitur</span> <span class='ocrx_word' id='word_1_401' title='bbox 1588 2963 1686 3010; x_wconf 90' lang='lat' dir='ltr'>contu·</span> <span class='ocrx_word' id='word_1_402' title='bbox 1705 2967 1730 3008; x_wconf 85' lang='lat' dir='ltr'>ss</span> 
     </span>
    </p>

    <p class='ocr_par' dir='ltr' id='par_1_11' title="bbox 211 3039 1686 3116">
     <span class='ocr_line' id='line_1_32' title="bbox 211 3039 1686 3116; baseline -0.001 -14"><span class='ocrx_word' id='word_1_403' title='bbox 211 3046 357 3116; x_wconf 81' lang='lat' dir='ltr'>otoribns,</span> <span class='ocrx_word' id='word_1_404' title='bbox 376 3061 425 3101; x_wconf 91' lang='lat' dir='ltr'>cur</span> <span class='ocrx_word' id='word_1_405' title='bbox 441 3060 496 3100; x_wconf 90' lang='lat' dir='ltr'>non</span> <span class='ocrx_word' id='word_1_406' title='bbox 515 3048 631 3113; x_wconf 82' lang='lat' dir='ltr'>egerunt</span> <span class='ocrx_word' id='word_1_407' title='bbox 649 3057 712 3098; x_wconf 89' lang='lat' dir='ltr'>cum</span> <span class='ocrx_word' id='word_1_408' title='bbox 730 3057 772 3098; x_wconf 88' lang='lat' dir='ltr'>eo.</span> <span class='ocrx_word' id='word_1_409' title='bbox 803 3039 832 3098; x_wconf 85' lang='lat' dir='ltr'>Si</span> <span class='ocrx_word' id='word_1_410' title='bbox 849 3044 934 3098; x_wconf 87' lang='lat' dir='ltr'>tutori</span> <span class='ocrx_word' id='word_1_411' title='bbox 952 3049 1061 3098; x_wconf 88' lang='lat' dir='ltr'>curator</span> <span class='ocrx_word' id='word_1_412' title='bbox 1079 3045 1115 3099; x_wconf 86' lang='lat' dir='ltr'>sit</span> <span class='ocrx_word' id='word_1_413' title='bbox 1133 3043 1279 3100; x_wconf 89' lang='lat' dir='ltr'>adiunctus</span> <span class='ocrx_word' id='word_1_414' title='bbox 1297 3046 1423 3116; x_wconf 88' lang='lat' dir='ltr'>quamuis</span> <span class='ocrx_word' id='word_1_415' title='bbox 1441 3050 1571 3116; x_wconf 88' lang='lat' dir='ltr'>suspecto</span> <span class='ocrx_word' id='word_1_416' title='bbox 1589 3049 1686 3114; x_wconf 86' lang='lat' dir='ltr'>postu-</span> 
     </span>
    </p>

    <p class='ocr_par' dir='ltr' id='par_1_12' title="bbox 212 3131 1688 3292">
     <span class='ocr_line' id='line_1_33' title="bbox 212 3131 1688 3206; baseline -0.001 -16"><span class='ocrx_word' id='word_1_417' title='bbox 212 3137 314 3206; x_wconf 81' lang='lat' dir='ltr'>tiato,</span> <span class='ocrx_word' id='word_1_418' title='bbox 338 3150 393 3191; x_wconf 91' lang='lat' dir='ltr'>non</span> <span class='ocrx_word' id='word_1_419' title='bbox 411 3140 526 3205; x_wconf 87' lang='lat' dir='ltr'>cogetur</span> <span class='ocrx_word' id='word_1_420' title='bbox 543 3133 647 3189; x_wconf 88' lang='lat' dir='ltr'>tutelae</span> <span class='ocrx_word' id='word_1_421' title='bbox 665 3131 794 3187; x_wconf 90' lang='lat' dir='ltr'>iudicium</span> <span class='ocrx_word' id='word_1_422' title='bbox 813 3137 888 3188; x_wconf 89' lang='lat' dir='ltr'>tutor</span> <span class='ocrx_word' id='word_1_423' title='bbox 905 3133 1058 3203; x_wconf 82' lang='lat' dir='ltr'>suscipere,</span> <span class='ocrx_word' id='word_1_424' title='bbox 1077 3133 1142 3202; x_wconf 84' lang='lat' dir='ltr'>quia</span> <span class='ocrx_word' id='word_1_425' title='bbox 1159 3137 1234 3188; x_wconf 89' lang='lat' dir='ltr'>tutor</span> <span class='ocrx_word' id='word_1_426' title='bbox 1252 3140 1383 3190; x_wconf 88' lang='lat' dir='ltr'>maneret.</span> <span class='ocrx_word' id='word_1_427' title='bbox 1421 3133 1476 3190; x_wconf 85' lang='lat' dir='ltr'>Sed</span> <span class='ocrx_word' id='word_1_428' title='bbox 1495 3135 1540 3188; x_wconf 74' lang='lat' dir='ltr'>et’</span> <span class='ocrx_word' id='word_1_429' title='bbox 1559 3135 1582 3188; x_wconf 89' lang='lat' dir='ltr'>si</span> <span class='ocrx_word' id='word_1_430' title='bbox 1601 3131 1688 3189; x_wconf 84' lang='lat' dir='ltr'>fuerit</span> 
     </span>
     <span class='ocr_line' id='line_1_34' title="bbox 243 3218 1687 3292; baseline -0.002 -13"><span class='ocrx_word' id='word_1_431' title='bbox 243 3229 318 3280; x_wconf 89' lang='lat' dir='ltr'>tutor</span> <span class='ocrx_word' id='word_1_432' title='bbox 342 3222 520 3292; x_wconf 84' lang='lat' dir='ltr'>confiscatus,</span> <span class='ocrx_word' id='word_1_433' title='bbox 544 3223 678 3278; x_wconf 86' lang='lat' dir='ltr'>aduersus</span> <span class='ocrx_word' id='word_1_434' title='bbox 695 3218 792 3276; x_wconf 87' lang='lat' dir='ltr'>fiscum</span> <span class='ocrx_word' id='word_1_435' title='bbox 810 3219 930 3276; x_wconf 85' lang='lat' dir='ltr'>dandam</span> <span class='ocrx_word' id='word_1_436' title='bbox 948 3236 1009 3277; x_wconf 88' lang='lat' dir='ltr'>esse</span> <span class='ocrx_word' id='word_1_437' title='bbox 1028 3223 1163 3278; x_wconf 88' lang='lat' dir='ltr'>actionem</span> <span class='ocrx_word' id='word_1_438' title='bbox 1182 3228 1291 3278; x_wconf 88' lang='lat' dir='ltr'>constat</span> <span class='ocrx_word' id='word_1_439' title='bbox 1308 3223 1334 3278; x_wconf 91' lang='lat' dir='ltr'>ei</span> <span class='ocrx_word' id='word_1_440' title='bbox 1352 3223 1399 3292; x_wconf 85' lang='lat' dir='ltr'>qui</span> <span class='ocrx_word' id='word_1_441' title='bbox 1416 3223 1477 3278; x_wconf 90' lang='lat' dir='ltr'>loeo</span> <span class='ocrx_word' id='word_1_442' title='bbox 1496 3223 1556 3278; x_wconf 90' lang='lat' dir='ltr'>eius</span> <span class='ocrx_word' id='word_1_443' title='bbox 1574 3227 1687 3278; x_wconf 83' lang='lat' dir='ltr'>curator</span> 
     </span>
    </p>

    <p class='ocr_par' dir='ltr' id='par_1_13' title="bbox 212 3309 1729 3472">
     <span class='ocr_line' id='line_1_35' title="bbox 212 3309 1687 3385; baseline -0.001 -17"><span class='ocrx_word' id='word_1_444' title='bbox 212 3322 226 3368; x_wconf 84' lang='grc'><strong>7</strong></span> <span class='ocrx_word' id='word_1_445' title='bbox 244 3312 326 3368; x_wconf 89' lang='lat' dir='ltr'>datus</span> <span class='ocrx_word' id='word_1_446' title='bbox 348 3313 385 3368; x_wconf 87' lang='lat' dir='ltr'>sit</span> <span class='ocrx_word' id='word_1_447' title='bbox 407 3314 452 3368; x_wconf 90' lang='lat' dir='ltr'>nel</span> <span class='ocrx_word' id='word_1_448' title='bbox 475 3311 664 3367; x_wconf 88' lang='lat' dir='ltr'>contutoribus</span> <span class='ocrx_word' id='word_1_449' title='bbox 688 3310 756 3364; x_wconf 88' lang='lat' dir='ltr'>eius.</span> <span class='ocrx_word' id='word_1_450' title='bbox 793 3309 907 3364; x_wconf 81' lang='lat' dir='ltr'>ceterae</span> <span class='ocrx_word' id='word_1_451' title='bbox 931 3311 1053 3366; x_wconf 89' lang='lat' dir='ltr'>actiones</span> <span class='ocrx_word' id='word_1_452' title='bbox 1073 3317 1181 3380; x_wconf 88' lang='lat' dir='ltr'>praeter</span> <span class='ocrx_word' id='word_1_453' title='bbox 1199 3313 1302 3367; x_wconf 88' lang='lat' dir='ltr'>tutelae</span> <span class='ocrx_word' id='word_1_454' title='bbox 1320 3312 1454 3385; x_wconf 86' lang='lat' dir='ltr'>aduersus</span> <span class='ocrx_word' id='word_1_455' title='bbox 1472 3316 1592 3366; x_wconf 91' lang='lat' dir='ltr'>tutorem</span> <span class='ocrx_word' id='word_1_456' title='bbox 1610 3327 1687 3367; x_wconf 88' lang='lat' dir='ltr'>com-</span> 
     </span>
     <span class='ocr_line' id='line_1_36' title="bbox 243 3398 1729 3472; baseline -0.001 -16"><span class='ocrx_word' id='word_1_457' title='bbox 243 3406 348 3472; x_wconf 88' lang='lat' dir='ltr'>petunt,</span> <span class='ocrx_word' id='word_1_458' title='bbox 368 3401 421 3456; x_wconf 88' lang='lat' dir='ltr'>etsi</span> <span class='ocrx_word' id='word_1_459' title='bbox 439 3399 529 3455; x_wconf 88' lang='lat' dir='ltr'>adhuc</span> <span class='ocrx_word' id='word_1_460' title='bbox 546 3399 661 3456; x_wconf 88' lang='lat' dir='ltr'>tutelam</span> <span class='ocrx_word' id='word_1_461' title='bbox 679 3398 895 3468; x_wconf 86' lang='lat' dir='ltr'>administrant⁴,</span> <span class='ocrx_word' id='word_1_462' title='bbox 914 3398 1001 3454; x_wconf 90' lang='lat' dir='ltr'>ueluti</span> <span class='ocrx_word' id='word_1_463' title='bbox 1017 3398 1092 3470; x_wconf 82' lang='lat' dir='ltr'>furti,</span> <span class='ocrx_word' id='word_1_464' title='bbox 1111 3399 1204 3455; x_wconf 87' lang='lat' dir='ltr'>damni</span> <span class='ocrx_word' id='word_1_465' title='bbox 1221 3401 1344 3470; x_wconf 90' lang='lat' dir='ltr'>iniuriae,</span> <span class='ocrx_word' id='word_1_466' title='bbox 1363 3399 1509 3456; x_wconf 89' lang='lat' dir='ltr'>condictio.</span> <span class='ocrx_word' id='word_1_467' title='bbox 1703 3414 1729 3455; x_wconf 82' lang='lat' dir='ltr'>ss</span> 
     </span>
    </p>

    <p class='ocr_par' dir='ltr' id='par_1_14' title="bbox 189 3482 1736 3738">
     <span class='ocr_line' id='line_1_37' title="bbox 189 3482 1736 3572; baseline 0 -26"><span class='ocrx_word' id='word_1_468' title='bbox 189 3488 227 3547; x_wconf 91' lang='lat'>10</span> <span class='ocrx_word' id='word_1_469' title='bbox 296 3492 416 3546; x_wconf 77' lang='lat' dir='ltr'>Pronus</span> <span class='ocrx_word' id='word_1_470' title='bbox 433 3489 502 3544; x_wconf 91' lang='lat' dir='ltr'>libro</span> <span class='ocrx_word' id='word_1_471' title='bbox 520 3493 619 3545; x_wconf 88' lang='lat' dir='ltr'>octauo</span> <span class='ocrx_word' id='word_1_472' title='bbox 637 3487 729 3543; x_wconf 90' lang='lat' dir='ltr'>breuis</span> <span class='ocrx_word' id='word_1_473' title='bbox 748 3487 839 3543; x_wconf 89' lang='lat' dir='ltr'>edicti.</span> <span class='ocrx_word' id='word_1_474' title='bbox 868 3487 923 3544; x_wconf 86' lang='lat' dir='ltr'>Sed</span> <span class='ocrx_word' id='word_1_475' title='bbox 941 3504 997 3544; x_wconf 92' lang='lat' dir='ltr'>non</span> <span class='ocrx_word' id='word_1_476' title='bbox 1013 3488 1115 3543; x_wconf 85' lang='lat' dir='ltr'>dantur</span> <span class='ocrx_word' id='word_1_477' title='bbox 1131 3490 1243 3559; x_wconf 89' lang='lat' dir='ltr'>pupillo,</span> <span class='ocrx_word' id='word_1_478' title='bbox 1262 3490 1327 3545; x_wconf 91' lang='lat' dir='ltr'>dnm</span> <span class='ocrx_word' id='word_1_479' title='bbox 1346 3493 1421 3544; x_wconf 90' lang='lat' dir='ltr'>tutor</span> <span class='ocrx_word' id='word_1_480' title='bbox 1436 3493 1507 3544; x_wconf 86' lang='lat' dir='ltr'>tute-</span> <span class='ocrx_word' id='word_1_481' title='bbox 1526 3482 1686 3572; x_wconf 52' lang='lat' dir='ltr'>[fisa]</span> <span class='ocrx_word' id='word_1_482' title='bbox 1716 3498 1736 3552; x_wconf 83' lang='lat' dir='ltr'>s</span> 
     </span>
     <span class='ocr_line' id='line_1_38' title="bbox 242 3576 1684 3649; baseline -0.001 -15"><span class='ocrx_word' id='word_1_483' title='bbox 242 3579 297 3634; x_wconf 91' lang='lat' dir='ltr'>lam</span> <span class='ocrx_word' id='word_1_484' title='bbox 315 3580 398 3648; x_wconf 83' lang='lat' dir='ltr'>gerit:</span> <span class='ocrx_word' id='word_1_485' title='bbox 418 3579 545 3649; x_wconf 88' lang='lat' dir='ltr'>quamuis</span> <span class='ocrx_word' id='word_1_486' title='bbox 563 3578 635 3632; x_wconf 91' lang='lat' dir='ltr'>enim</span> <span class='ocrx_word' id='word_1_487' title='bbox 654 3579 741 3632; x_wconf 91' lang='lat' dir='ltr'>morte</span> <span class='ocrx_word' id='word_1_488' title='bbox 758 3576 857 3631; x_wconf 90' lang='lat' dir='ltr'>tutoris</span> <span class='ocrx_word' id='word_1_489' title='bbox 875 3577 1019 3648; x_wconf 88' lang='lat' dir='ltr'>intereant,</span> <span class='ocrx_word' id='word_1_490' title='bbox 1037 3583 1130 3633; x_wconf 88' lang='lat' dir='ltr'>tamen</span> <span class='ocrx_word' id='word_1_491' title='bbox 1148 3579 1267 3649; x_wconf 90' lang='lat' dir='ltr'>pupillus</span> <span class='ocrx_word' id='word_1_492' title='bbox 1286 3594 1347 3633; x_wconf 91' lang='lat' dir='ltr'>cum</span> <span class='ocrx_word' id='word_1_493' title='bbox 1360 3577 1461 3634; x_wconf 87' lang='lat' dir='ltr'>herede</span> <span class='ocrx_word' id='word_1_494' title='bbox 1473 3579 1533 3634; x_wconf 90' lang='lat' dir='ltr'>eius</span> <span class='ocrx_word' id='word_1_495' title='bbox 1546 3579 1684 3633; x_wconf 87' lang='lat' dir='ltr'>actionem</span> 
     </span>
     <span class='ocr_line' id='line_1_39' title="bbox 243 3664 736 3738; baseline -0.01 -14"><span class='ocrx_word' id='word_1_496' title='bbox 243 3667 335 3737; x_wconf 90' lang='lat' dir='ltr'>babet,</span> <span class='ocrx_word' id='word_1_497' title='bbox 354 3668 419 3738; x_wconf 89' lang='lat' dir='ltr'>qnia</span> <span class='ocrx_word' id='word_1_498' title='bbox 436 3666 489 3722; x_wconf 89' lang='lat' dir='ltr'>sibi</span> <span class='ocrx_word' id='word_1_499' title='bbox 507 3666 614 3722; x_wconf 88' lang='lat' dir='ltr'>soluere</span> <span class='ocrx_word' id='word_1_500' title='bbox 633 3664 736 3720; x_wconf 90' lang='lat' dir='ltr'>debuit.</span> 
     </span>
    </p>

    <p class='ocr_par' dir='ltr' id='par_1_15' title="bbox 189 3753 1772 4272">
     <span class='ocr_line' id='line_1_40' title="bbox 189 3753 1736 3838; baseline -0.001 -24"><span class='ocrx_word' id='word_1_501' title='bbox 189 3757 224 3814; x_wconf 87' lang='lat'>11</span> <span class='ocrx_word' id='word_1_502' title='bbox 297 3756 448 3812; x_wconf 75' lang='lat' dir='ltr'>umnam</span> <span class='ocrx_word' id='word_1_503' title='bbox 465 3754 534 3810; x_wconf 91' lang='lat' dir='ltr'>libro</span> <span class='ocrx_word' id='word_1_504' title='bbox 552 3754 692 3824; x_wconf 80' lang='lat' dir='ltr'>trigesimo</span> <span class='ocrx_word' id='word_1_505' title='bbox 711 3753 806 3823; x_wconf 90' lang='lat' dir='ltr'>quinto</span> <span class='ocrx_word' id='word_1_506' title='bbox 825 3753 861 3808; x_wconf 91' lang='lat' dir='ltr'>ad</span> <span class='ocrx_word' id='word_1_507' title='bbox 874 3753 1003 3809; x_wconf 87' lang='lat' dir='ltr'>edictum.</span> <span class='ocrx_word' id='word_1_508' title='bbox 1032 3754 1062 3810; x_wconf 86' lang='lat' dir='ltr'>Si</span> <span class='ocrx_word' id='word_1_509' title='bbox 1073 3753 1146 3810; x_wconf 90' lang='lat' dir='ltr'>filius</span> <span class='ocrx_word' id='word_1_510' title='bbox 1158 3754 1275 3810; x_wconf 88' lang='lat' dir='ltr'>familias</span> <span class='ocrx_word' id='word_1_511' title='bbox 1294 3753 1377 3838; x_wconf 80' lang='grc' dir='ltr'>[Ῥοπ.</span> <span class='ocrx_word' id='word_1_512' title='bbox 1387 3769 1425 3824; x_wconf 76' lang='lat' dir='ltr'>as,</span> <span class='ocrx_word' id='word_1_513' title='bbox 1434 3768 1465 3814; x_wconf 76' lang='lat'>27</span> <span class='ocrx_word' id='word_1_514' title='bbox 1476 3770 1523 3814; x_wconf 84' lang='lat' dir='ltr'>not.</span> <span class='ocrx_word' id='word_1_515' title='bbox 1540 3767 1685 3838; x_wconf 46' lang='lat' dir='ltr'>masc—‚13</span> <span class='ocrx_word' id='word_1_516' title='bbox 1717 3765 1736 3818; x_wconf 86' lang='lat' dir='ltr'>S</span> 
     </span>
     <span class='ocr_line' id='line_1_41' title="bbox 243 3840 1772 3914; baseline -0.001 -13"><span class='ocrx_word' id='word_1_517' title='bbox 243 3846 357 3901; x_wconf 86' lang='lat' dir='ltr'>tutelam</span> <span class='ocrx_word' id='word_1_518' title='bbox 377 3845 387 3913; x_wconf 92' lang='grc' dir='ltr'>ΙΙ</span> <span class='ocrx_word' id='word_1_519' title='bbox 407 3843 652 3912; x_wconf 84' lang='lat' dir='ltr'>administranerit,</span> <span class='ocrx_word' id='word_1_520' title='bbox 677 3842 776 3898; x_wconf 90' lang='lat' dir='ltr'>deinde</span> <span class='ocrx_word' id='word_1_521' title='bbox 800 3840 883 3898; x_wconf 84' lang='lat' dir='ltr'>suerit</span> <span class='ocrx_word' id='word_1_522' title='bbox 900 3844 1101 3914; x_wconf 87' lang='lat' dir='ltr'>emancipatus,</span> <span class='ocrx_word' id='word_1_523' title='bbox 1126 3859 1267 3900; x_wconf 86' lang='lat' dir='ltr'>remanere</span> <span class='ocrx_word' id='word_1_524' title='bbox 1285 3860 1348 3900; x_wconf 89' lang='lat' dir='ltr'>eum</span> <span class='ocrx_word' id='word_1_525' title='bbox 1366 3851 1486 3900; x_wconf 86' lang='lat' dir='ltr'>tutorem</span> <span class='ocrx_word' id='word_1_526' title='bbox 1505 3845 1628 3900; x_wconf 88' lang='lat' dir='ltr'>lulianus</span> <span class='ocrx_word' id='word_1_527' title='bbox 1647 3845 1687 3900; x_wconf 83' lang='lat' dir='ltr'>sit</span> <span class='ocrx_word' id='word_1_528' title='bbox 1702 3849 1772 3903; x_wconf 78' lang='lat' dir='ltr'>tttl&#39;</span> 
     </span>
     <span class='ocr_line' id='line_1_42' title="bbox 244 3931 1729 4005; baseline -0.001 -15"><span class='ocrx_word' id='word_1_529' title='bbox 244 3940 351 3990; x_wconf 90' lang='lat' dir='ltr'>etcum</span> <span class='ocrx_word' id='word_1_530' title='bbox 370 3934 490 4005; x_wconf 89' lang='lat' dir='ltr'>pupillus</span> <span class='ocrx_word' id='word_1_531' title='bbox 509 3931 668 4000; x_wconf 87' lang='lat' dir='ltr'>adoleuerit,</span> <span class='ocrx_word' id='word_1_532' title='bbox 687 3931 824 4001; x_wconf 83' lang='lat' dir='ltr'>agendum</span> <span class='ocrx_word' id='word_1_533' title='bbox 843 3947 906 3986; x_wconf 87' lang='lat' dir='ltr'>curn</span> <span class='ocrx_word' id='word_1_534' title='bbox 925 3947 958 3986; x_wconf 92' lang='lat' dir='ltr'>eo</span> <span class='ocrx_word' id='word_1_535' title='bbox 977 3932 1036 3987; x_wconf 89' lang='lat' dir='ltr'>eius</span> <span class='ocrx_word' id='word_1_536' title='bbox 1054 3931 1165 4001; x_wconf 86' lang='lat' dir='ltr'>quidem</span> <span class='ocrx_word' id='word_1_537' title='bbox 1183 3934 1322 4004; x_wconf 89' lang='lat' dir='ltr'>temporis,</span> <span class='ocrx_word' id='word_1_538' title='bbox 1341 3933 1415 4003; x_wconf 89' lang='lat' dir='ltr'>quod</span> <span class='ocrx_word' id='word_1_539' title='bbox 1433 3939 1553 3988; x_wconf 87' lang='lat' dir='ltr'>estante</span> <span class='ocrx_word' id='word_1_540' title='bbox 1565 3934 1686 3989; x_wconf 85' lang='lat' dir='ltr'>emanci-</span> <span class='ocrx_word' id='word_1_541' title='bbox 1703 3951 1729 3988; x_wconf 81' lang='lat' dir='ltr'>ar</span> 
     </span>
     <span class='ocr_line' id='line_1_43' title="bbox 244 4019 1685 4094; baseline -0.002 -15"><span class='ocrx_word' id='word_1_542' title='bbox 244 4025 391 4094; x_wconf 81' lang='lat' dir='ltr'>petionem,</span> <span class='ocrx_word' id='word_1_543' title='bbox 410 4023 587 4093; x_wconf 86' lang='lat' dir='ltr'>inquantum</span> <span class='ocrx_word' id='word_1_544' title='bbox 608 4019 699 4076; x_wconf 86' lang='lat' dir='ltr'>facere</span> <span class='ocrx_word' id='word_1_545' title='bbox 717 4023 817 4091; x_wconf 87' lang='lat' dir='ltr'>potest,</span> <span class='ocrx_word' id='word_1_546' title='bbox 836 4021 895 4074; x_wconf 90' lang='lat' dir='ltr'>eius</span> <span class='ocrx_word' id='word_1_547' title='bbox 913 4036 988 4090; x_wconf 92' lang='lat' dir='ltr'>uero,</span> <span class='ocrx_word' id='word_1_548' title='bbox 1008 4020 1081 4090; x_wconf 91' lang='lat' dir='ltr'>quod</span> <span class='ocrx_word' id='word_1_549' title='bbox 1100 4025 1143 4076; x_wconf 89' lang='lat' dir='ltr'>est</span> <span class='ocrx_word' id='word_1_550' title='bbox 1160 4027 1225 4092; x_wconf 91' lang='lat' dir='ltr'>post</span> <span class='ocrx_word' id='word_1_551' title='bbox 1242 4022 1496 4092; x_wconf 87' lang='lat' dir='ltr'>emancipationem,</span> <span class='ocrx_word' id='word_1_552' title='bbox 1515 4022 1685 4092; x_wconf 89' lang='lat' dir='ltr'>insolidum,</span> 
     </span>
     <span class='ocr_line' id='line_1_44' title="bbox 245 4109 1685 4184; baseline -0.001 -16"><span class='ocrx_word' id='word_1_553' title='bbox 245 4129 308 4169; x_wconf 85' lang='lat' dir='ltr'>cum</span> <span class='ocrx_word' id='word_1_554' title='bbox 331 4118 409 4184; x_wconf 89' lang='lat' dir='ltr'>patre</span> <span class='ocrx_word' id='word_1_555' title='bbox 429 4127 497 4166; x_wconf 88' lang='lat' dir='ltr'>uero</span> <span class='ocrx_word' id='word_1_556' title='bbox 514 4111 659 4166; x_wconf 87' lang='lat' dir='ltr'>dumtaxat</span> <span class='ocrx_word' id='word_1_557' title='bbox 676 4109 711 4164; x_wconf 91' lang='lat' dir='ltr'>de</span> <span class='ocrx_word' id='word_1_558' title='bbox 729 4109 850 4179; x_wconf 87' lang='lat' dir='ltr'>peculio:</span> <span class='ocrx_word' id='word_1_559' title='bbox 874 4124 984 4164; x_wconf 88' lang='lat' dir='ltr'>manere</span> <span class='ocrx_word' id='word_1_560' title='bbox 1003 4109 1075 4164; x_wconf 89' lang='lat' dir='ltr'>enim</span> <span class='ocrx_word' id='word_1_561' title='bbox 1094 4109 1227 4165; x_wconf 89' lang='lat' dir='ltr'>aduersus</span> <span class='ocrx_word' id='word_1_562' title='bbox 1246 4125 1308 4165; x_wconf 90' lang='lat' dir='ltr'>euru</span> <span class='ocrx_word' id='word_1_563' title='bbox 1327 4111 1410 4167; x_wconf 89' lang='lat' dir='ltr'>etiam</span> <span class='ocrx_word' id='word_1_564' title='bbox 1428 4117 1493 4182; x_wconf 90' lang='lat' dir='ltr'>post</span> <span class='ocrx_word' id='word_1_565' title='bbox 1510 4110 1685 4181; x_wconf 86' lang='lat' dir='ltr'>pubertatem</span> 
     </span>
     <span class='ocr_line' id='line_1_45' title="bbox 245 4197 1685 4272; baseline -0.001 -14"><span class='ocrx_word' id='word_1_566' title='bbox 245 4201 281 4258; x_wconf 87' lang='lat' dir='ltr'>ds</span> <span class='ocrx_word' id='word_1_567' title='bbox 304 4201 585 4272; x_wconf 73' lang='lat' dir='ltr'>peculioactionsm:</span> <span class='ocrx_word' id='word_1_568' title='bbox 608 4213 698 4269; x_wconf 88' lang='lat' dir='ltr'>neque</span> <span class='ocrx_word' id='word_1_569' title='bbox 722 4198 793 4253; x_wconf 89' lang='lat' dir='ltr'>enim</span> <span class='ocrx_word' id='word_1_570' title='bbox 817 4201 880 4252; x_wconf 87' lang='lat' dir='ltr'>ante</span> <span class='ocrx_word' id='word_1_571' title='bbox 905 4213 992 4253; x_wconf 88' lang='lat' dir='ltr'>annus</span> <span class='ocrx_word' id='word_1_572' title='bbox 1017 4197 1103 4268; x_wconf 91' lang='lat' dir='ltr'>cedit,</span> <span class='ocrx_word' id='word_1_573' title='bbox 1127 4199 1200 4255; x_wconf 89' lang='lat' dir='ltr'>intra</span> <span class='ocrx_word' id='word_1_574' title='bbox 1223 4214 1305 4270; x_wconf 90' lang='lat' dir='ltr'>quem</span> <span class='ocrx_word' id='word_1_575' title='bbox 1323 4198 1358 4255; x_wconf 93' lang='lat' dir='ltr'>de</span> <span class='ocrx_word' id='word_1_576' title='bbox 1375 4201 1484 4270; x_wconf 89' lang='lat' dir='ltr'>peculio</span> <span class='ocrx_word' id='word_1_577' title='bbox 1503 4201 1577 4256; x_wconf 83' lang='lat' dir='ltr'>aetio</span> <span class='ocrx_word' id='word_1_578' title='bbox 1595 4200 1685 4270; x_wconf 82' lang='lat' dir='ltr'>datur,</span> 
     </span>
    </p>
   </div>
   <div class='ocr_carea' id='block_1_3' title="bbox 244 4272 1855 4608">
    <p class='ocr_par' dir='ltr' id='par_1_16' title="bbox 244 4249 1864 4608">
     <span class='ocr_line' id='line_1_46' title="bbox 244 4272 1855 4608; baseline -0.017 -262"><span class='ocrx_word' id='word_1_579' title='bbox 244 4307 327 4360; x_wconf 86' lang='lat' dir='ltr'>quam</span> <span class='ocrx_word' id='word_1_580' title='bbox 345 4291 432 4346; x_wconf 88' lang='lat' dir='ltr'>tutela</span> <span class='ocrx_word' id='word_1_581' title='bbox 449 4287 532 4344; x_wconf 81' lang='lat' dir='ltr'>fuerit</span> <span class='ocrx_word' id='word_1_582' title='bbox 549 4287 634 4344; x_wconf 82' lang='lat' dir='ltr'>linita</span> <span class='ocrx_word' id='word_1_583' title='bbox 1721 4272 1855 4608; x_wconf 38' lang='lat' dir='ltr'>m&amp;</span> 
     </span>
     <span class='ocr_line' id='line_1_47' title="bbox 244 4396 1777 4478; baseline -0.02 -25"><span class='ocrx_word' id='word_1_584' title='bbox 244 4396 467 4466; x_wconf 64' lang='lat' dir='ltr'>mwuoulo)</span> <span class='ocrx_word' id='word_1_585' title='bbox 1740 4415 1777 4478; x_wconf 67' lang='lat' dir='ltr'>‘al</span> 
     </span>
    </p>
   </div>
   <div class='ocr_carea' id='block_1_4' title="bbox 246 4551 1507 4625">
    <p class='ocr_par' dir='ltr' id='par_1_17' title="bbox 246 4551 1507 4625">
     <span class='ocr_line' id='line_1_48' title="bbox 246 4551 1507 4625; baseline -0.003 -13"><span class='ocrx_word' id='word_1_586' title='bbox 246 4556 415 4625; x_wconf 85' lang='lat' dir='ltr'>¹trigesimo</span> <span class='ocrx_word' id='word_1_587' title='bbox 433 4553 531 4621; x_wconf 67' lang='lat' dir='ltr'>(aedui</span> <span class='ocrx_word' id='word_1_588' title='bbox 602 4551 724 4620; x_wconf 81' lang='lat' dir='ltr'>¹quoad</span> <span class='ocrx_word' id='word_1_589' title='bbox 741 4551 921 4621; x_wconf 73' lang='lat' dir='ltr'>(Goadsms&#39;tl‘i</span> <span class='ocrx_word' id='word_1_590' title='bbox 991 4553 1050 4608; x_wconf 79' lang='lat' dir='ltr'>⁸et</span> <span class='ocrx_word' id='word_1_591' title='bbox 1067 4555 1113 4608; x_wconf 81' lang='lat' dir='ltr'>det</span> <span class='ocrx_word' id='word_1_592' title='bbox 1184 4552 1387 4608; x_wconf 84' lang='lat' dir='ltr'>⁴sdministrat</span> <span class='ocrx_word' id='word_1_593' title='bbox 1404 4553 1507 4621; x_wconf 77' lang='lat' dir='ltr'>(Hctli</span> 
     </span>
    </p>
   </div>
   <div class='ocr_carea' id='block_1_5' title="bbox 245 4707 1683 5066">
    <p class='ocr_par' dir='ltr' id='par_1_18' title="bbox 245 4707 1683 5066">
     <span class='ocr_line' id='line_1_49' title="bbox 246 4707 1683 4780; baseline 0.001 -16"><span class='ocrx_word' id='word_1_594' title='bbox 246 4709 263 4764; x_wconf 81' lang='lat'><strong>3</strong></span> <span class='ocrx_word' id='word_1_595' title='bbox 280 4711 382 4780; x_wconf 85' lang='lat' dir='ltr'>teneat]</span> <span class='ocrx_word' id='word_1_596' title='bbox 402 4710 537 4776; x_wconf 80' lang='lat' dir='ltr'>WQEIG,</span> <span class='ocrx_word' id='word_1_597' title='bbox 554 4707 667 4764; x_wconf 91' lang='lat' dir='ltr'>tenebat</span> <span class='ocrx_word' id='word_1_598' title='bbox 683 4711 733 4764; x_wconf 85' lang='lat' dir='ltr'>FD</span> <span class='ocrx_word' id='word_1_599' title='bbox 750 4712 755 4776; x_wconf 90' lang='grc' dir='ltr'>Ι</span> <span class='ocrx_word' id='word_1_600' title='bbox 771 4710 811 4780; x_wconf 90' lang='lat' dir='ltr'>ut]</span> <span class='ocrx_word' id='word_1_601' title='bbox 829 4715 859 4766; x_wconf 89' lang='lat' dir='ltr'>at</span> <span class='ocrx_word' id='word_1_602' title='bbox 876 4709 913 4764; x_wconf 56' lang='grc' dir='ltr'>ΡΙ</span> <span class='ocrx_word' id='word_1_603' title='bbox 928 4709 933 4780; x_wconf 89' lang='grc' dir='ltr'>Ι</span> <span class='ocrx_word' id='word_1_604' title='bbox 988 4710 1683 4780; x_wconf 71' lang='lat' dir='ltr'>athaecsenmnsa1DQEm,haecsxrenasca</span> 
     </span>
     <span class='ocr_line' id='line_1_50' title="bbox 245 4781 1683 4905; baseline 0.003 -71"><span class='ocrx_word' id='word_1_605' title='bbox 245 4782 465 4905; x_wconf 58' lang='lat' dir='ltr'>paterlpatrel&#39;¹</span> <span class='ocrx_word' id='word_1_606' title='bbox 501 4781 800 4850; x_wconf 74' lang='lat' dir='ltr'>espopondsritt&#39;1w</span> <span class='ocrx_word' id='word_1_607' title='bbox 832 4783 866 4837; x_wconf 84' lang='lat'>16</span> <span class='ocrx_word' id='word_1_608' title='bbox 874 4796 935 4851; x_wconf 93' lang='lat' dir='ltr'>per·</span> <span class='ocrx_word' id='word_1_609' title='bbox 989 4784 1153 4848; x_wconf 88' lang='lat' dir='ltr'>(sententiae</span> <span class='ocrx_word' id='word_1_610' title='bbox 1165 4785 1212 4850; x_wconf 84' lang='lat' dir='ltr'>F·)</span> <span class='ocrx_word' id='word_1_611' title='bbox 1231 4783 1304 4838; x_wconf 85' lang='lat' dir='ltr'>FW:</span> <span class='ocrx_word' id='word_1_612' title='bbox 1322 4785 1398 4840; x_wconf 81' lang='lat' dir='ltr'>nolon</span> <span class='ocrx_word' id='word_1_613' title='bbox 1416 4783 1683 4856; x_wconf 68' lang='lat' dir='ltr'>utipainortsseas</span> 
     </span>
     <span class='ocr_line' id='line_1_51' title="bbox 258 4852 1681 4926; baseline 0.001 -20"><span class='ocrx_word' id='word_1_614' title='bbox 258 4853 404 4906; x_wconf 72' lang='lat' dir='ltr'>etta*e⁴F²</span> <span class='ocrx_word' id='word_1_615' title='bbox 458 4853 492 4908; x_wconf 89' lang='grc'>19</span> <span class='ocrx_word' id='word_1_616' title='bbox 510 4852 751 4907; x_wconf 71' lang='lat' dir='ltr'>testamentariae</span> <span class='ocrx_word' id='word_1_617' title='bbox 765 4852 803 4905; x_wconf 74' lang='lat' dir='ltr'>F’</span> <span class='ocrx_word' id='word_1_618' title='bbox 855 4853 890 4907; x_wconf 74' lang='lat'>25</span> <span class='ocrx_word' id='word_1_619' title='bbox 908 4853 937 4906; x_wconf 85' lang='lat' dir='ltr'>iu</span> <span class='ocrx_word' id='word_1_620' title='bbox 990 4853 1083 4917; x_wconf 72' lang='lat' dir='ltr'>riserat</span> <span class='ocrx_word' id='word_1_621' title='bbox 1102 4855 1199 4916; x_wconf 59' lang='lat' dir='ltr'>tarrac</span> <span class='ocrx_word' id='word_1_622' title='bbox 1216 4855 1265 4909; x_wconf 66' lang='lat' dir='ltr'>suc</span> <span class='ocrx_word' id='word_1_623' title='bbox 1280 4855 1385 4920; x_wconf 66' lang='lat' dir='ltr'>famaue</span> <span class='ocrx_word' id='word_1_624' title='bbox 1400 4854 1526 4926; x_wconf 62' lang='lat' dir='ltr'>Rama)</span> <span class='ocrx_word' id='word_1_625' title='bbox 1562 4857 1681 4910; x_wconf 67' lang='grc'>2901111-</span> 
     </span>
     <span class='ocr_line' id='line_1_52' title="bbox 246 4922 1681 5009; baseline 0.003 -34"><span class='ocrx_word' id='word_1_626' title='bbox 246 4937 302 4990; x_wconf 87' lang='lat' dir='ltr'>qua</span> <span class='ocrx_word' id='word_1_627' title='bbox 319 4927 410 4978; x_wconf 86' lang='lat' dir='ltr'>antem</span> <span class='ocrx_word' id='word_1_628' title='bbox 423 4922 595 5009; x_wconf 81' lang='lat' dir='ltr'>desinitseq.l</span> <span class='ocrx_word' id='word_1_629' title='bbox 611 4922 856 4984; x_wconf 69' lang='lat' dir='ltr'>ictarct&#39;snaieru</span> <span class='ocrx_word' id='word_1_630' title='bbox 871 4923 934 4978; x_wconf 79' lang='lat' dir='ltr'>sisar</span> <span class='ocrx_word' id='word_1_631' title='bbox 989 4929 1108 4980; x_wconf 90' lang='lat' dir='ltr'>tutorem</span> <span class='ocrx_word' id='word_1_632' title='bbox 1121 4927 1157 4979; x_wconf 64' lang='lat'>1³¹</span> <span class='ocrx_word' id='word_1_633' title='bbox 1199 4927 1234 4981; x_wconf 76' lang='lat'>32</span> <span class='ocrx_word' id='word_1_634' title='bbox 1253 4927 1303 4981; x_wconf 90' lang='lat' dir='ltr'>sed</span> <span class='ocrx_word' id='word_1_635' title='bbox 1315 4933 1344 4982; x_wconf 91' lang='lat' dir='ltr'>et</span> <span class='ocrx_word' id='word_1_636' title='bbox 1355 4927 1388 4996; x_wconf 90' lang='lat' dir='ltr'>si]</span> <span class='ocrx_word' id='word_1_637' title='bbox 1400 4927 1494 4982; x_wconf 86' lang='lat' dir='ltr'>sedern</span> <span class='ocrx_word' id='word_1_638' title='bbox 1507 4927 1543 4980; x_wconf 60' lang='grc' dir='ltr'>ΡΙ</span> <span class='ocrx_word' id='word_1_639' title='bbox 1584 4927 1619 4980; x_wconf 77' lang='lat'>44</span> <span class='ocrx_word' id='word_1_640' title='bbox 1634 4924 1681 4980; x_wconf 91' lang='lat' dir='ltr'>de·</span> 
     </span>
     <span class='ocr_line' id='line_1_53' title="bbox 246 4990 1090 5066; baseline 0.005 -20"><span class='ocrx_word' id='word_1_641' title='bbox 246 4990 385 5062; x_wconf 69' lang='lat' dir='ltr'>iuirponoc</span> <span class='ocrx_word' id='word_1_642' title='bbox 398 4995 436 5048; x_wconf 80' lang='lat' dir='ltr'>ssi</span> <span class='ocrx_word' id='word_1_643' title='bbox 449 4994 550 5065; x_wconf 62' lang='grc' dir='ltr'>ἄρχεται</span> <span class='ocrx_word' id='word_1_644' title='bbox 563 4993 655 5064; x_wconf 71' lang='lat' dir='ltr'>stipae</span> <span class='ocrx_word' id='word_1_645' title='bbox 667 4992 807 5066; x_wconf 65' lang='grc' dir='ltr'>ἐπιτροπῆς</span> <span class='ocrx_word' id='word_1_646' title='bbox 816 4995 866 5050; x_wconf 85' lang='lat' dir='ltr'>BS</span> <span class='ocrx_word' id='word_1_647' title='bbox 874 4999 937 5064; x_wconf 77' lang='lat' dir='ltr'>(ut.)</span> <span class='ocrx_word' id='word_1_648' title='bbox 990 5001 1036 5052; x_wconf 83' lang='lat' dir='ltr'>tur</span> <span class='ocrx_word' id='word_1_649' title='bbox 1052 4997 1090 5050; x_wconf 56' lang='grc' dir='ltr'>ΕΙ</span> 
     </span>
    </p>
   </div>
   <div class='ocr_carea' id='block_1_6' title="bbox 0 0 1883 5578">
    <p class='ocr_par' dir='ltr' id='par_1_19' title="bbox 0 0 1883 5578">
     <span class='ocr_line' id='line_1_54' title="bbox 0 0 1883 5578; baseline 0 0"><span class='ocrx_word' id='word_1_650' title='bbox 0 0 1883 5578; x_wconf 95' lang='lat' dir='ltr'> </span> 
     </span>
    </p>
   </div>
  </div>
 </body>
</html>
