3738 5550
283 289 371 356 XVII
394 294 406 355 1
429 296 527 351 8-10
955 283 1042 362 482
1562 309 1716 358 maumam

283 446 358 517 apud
376 444 465 500 bonae
482 443 547 498 fidei
564 449 714 514 emptorem
733 444 848 513 relinqui
866 443 974 513 debuit,
997 444 1141 512 Titiusque
1164 444 1253 513 pretio
1277 445 1366 499 soluto
1388 445 1504 500 liberum
1530 447 1606 504 idam
1624 463 1717 502 mann·

284 535 401 603 miserit,
425 547 490 589 mox
511 534 647 602 ingenuus
671 533 861 602 pronuntiatus
886 536 954 600 est¹‚
979 532 1080 588 babere
1099 549 1161 588 eum
1180 533 1302 587 mandati
1320 533 1457 590 actionem
1472 535 1596 592 Iulianas
1615 536 1654 590 ait
1671 533 1717 590 ad-

235 612 238 626 ’
284 639 381 678 uersus
400 638 462 676 eum
481 622 526 675 cui
544 636 574 676 se
593 621 780 676 redimendum
800 620 954 689 mandauit,
975 621 1025 676 sed
1042 621 1094 676 boc
1113 625 1220 675 tautum
1237 622 1328 676 inesse
1346 622 1468 676 mandati
1485 623 1601 691 indicio,
1620 621 1719 676 nisibi

284 713 405 766 actiones
425 711 549 778 mandet,
572 725 641 778 quas
663 709 747 763 babet
771 709 903 763 aduersus
929 725 991 763 eum
1016 725 1033 764 a
1055 724 1110 778 qno
1135 710 1313 778 comparauit.
1340 710 1420 776 plane
1445 711 1469 764 si
1491 725 1553 765 eam
1576 711 1719 780 pecuniam

284 801 398 870 dederit,
417 814 488 869 quae
506 803 566 853 erat
584 814 618 852 ex
636 799 743 868 peculio
762 797 798 850 ad
815 796 902 851 bonae
914 796 980 851 fidei
992 803 1142 867 emptorem
1155 798 1315 867 pertinente,
1335 797 1425 852 nullae
1436 798 1471 866 ei,
1490 799 1580 868 inquit
1589 799 1719 867 lulianus,
1736 813 1750 854 a

284 889 407 943 mandari
426 889 547 942 actiones
565 892 694 956 possunt,
718 886 783 954 quia
800 887 888 940 nullas
907 885 1002 955 habet,
1026 901 1088 940 cum
1107 886 1132 940 ei
1150 901 1214 940 suos
1233 901 1359 940 nummos
1376 891 1483 956 emptor
1500 885 1621 942 dederit:
1644 887 1720 955 quin-

284 977 380 1045 immo,
399 977 500 1045 inquit,
520 991 555 1030 ex
572 974 683 1030 uendite
702 973 823 1029 manebit
840 972 990 1043 obligatas,
1014 975 1064 1029 sed
1082 979 1111 1029 et
1128 974 1196 1028 haec
1214 975 1285 1028 actio
1303 975 1407 1028 inutilis
1425 979 1480 1044 est,
1504 975 1570 1043 quia
1588 981 1720 1043 qnantum

251 1073 265 1117 6
284 1064 384 1120 ¹fuerit
407 1069 582 1133 consecutus,
607 1069 713 1117 tantum
737 1063 822 1132 empti
845 1062 946 1116 iudicio
963 1077 1077 1117 necesse
1097 1061 1210 1117 hebebit
1226 1067 1376 1132 praestare.
1416 1062 1539 1116 blandati
1561 1064 1634 1120 actio
1656 1069 1722 1118 tunc

284 1154 423 1223 competit,
442 1167 504 1206 cum
523 1153 614 1220 coepit
630 1152 762 1205 interesse
781 1152 840 1208 eius
857 1151 905 1220 qui
924 1151 1076 1205 mandauit:
1096 1157 1217 1205 ceterum
1233 1151 1257 1205 ei
1269 1150 1335 1204 nibil
1347 1151 1468 1220 interest,
1488 1157 1581 1206 cessat
1598 1152 1721 1207 mandati

285 1243 365 1311 actio,
384 1246 413 1296 et
430 1247 544 1296 eatenus
562 1240 699 1310 competit,
719 1245 855 1308 quatenus
873 1239 994 1293 interest.
1022 1245 1054 1293 ιιι
1070 1243 1138 1308 puta
1156 1239 1285 1294 mandaui
1302 1238 1360 1308 tibi,
1380 1243 1411 1293 ut
1427 1237 1542 1294 bandum
1560 1255 1679 1296 emeres:
1698 1241 1764 1296 sire

284 1333 414 1386 intererat
432 1344 494 1383 mea
512 1329 573 1397 emi,
591 1327 743 1382 teneberis:
763 1334 883 1382 ceterum
902 1325 926 1380 bi
944 1326 1062 1381 eundem
1080 1327 1152 1382 hunc
1170 1326 1285 1382 brndum
1302 1343 1355 1397 ego
1367 1329 1426 1397 ipse
1439 1329 1492 1382 emi
1505 1329 1550 1382 uel
1568 1329 1639 1384 alius
1657 1328 1721 1384 mibi

284 1435 373 1488 neque
390 1419 505 1472 interest
523 1417 639 1486 aliquid,
663 1419 753 1471 cessat
771 1416 894 1470 mandati
913 1416 992 1471 actio.
1021 1417 1161 1486 mandari,
1185 1421 1217 1472 ιιι
1235 1417 1346 1485 negotia
1364 1431 1488 1485 gereres:
1513 1417 1537 1470 si
1554 1417 1622 1470 nihil
1640 1417 1721 1486 depe

284 1509 368 1577 rierit,
386 1507 512 1576 quamuis
530 1521 610 1561 nemo
629 1505 757 1574 gesserit,
776 1505 851 1558 nulla
868 1505 940 1559 actio
960 1510 1014 1575 est,
1033 1511 1082 1560 aut
1100 1507 1124 1560 si
1142 1505 1212 1560 alius
1230 1505 1328 1560 idonee
1346 1507 1471 1574 gesserit,
1490 1511 1582 1560 cessat
1600 1505 1722 1560 mandati

251 1605 264 1650 7
284 1597 365 1651 actio.
393 1595 467 1648 etin
486 1593 620 1648 similibus
639 1593 690 1648 hoc
708 1592 780 1647 idem
798 1593 851 1647 erit
868 1593 1049 1662 probandum.
1081 1593 1110 1650 st
1127 1595 1285 1663 ignorantes
1302 1592 1479 1648 fideiussores
1497 1592 1652 1648 debitorem
1669 1594 1721 1648 sol-

283 1685 357 1739 uisse
375 1684 420 1736 uel
438 1683 521 1736 etiam
540 1682 748 1750 acceptilatione
767 1682 826 1736 siue
843 1688 926 1751 pacto
944 1681 1088 1737 liberatum
1112 1698 1147 1737 ex
1165 1681 1319 1737 substantia
1336 1681 1468 1738 debitoris
1486 1683 1642 1752 soluerunt,
1667 1698 1721 1738 non
1738 1695 1763 1735 rr

249 1782 264 1828 8
283 1771 449 1828 tenebuntur
465 1768 595 1824 mandati.
632 1769 710 1835 Quod
729 1774 757 1823 et
775 1769 810 1823 ad
828 1771 964 1825 actionem
981 1768 1150 1825 fideiussoris
1168 1771 1293 1840 pertinet.
1321 1777 1351 1824 et
1368 1770 1420 1825 boc
1438 1786 1473 1826 ex
1491 1772 1626 1841 rescripto
1646 1771 1721 1826 dinc·

282 1877 342 1915 rum
360 1858 475 1914 fratrum
492 1859 651 1926 intellegere
668 1858 744 1926 licet,
769 1859 846 1913 cuius
870 1859 956 1914 uerba
977 1858 1045 1913 haec
1064 1862 1142 1913 sunt:
1162 1857 1277 1912 ‘Catullo
1289 1858 1410 1913 ¹Iuliano.
1438 1857 1468 1913 Si
1491 1859 1533 1927 bi,
1559 1861 1608 1928 qui
1626 1875 1677 1929 pro
1694 1866 1722 1914 tc

283 1945 493 2016 'fideiusserant,
507 1948 535 2001 in
552 1947 682 2001 maiorem
695 1947 876 2016 quantitatem
893 1946 1024 2016 damnati,
1043 1963 1124 2017 quam
1137 1946 1223 2000 debiti
1238 1947 1308 2001 ratio
1321 1946 1457 2016 exigebat,
1475 1948 1595 2002 scientes
1613 1953 1643 2002 et
1660 1963 1721 2017 pru·

283 2035 388 2091 'dentes
407 2036 537 2090 auxilium
556 2035 747 2104 appellationis
765 2036 928 2104 emiserunt,
951 2036 1055 2105 poteris
1079 2035 1201 2090 mandati
1225 2034 1372 2104 agentibus
1394 2033 1437 2089 bls
1460 2037 1600 2104 aequitate
1624 2036 1722 2090 iudicis

283 2124 360 2179 'tueri
377 2122 422 2178 te'.
450 2124 535 2192 igitur
552 2124 576 2177 si
594 2123 798 2192 ignorauerunt,
818 2129 951 2179 excusata
968 2123 1123 2192 ignorantia
1141 2128 1196 2177 est:
1221 2123 1245 2177 si
1262 2123 1396 2191 scierunt,
1421 2123 1599 2179 incumbebat
1616 2125 1659 2179 eia
1677 2139 1723 2180 ne
1740 2139 1766 2178 re

283 2212 398 2266 cessitas
414 2211 591 2281 prouocandi‚
611 2217 732 2266 ceterum
751 2212 814 2269 dolo
832 2213 936 2267 nemeti
954 2217 1026 2280 sunt,
1045 2212 1069 2266 si
1087 2226 1141 2267 non
1157 2215 1387 2280 prouocauerunt.
1413 2210 1480 2280 quid
1491 2216 1594 2280 brnen,
1613 2213 1639 2267 si
1656 2229 1723 2282 pau-

281 2305 375 2369 pertas
393 2301 434 2354 eis
453 2315 507 2354 non
525 2300 667 2370 permisit?
685 2306 817 2355 emissata
834 2304 877 2355 est
895 2315 990 2356 eorum
1008 2299 1108 2369 inopia.
1137 2299 1186 2354 sed
1205 2304 1233 2354 et
1251 2299 1274 2353 si
1292 2302 1394 2354 testato
1413 2306 1599 2355 conuenerunt
1616 2301 1722 2356 debito

251 2400 265 2445 9
283 2404 349 2458 rem,
366 2393 398 2443 ut
415 2389 439 2442 si
456 2389 515 2458 ipse
533 2393 644 2457 putaret
662 2389 819 2457 appellaret,
839 2393 905 2457 puto
923 2388 1057 2443 rationem
1076 2388 1116 2442 eis
1134 2393 1269 2442 constare.
1297 2387 1368 2442 Dolo
1386 2391 1479 2442 autem
1497 2385 1589 2442 facere
1603 2389 1722 2459 uidetur,

234 2488 264 2535 to
283 2478 329 2546 qui
347 2477 376 2531 id
393 2477 468 2546 quod
485 2482 577 2546 potest
593 2476 737 2531 restituere
755 2492 809 2531 non
828 2477 960 2530 restituit:
983 2476 1098 2546 proinde
1116 2476 1140 2530 si
1158 2475 1208 2530 tibi
1232 2474 1372 2544 mandaui,
1396 2479 1428 2530 ut
1450 2475 1588 2532 bominem
1606 2491 1722 2546 emeres,

282 2568 368 2634 tuque
386 2565 484 2634 emisti,
501 2563 640 2619 teneberis
658 2563 737 2634 mihi,
762 2570 793 2619 nt
810 2565 948 2619 restituas.
975 2565 1025 2619 sed
1043 2569 1072 2618 et
1089 2565 1113 2618 si
1131 2564 1194 2619 dolo
1213 2577 1303 2618 emere
1320 2565 1467 2634 neglexisti
1485 2564 1566 2632 (forte
1584 2566 1659 2622 enim
1676 2581 1722 2636 pe·
1740 2581 1767 2622 ss

283 2654 365 2707 cunia
382 2658 497 2722 accepta
514 2654 560 2708 alii
577 2653 686 2708 cessisti
703 2657 735 2708 ut
753 2657 871 2720 emeret)
895 2658 944 2707 aut
966 2654 990 2707 si
1013 2653 1069 2708 lata
1091 2652 1172 2722 culpa
1196 2650 1276 2720 (forte
1301 2653 1324 2707 si
1347 2654 1437 2722 gratia
1455 2653 1556 2708 ductus
1573 2669 1676 2723 passus
1693 2669 1722 2709 es

283 2741 366 2795 alium
384 2746 494 2810 emere),
512 2740 659 2796 teneberis.
686 2741 737 2796 sed
755 2746 783 2796 et
801 2743 825 2796 si
843 2757 940 2796 seruus
958 2755 1040 2809 quem
1059 2741 1151 2795 emisti
1167 2739 1245 2810 sugit,
1265 2741 1289 2794 si
1300 2741 1410 2810 quidem
1423 2741 1487 2797 dolo
1498 2748 1557 2810 tuo,
1575 2742 1722 2811 teneberis,

283 2829 308 2884 si
325 2828 404 2884 dolus
421 2843 476 2884 non
494 2829 642 2884 interuenit
658 2845 709 2884 nee
727 2830 821 2900 culpa,
845 2846 900 2886 nen
917 2829 1055 2884 teneberis
1072 2829 1124 2883 nisi
1142 2829 1178 2884 ad
1196 2829 1262 2898 hoc,
1285 2835 1317 2885 ut
1334 2843 1447 2899 musas,
1465 2831 1489 2885 si
1508 2831 1536 2886 in
1554 2835 1721 2900 potestatem

283 2920 360 2972 tuam
379 2918 544 2987 peruenerit,
561 2921 591 2972 te
608 2919 806 2973 restituturum.
833 2919 882 2974 sed
900 2923 929 2973 et
946 2917 970 2972 si
987 2917 1125 2986 restituas,
1144 2921 1173 2972 et
1190 2917 1297 2972 tradere
1312 2918 1405 2974 debes.
1433 2925 1461 2973 et
1473 2920 1621 2974 siccatum
1633 2924 1677 2973 eat
1689 2917 1723 2974 de

283 3006 419 3062 euictione
437 3006 482 3061 uel
500 3013 579 3076 petes
597 3006 767 3077 desiderare,
787 3013 818 3062 ut
834 3006 886 3062 tibi
903 3010 1047 3075 caueatur,
1065 3009 1133 3074 puto
1151 3003 1290 3075 sufficere,
1308 3007 1333 3062 si
1351 3006 1416 3062 mibi
1435 3007 1486 3062 hac
1503 3007 1613 3062 aetiorm
1631 3007 1723 3077 cedas,
1742 3022 1769 3062 so

282 3099 315 3150 nt
331 3100 535 3164 procuratorem
554 3110 598 3150 me
616 3096 644 3150 ιιι
662 3111 719 3150 rem
738 3111 828 3152 meam
846 3093 940 3172 iacias,
959 3108 1011 3149 nec
1028 3095 1144 3164 amplius
1161 3099 1286 3164 praestes
1304 3111 1386 3164 quam
1405 3099 1604 3150 consecuturus
1622 3097 1669 3150 sis.

245 3185 263 3243 9
336 3182 456 3238 Faunus
477 3182 546 3240 libro
569 3183 730 3253 trigessimo
753 3183 875 3240 secundo
898 3182 935 3238 ad
958 3183 1087 3239 edictum.
1123 3183 1166 3238 De
1188 3188 1237 3238 tuo
1260 3183 1342 3238 etiam
1365 3181 1439 3239 lactc
1460 3199 1561 3239 cauere
1583 3179 1763 3268 [aff—ffis

282 3270 377 3326 debes.

226 3362 265 3420 10
337 3357 487 3414 aurnuns
504 3358 573 3414 libro
591 3359 751 3429 trigensimo
769 3359 857 3427 primo
874 3359 911 3414 ad
929 3359 1057 3414 edictum.
1085 3359 1216 3429 Idemque
1234 3361 1308 3415 etin
1326 3358 1425 3429 tundo,
1443 3359 1467 3414 si
1485 3357 1545 3414 fuu·
1564 3355 1725 3444 Q
1743 3371 1764 3424 s

283 3446 348 3501 dum
372 3447 439 3502 emit
461 3453 635 3516 procurator:
658 3446 725 3502 nibil
748 3447 820 3502 enim
844 3448 960 3518 amplius
984 3462 1066 3517 quam
1091 3447 1191 3504 bonam
1211 3447 1292 3503 tidem
1309 3453 1450 3519 praestare
1468 3462 1530 3503 eum
1549 3454 1659 3518 opertet
1676 3451 1725 3519 qni
1743 3465 1771 3506 as

251 3550 264 3594 1
283 3539 420 3603 procurat.
454 3533 509 3589 Sed
530 3540 559 3589 et
576 3535 600 3589 ai
618 3536 653 3590 de
671 3535 789 3590 sanitate
807 3536 879 3590 serui
898 3536 1067 3606 procuratori
1085 3543 1195 3592 cautum
1214 3541 1257 3592 est
1274 3543 1322 3592 aut
1340 3537 1431 3592 caueri
1448 3540 1607 3606 potestant
1625 3537 1661 3591 de
1680 3553 1725 3592 ce·

250 3632 265 3676 2
284 3623 349 3677 teris
367 3623 451 3691 uitiis,
470 3621 543 3676 idem
561 3623 614 3676 erit
631 3622 785 3678 dicendum.
814 3624 879 3677 aut³
897 3623 921 3677 si
939 3624 1021 3693 culpa
1038 3625 1131 3679 caueri
1149 3641 1204 3681 nen
1219 3627 1364 3695 curauerit,
1384 3624 1618 3680 condemnabitur.
1646 3624 1676 3680 Si
1689 3641 1726 3680 ex

283 3709 369 3765 fundo
391 3725 473 3780 quem
492 3709 558 3764 mihi
575 3712 642 3765 emit
658 3714 818 3780 procurater
835 3709 941 3766 tructus
958 3717 1123 3767 consecutus
1141 3719 1198 3784 est,
1222 3713 1273 3769 hos
1291 3719 1401 3784 qnoque
1420 3711 1510 3768 officie
1528 3712 1627 3768 iudicis
1644 3729 1725 3784 prae

251 3808 266 3853 t
284 3801 358 3854 stare
376 3813 439 3853 eum
457 3803 573 3869 oportet.
605 3797 616 3870 ΙΙ
637 3797 666 3855 Si
684 3804 844 3868 procurator
862 3815 939 3855 mens
957 3799 1102 3870 pecuniam
1121 3817 1209 3857 meam
1228 3801 1341 3872 habeat,
1364 3817 1400 3856 ex
1417 3817 1493 3857 mora
1511 3800 1606 3871 utique
1624 3819 1725 3858 usuras
1743 3809 1820 3862 tara

284 3886 349 3943 mihi
367 3888 478 3957 pendet.
506 3887 557 3942 sed
571 3892 600 3942 et
612 3887 635 3942 si
647 3889 791 3958 pecuniam
805 3903 894 3943 meam
907 3886 1011 3944 faenori
1023 3888 1100 3944 dedit
1112 3905 1264 3960 usurasque
1276 3895 1440 3947 consecutus
1453 3895 1503 3959 eat,
1521 3897 1726 3960 consequenter
1744 3908 1775 3950 rc

284 3974 407 4030 dicemus
425 3975 525 4032 debere
543 3992 606 4031 eum
624 3979 764 4046 praestare
782 3981 1033 4046 quantumcumque
1050 3979 1264 4036 emolumentum
1283 3979 1376 4050 sensit,
1395 3979 1455 4033 siue
1473 3979 1498 4034 ei
1515 3979 1647 4034 mandaui
1664 3981 1725 4036 sine

283 4079 346 4133 non,
365 4065 430 4133 quia
447 4064 536 4120 bonae
554 4064 618 4120 fidei
636 4065 689 4121 boc
707 4065 840 4135 congruit,
859 4079 893 4120 ne
912 4065 947 4120 de
966 4066 1053 4121 alieno
1072 4068 1176 4123 lucrum
1195 4069 1310 4124 sentiat:
1328 4067 1444 4137 quodsi
1462 4083 1516 4122 nen
1534 4069 1661 4124 exercuit
1677 4083 1724 4140 pe·

282 4151 445 4222 F[P(VU)]

284 4278 294 4311 ¹
314 4275 369 4330 sit?
439 4276 452 4311 ²
469 4277 596 4333 uenditor
615 4287 660 4334 tm.
680 4279 820 4352 (Krueqer)
891 4279 950 4332 ’at
968 4278 1069 4345 (Hel.)?

283 4398 455 4453 2n'ulianus
473 4401 511 4452 F’
557 4401 709 4456 biblianus
727 4403 816 4456 om.P
859 4403 973 4472 ‘lquan-
1026 4405 1090 4456 tuas
1109 4405 1137 4456 et
1155 4404 1255 4466 (etam.
1268 4403 1318 4468 P·)
1333 4402 1441 4457 tradere
1457 4400 1550 4472 debes]
1570 4407 1726 4474 watiessart

282 4468 351 4537 tum]
376 4469 560 4538 inquantum
583 4472 624 4525 P·
694 4473 843 4527 8tautum
867 4492 915 4526 om.
935 4474 974 4527 P·
1027 4473 1076 4527 BS
1088 4471 1168 4542 (ut.):
1187 4471 1367 4528 ιἰιιοκιθιιτῶιι
1386 4473 1417 4526 Δὲ
1435 4471 1531 4536 ὀφείλει
1551 4475 1724 4543 rpatrrer'srs,

283 4541 431 4608 9cepcrit
457 4540 484 4593 P
544 4544 578 4596 12
604 4543 705 4611 aliquia
728 4545 772 4606 F1,
800 4543 910 4613 aliquod
933 4545 974 4598 P‘·
1027 4541 1060 4604 oi
1078 4543 1129 4597 usis
1148 4543 1230 4608 atreis
1250 4543 1316 4610 ψιλῷ
1334 4545 1418 4612 Λόγῳ,
1438 4543 1476 4598 ὃτι
1495 4543 1664 4598 ιιιοκιθιοτῶ
1684 4565 1724 4600 cor

284 4611 318 4666 15
335 4611 451 4666 liberato
470 4611 508 4664 1³⁶
524 4614 528 4678 Ι
544 4611 690 4668 substante
709 4615 744 4666 gr
761 4615 765 4682 Ι
781 4616 920 4669 soluerent
937 4615 972 4668 Ρ
1026 4613 1074 4668 rba
1087 4614 1189 4670 οἰκὲτιιιι
1229 4614 1497 4670 30eui'a'ctioneF2
1511 4619 1516 4681 Ι
1532 4615 1586 4684 uel]
1599 4615 1640 4669 rei
1653 4617 1709 4670 PU
1719 4618 1724 4684 Ι

284 4684 317 4736 17
345 4681 426 4736 huius
451 4683 530 4736 Taua.
553 4686 557 4749 Ι
580 4685 681 4739 catullo
704 4685 757 4738 PU
778 4686 783 4752 Ι
807 4687 910 4740 iulianu
935 4685 973 4738 F¹
1026 4685 1116 4754 potes]
1135 4690 1228 4754 petest
1245 4685 1314 4740 ΡΙ]
1325 4687 1330 4753 Ι
1346 4684 1506 4740 sufficere'd'
1519 4685 1557 4738 F'
1602 4687 1637 4740 31
1659 4702 1726 4742 eon·

284 4754 318 4806 19
327 4753 518 4822 appellationis
527 4755 564 4806 F·
579 4757 583 4820 Ι
599 4756 776 4810 omiserintP
788 4759 792 4820 Ι
808 4756 851 4810 bis
860 4755 970 4822 osaP‘t
1027 4761 1138 4810 secutus
1151 4757 1190 4810 P⁶
1201 4765 1268 4812 recte
1276 4760 1403 4830 fortasse,
1421 4757 1468 4811 sed
1478 4763 1567 4811 eontra
1579 4757 1630 4810 BS
1643 4756 1725 4828 (rra.):

282 4823 372 4878 iuditii
389 4825 428 4878 Ρ·
472 4825 507 4878 20
524 4824 690 4893 ignouerunt
704 4827 732 4879 P
777 4829 811 4881 22
830 4826 973 4882 conuenie-
1026 4825 1059 4888 οῨ
1083 4826 1127 4897 rip
1149 4828 1191 4882 tei
1215 4847 1242 4882 cs
1265 4827 1345 4882 ιιλὲοιι
1368 4827 1487 4898 repexeris
1512 4826 1593 4897 οῨιιεΡ
1611 4825 1727 4884 iustum

282 4900 348 4950 runt
364 4897 391 4948 F
436 4895 471 4949 23
490 4895 539 4964 eis]
558 4896 617 4950 eius
635 4897 666 4961 P,
685 4905 733 4950 irre.
750 4897 784 4950 U'
799 4901 804 4965 Ι
820 4894 973 4954 temtare‘t'
1026 4895 1140 4952 bratteis
1218 4900 1254 4954 36
1280 4898 1427 4953 unitatem
1454 4898 1493 4951 Ρ·
1517 4897 1522 4964 Ι
1547 4902 1658 4952 ceteras
1686 4901 1726 4952 ΡΙ

283 4965 328 5029 1³2,
347 4967 497 5021 consistere
510 4966 552 5019 P·
596 4966 632 5020 24
648 4966 806 5036 quilobP‘*
853 4971 887 5024 27
901 4983 973 5023 eme·
1025 4969 1059 5022 41
1079 4967 1189 5038 debere]
1201 4969 1338 5026 dehabere
1350 4970 1391 5025 P·
1406 4971 1411 5038 Ι
1427 4967 1573 5024 mandabi
1584 4969 1632 5034 Γ),
1646 4985 1728 5028 man·

282 5035 392 5091 re's'F¹
437 5039 471 5094 29
489 5037 647 5094 restiturum
664 5037 791 5106 P·1sed
809 5040 878 5095 etsi
895 5039 973 5096 resti·
1026 5037 1103 5094 daait
1123 5041 1158 5094 U·
