3738 5548
608 1071 758 1148 mm
782 1073 1100 1152 numme.
1587 1111 1610 1158 q.
1620 1099 1649 1145 ιι
1665 1097 1682 1145 ι.
1693 1097 1739 1146 res

149 1424 180 1501 it
212 1424 273 1502 DE
302 1425 455 1505 REBUS
483 1426 700 1506 CREDITIS
733 1427 775 1505 SI
807 1291 1000 1506 GERTUM
1026 1429 1248 1508 PETETUR
1273 1429 1336 1509 ET
1363 1429 1428 1508 DE
1456 1427 1568 1508 GON-
1587 1449 1662 1506 eur

704 1551 927 1632 DIOTIONE
967 1553 1005 1632 it

125 1714 135 1769 l
191 1673 353 1772 Ummreus
368 1715 439 1773 b'bro
455 1717 607 1773 uioensimo
625 1721 704 1773 serto
722 1716 758 1772 sd
776 1717 905 1774 edietum.
942 1719 1008 1774 Ere
1025 1723 1076 1790 est,
1097 1719 1254 1791 priusquam
1267 1719 1303 1775 ad
1315 1717 1412 1775 uerbo
1431 1711 1569 1804 Q
1587 1723 1609 1781 8

125 1813 196 1857 trum
212 1805 462 1876 interpretationum
480 1807 686 1877 perueniamus,
712 1821 802 1876 pauet
824 1807 859 1863 de
878 1806 1077 1878 signifieatione
1094 1809 1182 1880 ipsius
1199 1809 1271 1863 tituli
1289 1805 1398 1864 referre.
1435 1807 1568 1874 Quoniam
1587 1819 1600 1862 t

147 1891 218 1959 ieitm
233 1895 321 1950 multe
339 1894 375 1949 sd
392 1899 549 1951 eontraotes
567 1896 659 1951 uarios
676 1895 841 1966 pertinentia
857 1896 918 1952 iure
936 1894 987 1952 snb
1005 1895 1058 1951 boo
1075 1897 1155 1952 titulo
1172 1903 1282 1968 praetor
1299 1897 1428 1966 inseruit,
1446 1895 1509 1952 ideo
1526 1911 1568 1953 re-

146 1995 196 2036 rum
212 1981 376 2038 creditarum
393 1983 501 2038 titulum
519 1985 673 2055 praemisit:
698 1999 794 2040 omnes
812 1985 884 2040 enim
902 1989 1072 2054 teubertus,
1095 1999 1165 2056 quos
1187 1987 1304 2042 ationem
1321 1983 1404 2041 fidem
1423 1986 1510 2041 seeuti
1528 1986 1568 2042 iu·

147 2069 284 2142 stituimus,
310 2071 506 2143 conplectitur:
529 2088 605 2143 nam,
630 2077 661 2128 ut
681 2071 751 2128 libro
774 2075 862 2143 primo
879 2073 1069 2144 quaestionum
1089 2073 1185 2130 Celsus
1208 2075 1260 2145 eit,
1285 2073 1415 2130 oredeudi
1432 2074 1568 2144 generetis

145 2159 277 2228 appellatio
301 2165 359 2216 est:
382 2161 444 2216 ideo
467 2159 519 2216 snb
542 2161 595 2217 boo
618 2161 699 2218 titulo
720 2165 831 2233 praetor
854 2167 884 2218 et
906 2161 942 2218 de
959 2161 1132 2218 commodato
1150 2163 1232 2220 etde
1249 2163 1364 2234 pignore
1381 2162 1476 2218 edidt.
1503 2179 1566 2218 nam
1587 2173 1616 2217 ιο

144 2247 294 2320 eurumque
317 2249 358 2304 rei
381 2248 567 2304 adsentiamur
588 2250 705 2306 alienam
729 2249 812 2307 fldem
835 2251 922 2307 seouti
946 2266 1010 2308 mox
1034 2251 1170 2321 recepturi
1192 2251 1271 2322 quid,
1296 2267 1330 2307 ex
1353 2249 1407 2308 boe
1424 2254 1567 2308 eoutreotu

143 2336 240 2392 eredere
257 2337 384 2393 diuimnr.
411 2339 451 2394 rei
469 2351 577 2408 quoqne
595 2337 710 2394 uerbum
727 2345 759 2394 ut
776 2339 904 2408 generata
921 2343 1031 2412 praetor
1048 2341 1140 2410 elegit
1727 2381 1730 2390 ι

116 2420 130 2477 2
187 2426 304 2483 Pennus
324 2425 394 2483 libro
417 2428 568 2483 uieeusimo
592 2431 692 2484 oetauo
715 2428 751 2484 sd
774 2428 902 2484 edietum.
939 2429 1062 2486 Mutuum
1084 2429 1182 2485 demus
1199 2429 1335 2500 moepturi
1352 2443 1407 2484 uon
1425 2423 1607 2514 Qut

142 2513 244 2570 eundem
262 2515 384 2587 speeiem
403 2531 484 2586 quem
497 2515 623 2572 dedimus
635 2517 765 2588 (alioquin
778 2517 979 2574 oommodetum
998 2519 1050 2574 erit
1061 2522 1110 2574 eut
1121 2517 1297 2588 depositum),
1316 2515 1450 2573 sedidem
1461 2533 1564 2588 genus:

119 2609 194 2658 tuem
210 2605 233 2660 si
250 2605 328 2661 eliud
345 2619 441 2674 genus,
459 2606 545 2661 ueluti
562 2611 593 2660 ut
610 2621 661 2676 pro
678 2607 770 2662 tritico
786 2607 881 2662 uiuum
900 2606 1072 2678 recipiemus,
1090 2621 1145 2662 non
1160 2607 1212 2662 erit
1223 2611 1356 2662 mutuum.
1383 2605 1471 2664 liutei
1489 2607 1564 2665 detio
1582 2617 1611 2661 ιι

141 2693 253 2750 oonsistit
269 2695 300 2750 in
319 2693 361 2749 his
380 2693 471 2764 rebus,
489 2709 560 2764 quse
577 2695 698 2764 pondere
715 2709 829 2752 numero
847 2709 975 2752 mensure
991 2697 1170 2766 eonsistunt2,
1193 2695 1322 2766 quoniam
1339 2709 1434 2751 eorum
1452 2693 1563 2752 datione

139 2795 273 2850 possumus
293 2784 322 2839 in
340 2783 474 2840 ereditum
492 2785 546 2854 ire,
564 2784 648 2854 ιιιιίιιΙ
665 2785 691 2840 iu
710 2799 810 2855 genere
828 2799 879 2841 suo
896 2785 1063 2842 iunetionem
1081 2785 1216 2856 recipiunt
1232 2800 1282 2856 per
1299 2783 1462 2840 solutionem
1480 2799 1562 2856 quem

140 2871 233 2940 speeies
250 2889 318 2928 nam
335 2873 364 2928 in
382 2873 481 2928 ueteris
498 2871 581 2928 rebus
598 2873 662 2930 ideo
680 2874 708 2929 in
726 2873 859 2930 oreditum
877 2875 917 2930 ire
935 2889 990 2930 non
1006 2889 1163 2946 possumm,
1182 2873 1248 2944 quis
1259 2873 1332 2928 eliud
1343 2887 1393 2944 pro
1405 2873 1459 2929 elio
1477 2874 1563 2932 inuito

116 2959 254 3017 tueditmi
272 2961 345 3018 solui
363 2977 417 3017 non
434 2967 535 3032 potest
572 2961 719 3034 Appellato
735 2967 780 3018 est
797 2967 888 3018 entem
907 2963 995 3019 mutui
1017 2963 1094 3019 detio
1116 2961 1152 3018 ab
1173 2977 1221 3032 eo,
1245 2961 1319 3032 quod
1341 2962 1377 3018 de
1398 2977 1461 3018 meo
1484 2965 1562 3020 tuum

116 3045 176 3102 stt:
192 3055 220 3104 et
236 3050 310 3120 ideo,
330 3051 354 3106 si
372 3065 426 3107 non
443 3049 493 3107 det
509 3056 602 3122 tuum,
621 3065 676 3107 nou
693 3051 816 3108 nusoitur
833 3051 972 3121 obligatio.
1009 3051 1149 3108 creditum
1166 3066 1234 3121 ergo
1252 3065 1269 3106 e
1285 3055 1382 3106 mutuo
1399 3051 1491 3106 differt
1507 3065 1563 3121 qus
1581 3061 1611 3104 ιι

138 3153 215 3206 genus
233 3157 251 3196 e
267 3139 378 3211 speeie:
396 3156 459 3196 nem
477 3141 611 3196 creditum
631 3140 757 3196 eomistit
773 3145 852 3196 extre
868 3156 917 3196 ees
935 3155 987 3210 res,
1006 3155 1077 3212 quae
1094 3141 1217 3212 pondere
1234 3153 1347 3196 numero
1359 3153 1488 3195 mensure
1498 3155 1561 3196 oom

138 3227 246 3284 tuentur
263 3229 315 3296 sie,
334 3231 373 3296 ut,
392 3229 415 3284 si
433 3229 548 3284 eundem
566 3243 625 3284 rem
643 3229 781 3300 reeeptnri
799 3245 902 3299 snmus,
923 3229 1057 3285 eruditum
1075 3229 1143 3285 est¹.
1170 3229 1236 3284 item
1254 3231 1378 3284 mutuum
1397 3243 1452 3283 non
1469 3233 1563 3298 potest

137 3327 196 3386 esee,
213 3319 267 3372 nisi
284 3313 476 3388 pmddseetur
491 3317 617 3388 peeuuis,
635 3317 769 3372 creditum
787 3323 879 3374 eutem
896 3318 1032 3374 interdum
1051 3319 1132 3374 etiam
1152 3317 1176 3373 si
1187 3317 1253 3372 nibil
1263 3315 1458 3388 prodoiseatur,
1477 3317 1563 3373 ueluti

114 3409 231 3474 ineest
253 3405 369 3476 nuptias
392 3405 443 3462 dos
465 3407 648 3476 promittetur.
684 3405 716 3460 Iu
739 3407 825 3462 mutui
849 3407 959 3464 datione
982 3410 1092 3478 oportet
1114 3406 1253 3462 dominum
1277 3421 1340 3461 esse
1363 3405 1488 3474 dentem,
1511 3421 1563 3462 neo

136 3491 213 3564 obet,
232 3494 310 3566 quod
329 3493 400 3550 inm
417 3493 534 3551 familiae
552 3500 581 3550 et
598 3509 695 3550 semus
713 3495 811 3551 dentes
828 3496 979 3566 peouiieres
996 3509 1124 3551 nummos
1141 3494 1278 3565 obligent:
1300 3492 1330 3548 id
1348 3493 1419 3550 enim
1438 3495 1493 3548 tate
1511 3499 1562 3564 est,
1580 3504 1610 3546 ιιι

137 3584 207 3650 quate
225 3585 249 3639 si
266 3584 413 3640 uoiuntete
430 3588 541 3639 meatu
559 3583 609 3638 des
626 3584 785 3654 peouniem:
804 3599 867 3640 uem
886 3583 952 3640 mihi
970 3581 1042 3640 sotio
1060 3583 1219 3654 adquiritur,
1237 3584 1302 3639 lieet
1320 3582 1372 3638 mei
1386 3582 1489 3638 nummi
1507 3597 1562 3638 uon

113 3667 233 3728 uiuerint.
273 3671 374 3729 Uerbis
391 3686 500 3742 quoque
518 3671 654 3728 oredimus
672 3671 790 3744 quodam
810 3677 874 3729 sotu
892 3674 928 3730 sd
946 3669 1140 3743 obligationem
1163 3671 1374 3742 eomperendem
1391 3671 1561 3742 interpoeito,

135 3761 210 3816 ueluti
227 3761 415 3832 stipuletione.

110 3841 123 3898 3
179 3849 354 3907 Ροιιιοιιπιε
372 3847 440 3904 irbm
457 3849 608 3905 nieeusimo
625 3849 742 3919 septimo
760 3847 796 3904 sd
815 3847 955 3905 Sabinum.
992 3849 1061 3906 cum
1084 3849 1151 3920 qnid
1175 3855 1301 3906 mutuum
1323 3848 1404 3906 dede
1437 3861 1463 3907 ιι.
1472 3863 1560 3918 aaut
1579 3853 1613 3908 δ”

136 3937 224 4008 rimus,
242 3940 298 3994 etsi
316 3953 372 3994 non
390 3937 529 4008 uenimus,
546 3943 578 3993 nt
595 3950 683 4008 aeque
699 3937 802 3994 boubm
820 3937 899 3994 nobis
916 3937 1090 4009 redderetur,
1109 3953 1165 3994 neu
1181 3939 1247 3996 lieet
1262 3937 1380 3996 debitori
1397 3927 1560 3995 detenturum
1579 3949 1608 3990 so

136 4039 191 4096 rem,
209 4043 281 4098 quse
300 4042 337 4082 ex
354 4025 452 4083 eodem
469 4041 569 4096 genere
588 4027 632 4096 sit,
651 4025 773 4096 reddere,
792 4027 877 4082 ueluti
895 4027 988 4083 uiuum
1007 4043 1108 4083 nouum
1126 4041 1176 4098 pro
1193 4031 1302 4082 uetere:
1325 4043 1388 4083 uem
1407 4028 1435 4084 iu
1453 4033 1560 4086 mutre-

135 4111 213 4170 beudo
230 4115 308 4186 quod
328 4117 420 4186 agitem
435 4130 485 4185 pro
503 4119 584 4171 oeuto
601 4113 758 4171 babendum
777 4119 828 4186 est,
846 4115 874 4171 id
892 4119 984 4172 eutem
1003 4116 1048 4185 agi
1066 4115 1241 4186 intellegitur,
1261 4119 1295 4171 ut
1311 4115 1434 4171 eiusdem
1452 4117 1560 4188 generis

136 4209 160 4256 et
174 4205 267 4260 eadum
286 4205 413 4261 bonimte
430 4205 561 4273 soluatur,
579 4219 635 4274 qne
652 4203 747 4259 datum
766 4204 811 4260 sit.

108 4287 122 4343 t
179 4292 332 4350 Unrmuus
348 4292 419 4349 libro
435 4293 596 4362 trigemino
614 4297 712 4363 quarto
730 4291 766 4348 sd
778 4291 918 4348 Sabinum.
947 4291 976 4348 Si
994 4293 1056 4364 quis
1074 4307 1125 4348 nee
1143 4307 1255 4348 omrem
1272 4307 1324 4348 nee
1340 4308 1403 4364 pro·
1435 4289 1559 4362 meast
1577 4298 1612 4354 S'

135 4382 244 4447 positum
261 4381 424 4438 faenerandi
441 4381 567 4437 babuerit
590 4385 618 4436 et
640 4385 672 4436 tu
695 4385 836 4452 empturus
858 4381 972 4454 praedia
989 4381 1187 4437 desidereuerte
1205 4385 1327 4436 mutuum
1345 4384 1490 4454 munium
1507 4399 1558 4440 neo
1577 4393 1607 4434 ee

135 4486 242 4558 ura,
259 4489 307 4546 aa·
325 4489 378 4544 ue
456 4475 492 4544 '14
509 4487 625 4544 oannem
644 4503 694 4560 spe
711 4497 769 4544 aar
788 4497 815 4542 a
831 4491 910 4544 trum
928 4507 945 4542 a
962 4508 995 4542 m.
1007 4507 1067 4550 aa..
1088 4487 1136 4560 m]

135 4647 282 4706 mnsam
300 4647 401 4716 <earu
471 4647 575 4718 ’qum
594 4662 665 4718 quae
684 4648 788 4716 (ιιιιιι
857 4647 939 4718 ιωι]
958 4647 1014 4703 uu

135 4804 190 4862 isi
213 4813 321 4864 eertum
343 4808 461 4880 petetur]
488 4817 527 4863 etc
549 4807 643 4862 Latiae
669 4816 745 4862 etiem
767 4807 817 4862 BS
869 4809 905 4862 20
922 4805 1042 4862 ereditur
1059 4821 1125 4876 ergo
1142 4807 1183 4861 P·
1236 4808 1271 4862 22
1289 4807 1375 4864 simus
1394 4807 1422 4862 P
1464 4809 1500 4863 23
1517 4809 1557 4864 ui-

134 4877 285 4947 (ΜΘΗ.)
331 4880 404 4949 tit]
423 4881 486 4950 ποιῇ
503 4879 532 4933 Ρ
572 4878 679 4948 bere]
700 4879 727 4943 F,
745 4877 815 4934 bene
869 4877 921 4934 ohil
935 4879 981 4954 si
1001 4877 1096 4948 ueluti]
1113 4883 1176 4934 ...ut
1193 4879 1241 4944 1²⁶,
1263 4879 1382 4934 ueluti.
1436 4880 1471 4933 29
1488 4878 1557 4935 libro

134 4945 202 5002 Pru
242 4949 555 5022 tinterpr'a'etetiouem
567 4950 607 5004 Ρ
651 4949 817 5006 9ιιιοι1ιιιιᾱιι
869 4949 935 5004 nui
958 4949 995 5014 P,
1019 4948 1089 5005 hbeo
1115 4949 1210 5006 xxuiiii
1241 4949 1267 5004 U
1325 4951 1360 5005 30
1387 4948 1510 5004 esbimus
1536 4953 1563 5004 F

135 5017 165 5071 Ρ
202 5023 236 5078 12
253 5021 372 5078 dioimus
389 5022 433 5088 ΡΙ
449 5037 563 5078 neruum
580 5022 617 5076 F¹
662 5022 694 5076 17
712 5019 815 5091 praebi-
868 5023 902 5076 81
916 5019 1038 5076 exodem
1048 5020 1101 5076 PU
1141 5020 1422 5091 iiiiquelquodPLU
1463 5021 1556 5076 36ἀο-

135 5091 204 5156 nunt
225 5093 267 5148 P·
326 5096 360 5150 18
381 5094 501 5164 speeiem
525 5093 564 5148 P⁶
585 5096 590 5162 Ι
610 5093 657 5163 qui
679 5092 752 5150 uliud
777 5092 817 5147 P·
869 5091 930 5163 sid]
949 5093 973 5148 si
990 5092 1078 5150 desid.
1096 5092 1137 5146 P·
