3832 5542
807 816 841 900 T
865 815 1044 902 ITUL
1069 815 1083 899 l
1683 827 1725 876 ¹·⁶

221 1043 504 1144 OMNIUM¹
538 949 1136 1146 DiGESTORiJOiiImSEU
1171 1046 1663 1146 PANDECTARUM

551 1221 628 1269 ruere
644 1219 819 1280 emensam
835 1221 873 1270 nx
889 1221 973 1281 orror]
989 1221 1058 1270 rous
1074 1221 1182 1270 uorem
1197 1221 1336 1270 comesor

460 1343 754 1414 AUCTORITATE
778 1345 928 1414 DOMINI
950 1345 1100 1415 NOSTRI
1124 1343 1429 1432 socRA‘rlsslssor

632 1489 966 1590 IUSTINIANI]
996 1489 1265 1589 AUGUSTI.

815 1721 1079 1734 --...--.

280 1911 351 1975 Quae
373 1911 520 1980 preeposita
541 1923 601 1964 sunt
618 1911 736 1980 digestis,
758 1912 874 1966 ordinaui
897 1930 947 1966 non
969 1921 999 1965 ut
1016 1928 1083 1966 nune
1104 1929 1133 1964 se
1156 1912 1285 1980 excipiunt
1307 1913 1333 1966 in
1355 1912 1420 1966 libro
1438 1911 1583 1966 Florentino
1610 1913 1663 1980 (qui

221 1983 287 2036 ordo
305 1993 332 2034 et
348 1985 404 2052 ipse
422 2000 511 2036 recens
529 1993 581 2036 est:
604 2001 663 2036 nem
681 1984 715 2036 ad
733 1985 882 2051 principium
899 1993 968 2038 certe
991 2000 1058 2036 seeo.
1071 1983 1158 2036 XVIII
1175 1983 1248 2046 ielis,
1273 1999 1337 2050 quse
1361 2001 1428 2036 nunc
1451 1995 1511 2037 sunt
1528 1984 1663 2038 uoluminis

221 2055 314 2122 prioris
335 2056 421 2116 1-5,
439 2073 490 2107 una
508 2071 564 2106 eum
582 2054 715 2122 deperdito
733 2057 835 2108 fuerunt
846 2056 872 2106 in
884 2056 967 2122 capite
979 2055 1111 2107 uoluminis
1124 2055 1248 2122 secundi),
1267 2055 1312 2107 sed
1325 2065 1442 2108 reuocato
1456 2055 1561 2123 pristino
1574 2056 1663 2108 ordine

221 2125 347 2178 foliorum.
368 2125 484 2177 nimirum
496 2143 553 2178 cum
564 2126 648 2178 desint
665 2127 692 2178 in
710 2127 750 2178 his
768 2127 970 2194 quintsrnionum
987 2126 1093 2189 numeri,
1111 2126 1235 2178 ordinatio
1253 2126 1349 2194 pendet
1363 2143 1419 2180 cum
1433 2147 1450 2180 a
1467 2127 1582 2180 todorum
1600 2143 1662 2178 con-

221 2196 350 2249 iunctione
368 2205 421 2248 tum
440 2215 456 2248 s
473 2199 606 2250 uerborum
625 2199 823 2251 continuatione:
842 2197 910 2250 uode
927 2214 1003 2250 nenos
1021 2197 1083 2250 ordo
1101 2197 1209 2250 efficitur
1226 2197 1275 2250 tis

300 2327 439 2380 solitarium
450 2283 482 2449 ξι

549 2435 570 2488 1.
591 2435 671 2489 Index
690 2435 824 2490 titulorum.

457 2467 474 2520 8

366 2483 475 2852 &10
533 2613 566 2666 II.
589 2613 683 2668 Biston
700 2611 882 2676 Ἰογοτιιιιιιιὸο
899 2611 963 2666 Issi
981 2611 1124 2683 rexsricsro
1142 2612 1232 2669 roiate.

442 2682 495 2823 g}
520 2719 567 2772 111.
589 2720 675 2774 const.
693 2719 748 2772 Deo
766 2729 868 2774 auctore
887 2719 930 2788 (de
947 2719 1111 2788 conceptione
1129 2718 1294 2788 digestorum)
1384 2719 1473 2773 ..630
1491 2718 1553 2774 Dos,
1569 2720 1609 2772 15,

443 2824 475 2876 13

441 2895 475 2946 14
509 2895 567 2948 IIIL
590 2897 675 2950 Const.
694 2897 800 2950 Omnem
818 2896 990 2966 reipublicae
1383 2914 1406 2951 a.
1419 2895 1472 2952 588
1490 2894 1553 2952 Dec.
1568 2895 1609 2950 lo.

282 2963 420 3018 solitarium
441 2967 473 3018 15

441 3037 473 3089 16

382 3060 473 3288 ((ῗέ
535 3143 566 3196 V.
588 3145 673 3198 const.
691 3145 774 3198 'Innts
791 3115 922 3200 tiresum
941 3145 984 3213 (de
998 3143 1187 3198 confirmatione
1199 3144 1363 3213 digestorum)
1381 3163 1405 3198 a.
1417 3143 1471 3200 683
1490 3145 1552 3198 Des,
1568 3145 1607 3198 16,

278 3251 473 3387 deperditumlii

299 3391 436 3444 ”lindum
458 3392 470 3443 l
522 3426 566 3479 vt
587 3427 672 3480 const.
692 3424 815 3482 ottones
836 3425 895 3480 ιἰιιῖιι
916 3425 931 3480 ὁ
950 3424 1013 3482 osric
1382 3445 1405 3482 ὓ·
1418 3427 1471 3482 5³³
1489 3427 1551 3481 ΒΜ·
1568 3427 1608 3481 ¹⁶·

399 3489 493 3744 ἐξ
508 3639 565 3693 vn.
586 3637 667 3692 Iudex
685 3649 822 3692 auctorum.

221 3764 262 3817 lta
279 3773 306 3816 et
322 3765 387 3817 ratio
399 3773 498 3818 constat
509 3771 535 3815 et
546 3763 667 3829 temporis
678 3763 750 3826 ordo,
768 3779 825 3815 oum
836 3771 968 3830 utrumque
980 3763 1200 3830 pessumdederint
1211 3763 1329 3828 editores,
1348 3764 1408 3816 donn
1420 3779 1485 3832 quae
1498 3771 1569 3816 serto
1581 3764 1661 3830 septi·

221 3852 313 3902 meque
330 3835 386 3889 ioco
397 3836 515 3902 leguntur
531 3835 557 3886 in
575 3835 708 3886 uoluminis
726 3835 850 3901 principio
868 3835 998 3888 collocant
1027 3852 1096 3888 error
1114 3836 1173 3888 inde
1191 3845 1259 3888 ortus
1278 3845 1325 3898 est,
1345 3837 1412 3902 quod
1427 3853 1471 3887 sex
1484 3834 1553 3896 solia,
1572 3835 1662 3901 quibus

221 3907 381 3959 eontinentur
391 3906 539 3959 constitutio
549 3905 674 3959 osseam
687 3913 713 3958 et
725 3915 854 3958 auctorum
865 3906 950 3968 index,
963 3906 1022 3959 olim
1035 3923 1080 3959 suo
1091 3907 1146 3960 loco
1156 3915 1224 3960 moto
1232 3906 1347 3973 primum,
1357 3915 1385 3958 ut
1394 3907 1454 3969 dixi,
1463 3905 1574 3959 seeundo
1587 3903 1660 3958 uolu-

220 3979 283 4030 mini
294 3978 441 4046 praeposits
451 3977 560 4040 fuerunt,
579 3977 674 4030 inserte
685 3987 775 4043 postea
787 3977 864 4044 priori
876 3985 944 4028 reete
956 3978 1066 4044 quidem,
1085 3979 1131 4030 sed
1141 3978 1198 4030 loeo
1212 3995 1263 4030 non
1278 3995 1332 4030 suo.
1353 3977 1559 4046 --Emendatcr
1577 3985 1662 4028 autem

221 4065 278 4101 curn
297 4049 467 4102 constitutioni
481 4049 563 4104 Toeto
580 4048 691 4099 litteram
703 4047 722 4101 H
736 4048 933 4114 praescripserit,
953 4049 1124 4101 constitutioni
1137 4048 1243 4103 Omnem
1260 4049 1370 4100 litteram
1383 4050 1408 4111 d,
1421 4057 1553 4115 praeterea
1566 4047 1660 4100 eonsti-

220 4121 311 4172 tutioni
330 4121 467 4184 deterres,
490 4121 560 4171 cuius
578 4119 728 4186 principium
746 4119 821 4170 hodie
839 4119 925 4181 deest,
949 4119 1058 4171 litteram
1083 4120 1276 4187 praescripsisse
1294 4123 1311 4183 ῖ
1329 4120 1455 4186 putandus
1478 4129 1518 4171 est
1540 4118 1661 4170 attalem

221 4192 336 4244 ordinem
354 4193 455 4244 efficere
474 4190 591 4254 uoluisse,
611 4201 639 4241 ut
657 4201 715 4256 post
731 4189 839 4242 indicem
851 4190 979 4242 titulorum
991 4200 1017 4242 et
1029 4191 1184 4258 epigramma
1202 4191 1234 4242 de
1247 4191 1355 4243 auctoris
1367 4191 1484 4242 laudibus
1497 4199 1661 4256 sequerentur

221 4263 412 4316 consututiones
432 4263 464 4314 de
482 4261 653 4328 concipiendis
672 4261 778 4327 digestis
796 4279 846 4312 una
864 4261 980 4328 duceque
993 4263 1084 4314 Latina
1102 4271 1128 4312 et
1141 4263 1240 4314 Graeco
1258 4262 1290 4312 de
1308 4262 1397 4314 iisdem
1410 4261 1586 4314 confirmandis
1605 4278 1660 4312 cunr

221 4333 303 4385 indice
322 4345 450 4386 auctorum
468 4334 507 4385 his
526 4333 644 4384 adiuncto
662 4333 741 4398 (certe
759 4331 800 4382 hic
818 4331 941 4399 allegetus
960 4333 986 4384 in
1009 4333 1070 4400 ipsis
1094 4333 1311 4385 constitutionibus
1336 4333 1397 4400 520
1420 4350 1470 4384 non
1494 4341 1560 4384 reete
1579 4333 1611 4384 ab
1630 4332 1659 4383 iis

221 4405 373 4472 separetur),
392 4405 500 4470 denique
518 4404 565 4456 has
584 4403 712 4469 exciperet
731 4403 874 4454 constitutio
893 4403 925 4456 de
944 4405 1034 4456 studiis
1052 4404 1112 4455 iuris
1129 4403 1162 4455 ad
1174 4413 1355 4456 antecessores.
1374 4403 1417 4470 qui
1435 4404 1496 4456 ordo
1512 4420 1661 4469 quamquam

220 4475 358 4543 probabilis
377 4485 431 4536 est,
454 4485 539 4526 tamen
558 4491 613 4526 cum
631 4483 683 4525 tres
702 4473 892 4526 constitutiones
910 4474 1029 4538 Omnem,
1055 4474 1152 4538 Tanto,
1177 4474 1301 4529 Δέλωκειι
1319 4474 1409 4527 eodem
1428 4474 1468 4525 die
1486 4474 1660 4541 promulgatae

220 4548 279 4608 siut,
297 4548 339 4613 qui
357 4547 391 4598 ad
409 4547 464 4598 dies
482 4555 580 4598 tentum
597 4545 708 4611 respicit,
727 4553 755 4595 ut
773 4545 827 4596 fieri
845 4545 910 4598 solet
927 4546 953 4598 in
971 4547 1057 4600 codice
1076 4546 1295 4610 constitutIonurn,
1319 4547 1401 4614 potuit
1421 4563 1464 4597 ess
1484 4546 1605 4599 collocare
1624 4545 1660 4596 sic

219 4628 249 4670 ut
266 4636 282 4669 s
300 4618 401 4670 librario
420 4617 559 4670 I’lorentioi
576 4616 670 4668 codicis
688 4617 781 4668 fectum
800 4625 847 4668 est.

220 4725 246 4776 F
259 4724 314 4787 (obt
331 4743 397 4795 quas
416 4731 442 4778 ιἰι
460 4727 590 4778 titulorum
609 4723 693 4776 iudice
710 4721 787 4776 mdo
805 4722 984 4776 deriderentur
1001 4722 1261 4794 deetdercbootcrqoe
1278 4728 1345 4777 certa
1363 4729 1414 4776 tom
1427 4720 1552 4776 PoIs'Ir'om
1569 4727 1659 4784 estate,

216 4801 397 4867 proponuntur
414 4802 483 4850 tetro
503 4793 547 4864 [1)
564 4793 593 4848 Ρ
607 4795 714 4860 (setlr'ost
731 4794 807 4848 tuder
824 4795 955 4848 titulorum
971 4795 1060 4864 plenos
1083 4801 1193 4849 immeo
1210 4795 1294 4849 rodier·
1311 4793 1398 4848 Pcrs'r.
1411 4793 1484 4846 4450
1498 4799 1558 4864 post
1575 4795 1590 4846 t
1606 4791 1660 4858 IX)

220 4919 229 4954 ¹
248 4919 335 4973 totins
353 4917 475 4973 omnium
494 4917 542 4970 del.

216 5057 268 5112 pro
285 5040 481 5112 1...p.1111·,
495 5041 510 5094 1
529 5039 663 5110 incipiunt
679 5039 753 5095 tituli
771 5037 826 5110 dig.
844 5053 895 5096 seu
912 5038 1111 5110 pandectarum
1128 5038 1191 5096 libri
1209 5039 1289 5110 primi
1308 5039 1334 5094 P

1389 5127 1414 5175 1·
