<?xml version="1.0" encoding="UTF-8"?>
<!DOCTYPE html PUBLIC "-//W3C//DTD XHTML 1.0 Transitional//EN"
    "http://www.w3.org/TR/xhtml1/DTD/xhtml1-transitional.dtd">
<html xmlns="http://www.w3.org/1999/xhtml" xml:lang="en" lang="en">
 <head>
  <title>
</title>
<meta http-equiv="Content-Type" content="text/html;charset=utf-8" />
  <meta name='ocr-system' content='tesseract 3.04.00' />
  <meta name='ocr-capabilities' content='ocr_page ocr_carea ocr_par ocr_line ocrx_word'/>
</head>
<body>
  <div class='ocr_page' id='page_1' title='image "./digestaiustinia00mommgoog_0459.png"; bbox 0 0 3664 5570; ppageno 0'>
   <div class='ocr_carea' id='block_1_1' title="bbox 267 238 1690 319">
    <p class='ocr_par' dir='ltr' id='par_1_1' title="bbox 267 238 1690 319">
     <span class='ocr_line' id='line_1_1' title="bbox 267 238 1690 319; baseline 0 -9"><span class='ocrx_word' id='word_1_1' title='bbox 267 244 353 312; x_wconf 83' lang='lat' dir='ltr'><strong>Villi</strong></span> <span class='ocrx_word' id='word_1_2' title='bbox 377 247 397 310; x_wconf 82' lang='lat'><strong>2</strong></span> <span class='ocrx_word' id='word_1_3' title='bbox 418 251 534 306; x_wconf 79' lang='lat'>40-45</span> <span class='ocrx_word' id='word_1_4' title='bbox 940 238 1028 319; x_wconf 84' lang='grc'><strong>290</strong></span> <span class='ocrx_word' id='word_1_5' title='bbox 1516 263 1561 310; x_wconf 85' lang='lat' dir='ltr'><strong>sn</strong></span> <span class='ocrx_word' id='word_1_6' title='bbox 1584 261 1690 310; x_wconf 79' lang='lat' dir='ltr'><strong>uranu</strong></span> 
     </span>
    </p>
   </div>
   <div class='ocr_carea' id='block_1_2' title="bbox 209 397 1829 3657">
    <p class='ocr_par' dir='ltr' id='par_1_2' title="bbox 209 397 1829 3657">
     <span class='ocr_line' id='line_1_2' title="bbox 267 397 1692 471; baseline -0.001 -16"><span class='ocrx_word' id='word_1_7' title='bbox 267 418 320 471; x_wconf 90' lang='lat' dir='ltr'><strong>qne</strong></span> <span class='ocrx_word' id='word_1_8' title='bbox 338 402 367 457; x_wconf 89' lang='lat' dir='ltr'><strong>id</strong></span> <span class='ocrx_word' id='word_1_9' title='bbox 385 400 502 470; x_wconf 89' lang='lat' dir='ltr'><strong>probare</strong></span> <span class='ocrx_word' id='word_1_10' title='bbox 519 401 636 469; x_wconf 90' lang='lat' dir='ltr'><strong>possim,</strong></span> <span class='ocrx_word' id='word_1_11' title='bbox 661 402 708 468; x_wconf 90' lang='lat' dir='ltr'><strong>qui</strong></span> <span class='ocrx_word' id='word_1_12' title='bbox 726 405 811 454; x_wconf 89' lang='lat' dir='ltr'><strong>testes</strong></span> <span class='ocrx_word' id='word_1_13' title='bbox 835 404 952 468; x_wconf 78' lang='lat' dir='ltr'><strong>possunt</strong></span> <span class='ocrx_word' id='word_1_14' title='bbox 969 414 1022 452; x_wconf 92' lang='lat' dir='ltr'><strong>non</strong></span> <span class='ocrx_word' id='word_1_15' title='bbox 1041 413 1103 453; x_wconf 90' lang='lat' dir='ltr'><strong>esse</strong></span> <span class='ocrx_word' id='word_1_16' title='bbox 1120 414 1153 453; x_wconf 91' lang='lat' dir='ltr'><strong>eo</strong></span> <span class='ocrx_word' id='word_1_17' title='bbox 1172 403 1306 467; x_wconf 87' lang='lat' dir='ltr'><strong>tempore,</strong></span> <span class='ocrx_word' id='word_1_18' title='bbox 1330 413 1385 467; x_wconf 89' lang='lat' dir='ltr'><strong>que</strong></span> <span class='ocrx_word' id='word_1_19' title='bbox 1402 397 1527 454; x_wconf 78' lang='lat' dir='ltr'><strong>cundiam</strong></span> <span class='ocrx_word' id='word_1_20' title='bbox 1545 399 1646 466; x_wconf 81' lang='lat' dir='ltr'><strong>extitit,</strong></span> <span class='ocrx_word' id='word_1_21' title='bbox 1667 407 1692 454; x_wconf 91' lang='lat' dir='ltr'><strong>et</strong></span> 
     </span>
     <span class='ocr_line' id='line_1_3' title="bbox 268 486 1692 557; baseline -0.002 -12"><span class='ocrx_word' id='word_1_22' title='bbox 268 493 290 544; x_wconf 89' lang='lat' dir='ltr'><strong>si</strong></span> <span class='ocrx_word' id='word_1_23' title='bbox 315 490 470 544; x_wconf 79' lang='lat' dir='ltr'><strong>summatim</strong></span> <span class='ocrx_word' id='word_1_24' title='bbox 501 503 530 542; x_wconf 93' lang='lat' dir='ltr'><strong>re</strong></span> <span class='ocrx_word' id='word_1_25' title='bbox 554 489 678 556; x_wconf 85' lang='lat' dir='ltr'><strong>exposita</strong></span> <span class='ocrx_word' id='word_1_26' title='bbox 702 489 737 542; x_wconf 91' lang='lat' dir='ltr'><strong>ad</strong></span> <span class='ocrx_word' id='word_1_27' title='bbox 760 489 943 557; x_wconf 83' lang='lat' dir='ltr'><strong>suspicionem</strong></span> <span class='ocrx_word' id='word_1_28' title='bbox 966 486 1081 542; x_wconf 91' lang='lat' dir='ltr'><strong>iudicem</strong></span> <span class='ocrx_word' id='word_1_29' title='bbox 1104 487 1252 555; x_wconf 77' lang='lat' dir='ltr'><strong>adducam,</strong></span> <span class='ocrx_word' id='word_1_30' title='bbox 1276 486 1391 540; x_wconf 83' lang='lat' dir='ltr'><strong>debeam</strong></span> <span class='ocrx_word' id='word_1_31' title='bbox 1415 487 1539 542; x_wconf 85' lang='lat' dir='ltr'><strong>uincere:</strong></span> <span class='ocrx_word' id='word_1_32' title='bbox 1562 486 1612 542; x_wconf 80' lang='lat' dir='ltr'><strong>ssu</strong></span> <span class='ocrx_word' id='word_1_33' title='bbox 1633 491 1692 542; x_wconf 77' lang='lat' dir='ltr'><strong>bine</strong></span> 
     </span>
     <span class='ocr_line' id='line_1_4' title="bbox 268 573 1691 646; baseline -0.001 -15"><span class='ocrx_word' id='word_1_34' title='bbox 268 578 503 634; x_wconf 81' lang='lat' dir='ltr'><strong>condemnationis</strong></span> <span class='ocrx_word' id='word_1_35' title='bbox 515 577 622 632; x_wconf 79' lang='lat' dir='ltr'><strong>exactio</strong></span> <span class='ocrx_word' id='word_1_36' title='bbox 635 578 773 646; x_wconf 85' lang='lat' dir='ltr'><strong>competit,</strong></span> <span class='ocrx_word' id='word_1_37' title='bbox 793 593 855 632; x_wconf 92' lang='lat' dir='ltr'><strong>cum</strong></span> <span class='ocrx_word' id='word_1_38' title='bbox 868 575 953 631; x_wconf 89' lang='lat' dir='ltr'><strong>debiti</strong></span> <span class='ocrx_word' id='word_1_39' title='bbox 966 575 1089 630; x_wconf 88' lang='lat' dir='ltr'><strong>condicio</strong></span> <span class='ocrx_word' id='word_1_40' title='bbox 1102 576 1234 630; x_wconf 83' lang='lat' dir='ltr'><strong>extiterit:</strong></span> <span class='ocrx_word' id='word_1_41' title='bbox 1254 575 1327 644; x_wconf 90' lang='lat' dir='ltr'><strong>quod</strong></span> <span class='ocrx_word' id='word_1_42' title='bbox 1345 576 1368 630; x_wconf 85' lang='lat' dir='ltr'><strong>si</strong></span> <span class='ocrx_word' id='word_1_43' title='bbox 1382 573 1520 644; x_wconf 81' lang='lat' dir='ltr'><strong>deiecerit,</strong></span> <span class='ocrx_word' id='word_1_44' title='bbox 1539 574 1691 632; x_wconf 83' lang='lat' dir='ltr'><strong>condamna-</strong></span> 
     </span>
     <span class='ocr_line' id='line_1_5' title="bbox 268 664 1829 721; baseline -0.003 0"><span class='ocrx_word' id='word_1_45' title='bbox 268 667 306 721; x_wconf 88' lang='lat' dir='ltr'><strong>tio</strong></span> <span class='ocrx_word' id='word_1_46' title='bbox 325 667 413 720; x_wconf 89' lang='lat' dir='ltr'><strong>nullas</strong></span> <span class='ocrx_word' id='word_1_47' title='bbox 430 667 503 720; x_wconf 90' lang='lat' dir='ltr'><strong>uires</strong></span> <span class='ocrx_word' id='word_1_48' title='bbox 522 664 642 720; x_wconf 89' lang='lat' dir='ltr'><strong>babebit.</strong></span> <span class='ocrx_word' id='word_1_49' title='bbox 1709 679 1721 716; x_wconf 82' lang='lat' dir='ltr'><strong>s</strong></span> <span class='ocrx_word' id='word_1_50' title='bbox 1828 711 1829 716; x_wconf 73' lang='grc'>,</span> 
     </span>
     <span class='ocr_line' id='line_1_6' title="bbox 209 747 1829 834; baseline -0.001 -25"><span class='ocrx_word' id='word_1_51' title='bbox 209 759 246 815; x_wconf 81' lang='grc'><strong>41</strong></span> <span class='ocrx_word' id='word_1_52' title='bbox 323 754 472 809; x_wconf 74' lang='lat' dir='ltr'><strong>Uiuianus</strong></span> <span class='ocrx_word' id='word_1_53' title='bbox 490 752 558 809; x_wconf 90' lang='lat' dir='ltr'><strong>libra</strong></span> <span class='ocrx_word' id='word_1_54' title='bbox 577 753 807 822; x_wconf 82' lang='lat' dir='ltr'><strong>quadragensimo</strong></span> <span class='ocrx_word' id='word_1_55' title='bbox 826 753 912 822; x_wconf 87' lang='lat' dir='ltr'><strong>primo</strong></span> <span class='ocrx_word' id='word_1_56' title='bbox 925 753 960 807; x_wconf 91' lang='lat' dir='ltr'><strong>ad</strong></span> <span class='ocrx_word' id='word_1_57' title='bbox 973 751 1112 807; x_wconf 88' lang='lat' dir='ltr'><strong>Sabinum.</strong></span> <span class='ocrx_word' id='word_1_58' title='bbox 1141 751 1170 806; x_wconf 91' lang='lat' dir='ltr'><strong>Si</strong></span> <span class='ocrx_word' id='word_1_59' title='bbox 1188 753 1249 820; x_wconf 92' lang='lat' dir='ltr'><strong>quis</strong></span> <span class='ocrx_word' id='word_1_60' title='bbox 1267 758 1460 808; x_wconf 64' lang='lat' dir='ltr'><strong>uelamentum</strong></span> <span class='ocrx_word' id='word_1_61' title='bbox 1479 752 1526 808; x_wconf 91' lang='lat' dir='ltr'><strong>de·</strong></span> <span class='ocrx_word' id='word_1_62' title='bbox 1546 747 1727 834; x_wconf 52' lang='grc' dir='ltr'><strong>ΜΕ</strong></span> <span class='ocrx_word' id='word_1_63' title='bbox 1824 772 1829 807; x_wconf 76' lang='lat' dir='ltr'><strong>r</strong></span> 
     </span>
     <span class='ocr_line' id='line_1_7' title="bbox 268 840 1693 912; baseline -0.003 -14"><span class='ocrx_word' id='word_1_64' title='bbox 268 844 372 912; x_wconf 88' lang='lat' dir='ltr'><strong>leuerit,</strong></span> <span class='ocrx_word' id='word_1_65' title='bbox 391 859 426 896; x_wconf 91' lang='lat' dir='ltr'><strong>an</strong></span> <span class='ocrx_word' id='word_1_66' title='bbox 445 842 538 896; x_wconf 90' lang='lat' dir='ltr'><strong>damni</strong></span> <span class='ocrx_word' id='word_1_67' title='bbox 555 842 670 896; x_wconf 88' lang='lat' dir='ltr'><strong>iniuriae</strong></span> <span class='ocrx_word' id='word_1_68' title='bbox 689 843 760 898; x_wconf 88' lang='lat' dir='ltr'><strong>actio</strong></span> <span class='ocrx_word' id='word_1_69' title='bbox 779 847 925 911; x_wconf 83' lang='lat' dir='ltr'><strong>competat,</strong></span> <span class='ocrx_word' id='word_1_70' title='bbox 943 841 1094 897; x_wconf 86' lang='lat' dir='ltr'><strong>uideamus.</strong></span> <span class='ocrx_word' id='word_1_71' title='bbox 1128 847 1156 896; x_wconf 92' lang='lat' dir='ltr'><strong>et</strong></span> <span class='ocrx_word' id='word_1_72' title='bbox 1173 841 1316 896; x_wconf 82' lang='lat' dir='ltr'><strong>Marcellus</strong></span> <span class='ocrx_word' id='word_1_73' title='bbox 1333 841 1402 896; x_wconf 90' lang='lat' dir='ltr'><strong>libro</strong></span> <span class='ocrx_word' id='word_1_74' title='bbox 1420 841 1514 910; x_wconf 90' lang='lat' dir='ltr'><strong>quinto</strong></span> <span class='ocrx_word' id='word_1_75' title='bbox 1533 840 1693 910; x_wconf 81' lang='lat' dir='ltr'><strong>digestorum</strong></span> 
     </span>
     <span class='ocr_line' id='line_1_8' title="bbox 268 928 1693 999; baseline -0.002 -14"><span class='ocrx_word' id='word_1_76' title='bbox 268 931 396 985; x_wconf 87' lang='lat' dir='ltr'><strong>dubitans</strong></span> <span class='ocrx_word' id='word_1_77' title='bbox 407 936 491 999; x_wconf 91' lang='lat' dir='ltr'><strong>negat</strong></span> <span class='ocrx_word' id='word_1_78' title='bbox 503 937 671 998; x_wconf 89' lang='lat' dir='ltr'><strong>competere:</strong></span> <span class='ocrx_word' id='word_1_79' title='bbox 690 930 919 999; x_wconf 86' lang='lat' dir='ltr'><strong>quemadmodum</strong></span> <span class='ocrx_word' id='word_1_80' title='bbox 932 930 1013 998; x_wconf 90' lang='lat' dir='ltr'><strong>enim,</strong></span> <span class='ocrx_word' id='word_1_81' title='bbox 1032 929 1126 998; x_wconf 87' lang='lat' dir='ltr'><strong>inquit,</strong></span> <span class='ocrx_word' id='word_1_82' title='bbox 1146 931 1300 985; x_wconf 83' lang='lat' dir='ltr'><strong>aestimatio</strong></span> <span class='ocrx_word' id='word_1_83' title='bbox 1317 929 1448 985; x_wconf 78' lang='lat' dir='ltr'><strong>inibitur?</strong></span> <span class='ocrx_word' id='word_1_84' title='bbox 1474 944 1528 998; x_wconf 86' lang='lat' dir='ltr'><strong>ego</strong></span> <span class='ocrx_word' id='word_1_85' title='bbox 1545 928 1619 998; x_wconf 86' lang='lat' dir='ltr'><strong>apud</strong></span> <span class='ocrx_word' id='word_1_86' title='bbox 1636 944 1693 983; x_wconf 90' lang='lat' dir='ltr'><strong>eum</strong></span> 
     </span>
     <span class='ocr_line' id='line_1_9' title="bbox 268 1018 1694 1088; baseline -0.001 -14"><span class='ocrx_word' id='word_1_87' title='bbox 268 1019 361 1074; x_wconf 80' lang='lat' dir='ltr'><strong>uotam</strong></span> <span class='ocrx_word' id='word_1_88' title='bbox 379 1019 406 1074; x_wconf 93' lang='lat' dir='ltr'><strong>in</strong></span> <span class='ocrx_word' id='word_1_89' title='bbox 425 1023 557 1074; x_wconf 84' lang='lat' dir='ltr'><strong>testatore</strong></span> <span class='ocrx_word' id='word_1_90' title='bbox 576 1019 686 1088; x_wconf 90' lang='lat' dir='ltr'><strong>quidem</strong></span> <span class='ocrx_word' id='word_1_91' title='bbox 704 1019 756 1074; x_wconf 89' lang='lat' dir='ltr'><strong>hoc</strong></span> <span class='ocrx_word' id='word_1_92' title='bbox 774 1034 835 1074; x_wconf 89' lang='lat' dir='ltr'><strong>esse</strong></span> <span class='ocrx_word' id='word_1_93' title='bbox 853 1033 957 1088; x_wconf 89' lang='lat' dir='ltr'><strong>uerum,</strong></span> <span class='ocrx_word' id='word_1_94' title='bbox 976 1019 1041 1087; x_wconf 91' lang='lat' dir='ltr'><strong>quia</strong></span> <span class='ocrx_word' id='word_1_95' title='bbox 1059 1018 1132 1086; x_wconf 91' lang='lat' dir='ltr'><strong>qnod</strong></span> <span class='ocrx_word' id='word_1_96' title='bbox 1151 1019 1264 1072; x_wconf 88' lang='lat' dir='ltr'><strong>interest</strong></span> <span class='ocrx_word' id='word_1_97' title='bbox 1281 1019 1340 1074; x_wconf 92' lang='lat' dir='ltr'><strong>eius</strong></span> <span class='ocrx_word' id='word_1_98' title='bbox 1361 1019 1500 1073; x_wconf 88' lang='lat' dir='ltr'><strong>aestimari</strong></span> <span class='ocrx_word' id='word_1_99' title='bbox 1523 1033 1578 1073; x_wconf 89' lang='lat' dir='ltr'><strong>non</strong></span> <span class='ocrx_word' id='word_1_100' title='bbox 1601 1023 1694 1087; x_wconf 82' lang='lat' dir='ltr'><strong>potest,</strong></span> 
     </span>
     <span class='ocr_line' id='line_1_10' title="bbox 267 1105 1694 1177; baseline -0.002 -15"><span class='ocrx_word' id='word_1_101' title='bbox 267 1123 361 1162; x_wconf 91' lang='lat' dir='ltr'><strong>uerum</strong></span> <span class='ocrx_word' id='word_1_102' title='bbox 381 1108 516 1162; x_wconf 90' lang='lat' dir='ltr'><strong>tamenin</strong></span> <span class='ocrx_word' id='word_1_103' title='bbox 534 1107 634 1162; x_wconf 89' lang='lat' dir='ltr'><strong>herede</strong></span> <span class='ocrx_word' id='word_1_104' title='bbox 652 1109 696 1162; x_wconf 88' lang='lat' dir='ltr'><strong>uel</strong></span> <span class='ocrx_word' id='word_1_105' title='bbox 707 1108 847 1177; x_wconf 83' lang='lat' dir='ltr'><strong>legatariis</strong></span> <span class='ocrx_word' id='word_1_106' title='bbox 858 1107 1005 1176; x_wconf 76' lang='lat' dir='ltr'><strong>ffiucmnm,</strong></span> <span class='ocrx_word' id='word_1_107' title='bbox 1024 1106 1123 1175; x_wconf 94' lang='lat' dir='ltr'><strong>quibus</strong></span> <span class='ocrx_word' id='word_1_108' title='bbox 1140 1111 1305 1162; x_wconf 80' lang='lat' dir='ltr'><strong>testamenta</strong></span> <span class='ocrx_word' id='word_1_109' title='bbox 1322 1121 1409 1176; x_wconf 90' lang='lat' dir='ltr'><strong>paene</strong></span> <span class='ocrx_word' id='word_1_110' title='bbox 1427 1105 1606 1176; x_wconf 83' lang='lat' dir='ltr'><strong>chirographa</strong></span> <span class='ocrx_word' id='word_1_111' title='bbox 1628 1111 1694 1160; x_wconf 89' lang='lat' dir='ltr'><strong>sunt</strong></span> 
     </span>
     <span class='ocr_line' id='line_1_11' title="bbox 267 1193 1829 1265; baseline -0.003 -14"><span class='ocrx_word' id='word_1_112' title='bbox 267 1195 383 1251; x_wconf 89' lang='lat' dir='ltr'><strong>ibidcm¹</strong></span> <span class='ocrx_word' id='word_1_113' title='bbox 403 1196 546 1250; x_wconf 87' lang='lat' dir='ltr'><strong>Marcellus</strong></span> <span class='ocrx_word' id='word_1_114' title='bbox 565 1196 659 1250; x_wconf 87' lang='lat' dir='ltr'><strong>scribit</strong></span> <span class='ocrx_word' id='word_1_115' title='bbox 676 1195 856 1265; x_wconf 91' lang='lat' dir='ltr'><strong>chirographo</strong></span> <span class='ocrx_word' id='word_1_116' title='bbox 874 1197 965 1250; x_wconf 90' lang='lat' dir='ltr'><strong>deleto</strong></span> <span class='ocrx_word' id='word_1_117' title='bbox 983 1201 1138 1264; x_wconf 90' lang='lat' dir='ltr'><strong>competere</strong></span> <span class='ocrx_word' id='word_1_118' title='bbox 1156 1195 1225 1263; x_wconf 88' lang='lat' dir='ltr'><strong>legis</strong></span> <span class='ocrx_word' id='word_1_119' title='bbox 1243 1194 1370 1264; x_wconf 84' lang='lat' dir='ltr'><strong>Aquiliae</strong></span> <span class='ocrx_word' id='word_1_120' title='bbox 1388 1195 1532 1250; x_wconf 81' lang='lat' dir='ltr'><strong>actionem.</strong></span> <span class='ocrx_word' id='word_1_121' title='bbox 1564 1193 1614 1248; x_wconf 89' lang='lat' dir='ltr'><strong>sed</strong></span> <span class='ocrx_word' id='word_1_122' title='bbox 1631 1199 1660 1248; x_wconf 89' lang='lat' dir='ltr'><strong>et</strong></span> <span class='ocrx_word' id='word_1_123' title='bbox 1675 1193 1696 1248; x_wconf 88' lang='lat' dir='ltr'><strong>si</strong></span> <span class='ocrx_word' id='word_1_124' title='bbox 1714 1209 1736 1246; x_wconf 87' lang='lat' dir='ltr'><strong>ro</strong></span> <span class='ocrx_word' id='word_1_125' title='bbox 1823 1221 1829 1256; x_wconf 52' lang='lat' dir='ltr'><strong>,e</strong></span> 
     </span>
     <span class='ocr_line' id='line_1_12' title="bbox 267 1282 1696 1354; baseline -0.001 -16"><span class='ocrx_word' id='word_1_126' title='bbox 267 1285 328 1353; x_wconf 90' lang='lat' dir='ltr'><strong>quis</strong></span> <span class='ocrx_word' id='word_1_127' title='bbox 346 1283 454 1338; x_wconf 89' lang='lat' dir='ltr'><strong>tabulas</strong></span> <span class='ocrx_word' id='word_1_128' title='bbox 473 1286 630 1340; x_wconf 86' lang='lat' dir='ltr'><strong>testamenti</strong></span> <span class='ocrx_word' id='word_1_129' title='bbox 654 1285 728 1354; x_wconf 90' lang='lat' dir='ltr'><strong>apud</strong></span> <span class='ocrx_word' id='word_1_130' title='bbox 749 1300 779 1339; x_wconf 90' lang='lat' dir='ltr'><strong>se</strong></span> <span class='ocrx_word' id='word_1_131' title='bbox 797 1284 936 1353; x_wconf 86' lang='lat' dir='ltr'><strong>depositas</strong></span> <span class='ocrx_word' id='word_1_132' title='bbox 955 1285 1087 1339; x_wconf 86' lang='lat' dir='ltr'><strong>deleuerit</strong></span> <span class='ocrx_word' id='word_1_133' title='bbox 1104 1284 1148 1338; x_wconf 89' lang='lat' dir='ltr'><strong>uel</strong></span> <span class='ocrx_word' id='word_1_134' title='bbox 1166 1282 1288 1352; x_wconf 91' lang='lat' dir='ltr'><strong>pluribus</strong></span> <span class='ocrx_word' id='word_1_135' title='bbox 1307 1282 1497 1353; x_wconf 85' lang='lat' dir='ltr'><strong>praesentibus</strong></span> <span class='ocrx_word' id='word_1_136' title='bbox 1514 1282 1625 1352; x_wconf 86' lang='lat' dir='ltr'><strong>legerit,</strong></span> <span class='ocrx_word' id='word_1_137' title='bbox 1649 1282 1696 1336; x_wconf 87' lang='lat' dir='ltr'><strong>uti·</strong></span> 
     </span>
     <span class='ocr_line' id='line_1_13' title="bbox 268 1370 1697 1442; baseline -0.001 -16"><span class='ocrx_word' id='word_1_138' title='bbox 268 1374 319 1426; x_wconf 85' lang='lat' dir='ltr'><strong>lius</strong></span> <span class='ocrx_word' id='word_1_139' title='bbox 339 1377 382 1426; x_wconf 89' lang='lat' dir='ltr'><strong>est</strong></span> <span class='ocrx_word' id='word_1_140' title='bbox 399 1371 427 1426; x_wconf 94' lang='lat' dir='ltr'><strong>in</strong></span> <span class='ocrx_word' id='word_1_141' title='bbox 446 1370 548 1428; x_wconf 87' lang='lat' dir='ltr'><strong>iactum</strong></span> <span class='ocrx_word' id='word_1_142' title='bbox 568 1378 597 1428; x_wconf 89' lang='lat' dir='ltr'><strong>et</strong></span> <span class='ocrx_word' id='word_1_143' title='bbox 614 1374 773 1428; x_wconf 90' lang='lat' dir='ltr'><strong>iniuriarum</strong></span> <span class='ocrx_word' id='word_1_144' title='bbox 792 1373 850 1442; x_wconf 87' lang='lat' dir='ltr'><strong>agi,</strong></span> <span class='ocrx_word' id='word_1_145' title='bbox 875 1373 897 1426; x_wconf 87' lang='lat' dir='ltr'><strong>si</strong></span> <span class='ocrx_word' id='word_1_146' title='bbox 916 1373 1030 1428; x_wconf 89' lang='lat' dir='ltr'><strong>iniuriae</strong></span> <span class='ocrx_word' id='word_1_147' title='bbox 1048 1371 1190 1428; x_wconf 85' lang='lat' dir='ltr'><strong>faciendae</strong></span> <span class='ocrx_word' id='word_1_148' title='bbox 1208 1387 1292 1428; x_wconf 88' lang='lat' dir='ltr'><strong>eausa</strong></span> <span class='ocrx_word' id='word_1_149' title='bbox 1310 1378 1417 1428; x_wconf 86' lang='lat' dir='ltr'><strong>secreta</strong></span> <span class='ocrx_word' id='word_1_150' title='bbox 1434 1371 1595 1428; x_wconf 88' lang='lat' dir='ltr'><strong>indiciorum</strong></span> <span class='ocrx_word' id='word_1_151' title='bbox 1613 1370 1697 1440; x_wconf 90' lang='lat' dir='ltr'><strong>publi·</strong></span> 
     </span>
     <span class='ocr_line' id='line_1_14' title="bbox 235 1459 1698 1532; baseline -0.002 -16"><span class='ocrx_word' id='word_1_152' title='bbox 235 1477 246 1522; x_wconf 87' lang='lat'>1</span> <span class='ocrx_word' id='word_1_153' title='bbox 268 1462 349 1516; x_wconf 90' lang='lat' dir='ltr'><strong>cauit.</strong></span> <span class='ocrx_word' id='word_1_154' title='bbox 377 1460 517 1516; x_wconf 86' lang='lat' dir='ltr'><strong>Interdum</strong></span> <span class='ocrx_word' id='word_1_155' title='bbox 536 1463 646 1517; x_wconf 88' lang='lat' dir='ltr'><strong>euenire</strong></span> <span class='ocrx_word' id='word_1_156' title='bbox 659 1461 824 1530; x_wconf 88' lang='lat' dir='ltr'><strong>Pomponius</strong></span> <span class='ocrx_word' id='word_1_157' title='bbox 843 1461 981 1530; x_wconf 82' lang='lat' dir='ltr'><strong>eleganter</strong></span> <span class='ocrx_word' id='word_1_158' title='bbox 1000 1463 1046 1532; x_wconf 88' lang='lat' dir='ltr'><strong>ait,</strong></span> <span class='ocrx_word' id='word_1_159' title='bbox 1065 1465 1096 1516; x_wconf 90' lang='lat' dir='ltr'><strong>ut</strong></span> <span class='ocrx_word' id='word_1_160' title='bbox 1114 1462 1175 1530; x_wconf 89' lang='lat' dir='ltr'><strong>quis</strong></span> <span class='ocrx_word' id='word_1_161' title='bbox 1193 1460 1302 1516; x_wconf 88' lang='lat' dir='ltr'><strong>tabulas</strong></span> <span class='ocrx_word' id='word_1_162' title='bbox 1320 1461 1436 1516; x_wconf 87' lang='lat' dir='ltr'><strong>delendo</strong></span> <span class='ocrx_word' id='word_1_163' title='bbox 1454 1459 1519 1518; x_wconf 84' lang='lat' dir='ltr'><strong>iurti</strong></span> <span class='ocrx_word' id='word_1_164' title='bbox 1537 1475 1592 1523; x_wconf 86' lang='lat' dir='ltr'><strong>aon</strong></span> <span class='ocrx_word' id='word_1_165' title='bbox 1608 1465 1698 1514; x_wconf 70' lang='lat' dir='ltr'><strong>tenes</strong></span> 
     </span>
     <span class='ocr_line' id='line_1_15' title="bbox 268 1547 1826 1621; baseline 0.001 -18"><span class='ocrx_word' id='word_1_166' title='bbox 268 1555 324 1618; x_wconf 90' lang='lat' dir='ltr'><strong>tur,</strong></span> <span class='ocrx_word' id='word_1_167' title='bbox 348 1550 397 1604; x_wconf 90' lang='lat' dir='ltr'><strong>sed</strong></span> <span class='ocrx_word' id='word_1_168' title='bbox 416 1555 523 1605; x_wconf 88' lang='lat' dir='ltr'><strong>tantum</strong></span> <span class='ocrx_word' id='word_1_169' title='bbox 543 1549 635 1605; x_wconf 90' lang='lat' dir='ltr'><strong>damni</strong></span> <span class='ocrx_word' id='word_1_170' title='bbox 654 1550 781 1620; x_wconf 86' lang='lat' dir='ltr'><strong>iniuriae,</strong></span> <span class='ocrx_word' id='word_1_171' title='bbox 805 1555 836 1605; x_wconf 90' lang='lat' dir='ltr'><strong>ut</strong></span> <span class='ocrx_word' id='word_1_172' title='bbox 852 1556 920 1621; x_wconf 88' lang='lat' dir='ltr'><strong>puta</strong></span> <span class='ocrx_word' id='word_1_173' title='bbox 938 1552 962 1606; x_wconf 90' lang='lat' dir='ltr'><strong>si</strong></span> <span class='ocrx_word' id='word_1_174' title='bbox 980 1565 1035 1606; x_wconf 92' lang='lat' dir='ltr'><strong>non</strong></span> <span class='ocrx_word' id='word_1_175' title='bbox 1056 1550 1146 1604; x_wconf 87' lang='lat' dir='ltr'><strong>animo</strong></span> <span class='ocrx_word' id='word_1_176' title='bbox 1170 1547 1234 1604; x_wconf 80' lang='lat' dir='ltr'><strong>furti</strong></span> <span class='ocrx_word' id='word_1_177' title='bbox 1259 1548 1390 1618; x_wconf 77' lang='lat' dir='ltr'><strong>lactendi,</strong></span> <span class='ocrx_word' id='word_1_178' title='bbox 1414 1549 1465 1604; x_wconf 86' lang='lat' dir='ltr'><strong>sed</strong></span> <span class='ocrx_word' id='word_1_179' title='bbox 1482 1551 1589 1604; x_wconf 73' lang='lat' dir='ltr'><strong>mlum</strong></span> <span class='ocrx_word' id='word_1_180' title='bbox 1608 1547 1698 1604; x_wconf 81' lang='lat' dir='ltr'><strong>damni</strong></span> <span class='ocrx_word' id='word_1_181' title='bbox 1822 1605 1826 1612; x_wconf 76' lang='grc'>,</span> 
     </span>
     <span class='ocr_line' id='line_1_16' title="bbox 268 1635 1824 1705; baseline -0.001 -14"><span class='ocrx_word' id='word_1_182' title='bbox 268 1637 351 1692; x_wconf 93' lang='lat' dir='ltr'><strong>dandi</strong></span> <span class='ocrx_word' id='word_1_183' title='bbox 369 1637 485 1693; x_wconf 89' lang='lat' dir='ltr'><strong>delenit:</strong></span> <span class='ocrx_word' id='word_1_184' title='bbox 503 1656 566 1694; x_wconf 89' lang='lat' dir='ltr'><strong>nam</strong></span> <span class='ocrx_word' id='word_1_185' title='bbox 585 1638 652 1694; x_wconf 82' lang='lat' dir='ltr'><strong>furti</strong></span> <span class='ocrx_word' id='word_1_186' title='bbox 670 1656 724 1696; x_wconf 90' lang='lat' dir='ltr'><strong>uon</strong></span> <span class='ocrx_word' id='word_1_187' title='bbox 742 1639 891 1696; x_wconf 87' lang='lat' dir='ltr'><strong>tenebitur:</strong></span> <span class='ocrx_word' id='word_1_188' title='bbox 910 1655 972 1694; x_wconf 89' lang='lat' dir='ltr'><strong>cum</strong></span> <span class='ocrx_word' id='word_1_189' title='bbox 985 1637 1057 1694; x_wconf 87' lang='lat' dir='ltr'><strong>iacto</strong></span> <span class='ocrx_word' id='word_1_190' title='bbox 1070 1639 1142 1694; x_wconf 91' lang='lat' dir='ltr'><strong>enim</strong></span> <span class='ocrx_word' id='word_1_191' title='bbox 1160 1638 1242 1693; x_wconf 85' lang='lat' dir='ltr'><strong>etiam</strong></span> <span class='ocrx_word' id='word_1_192' title='bbox 1261 1639 1381 1693; x_wconf 91' lang='lat' dir='ltr'><strong>animum</strong></span> <span class='ocrx_word' id='word_1_193' title='bbox 1399 1636 1467 1692; x_wconf 86' lang='lat' dir='ltr'><strong>iuris</strong></span> <span class='ocrx_word' id='word_1_194' title='bbox 1484 1635 1587 1692; x_wconf 76' lang='lat' dir='ltr'><strong>furnum</strong></span> <span class='ocrx_word' id='word_1_195' title='bbox 1605 1637 1697 1705; x_wconf 80' lang='lat' dir='ltr'><strong>exigit</strong></span> <span class='ocrx_word' id='word_1_196' title='bbox 1717 1649 1739 1688; x_wconf 83' lang='lat' dir='ltr'><strong>u</strong></span> <span class='ocrx_word' id='word_1_197' title='bbox 1819 1694 1824 1702; x_wconf 52' lang='grc'><strong>,</strong></span> 
     </span>
     <span class='ocr_line' id='line_1_17' title="bbox 209 1720 1828 1809; baseline 0.002 -29"><span class='ocrx_word' id='word_1_198' title='bbox 209 1731 249 1790; x_wconf 76' lang='lat'><strong>42</strong></span> <span class='ocrx_word' id='word_1_199' title='bbox 320 1726 463 1782; x_wconf 74' lang='lat' dir='ltr'><strong>lucianus</strong></span> <span class='ocrx_word' id='word_1_200' title='bbox 483 1726 552 1782; x_wconf 89' lang='lat' dir='ltr'><strong>libro</strong></span> <span class='ocrx_word' id='word_1_201' title='bbox 571 1727 799 1797; x_wconf 89' lang='lat' dir='ltr'><strong>quadragensimo</strong></span> <span class='ocrx_word' id='word_1_202' title='bbox 823 1732 922 1783; x_wconf 87' lang='lat' dir='ltr'><strong>octauo</strong></span> <span class='ocrx_word' id='word_1_203' title='bbox 947 1727 1124 1796; x_wconf 87' lang='lat' dir='ltr'><strong>digestorum.</strong></span> <span class='ocrx_word' id='word_1_204' title='bbox 1158 1727 1210 1793; x_wconf 85' lang='lat' dir='ltr'><strong>Qui</strong></span> <span class='ocrx_word' id='word_1_205' title='bbox 1233 1725 1340 1782; x_wconf 87' lang='lat' dir='ltr'><strong>tabulae</strong></span> <span class='ocrx_word' id='word_1_206' title='bbox 1363 1727 1520 1782; x_wconf 87' lang='lat' dir='ltr'><strong>testamenti</strong></span> <span class='ocrx_word' id='word_1_207' title='bbox 1544 1720 1699 1809; x_wconf 56' lang='lat' dir='ltr'><strong>[fflffl</strong></span> <span class='ocrx_word' id='word_1_208' title='bbox 1716 1731 1744 1784; x_wconf 82' lang='lat' dir='ltr'><strong>S·</strong></span> <span class='ocrx_word' id='word_1_209' title='bbox 1825 1743 1828 1792; x_wconf 76' lang='lat' dir='ltr'>s</span> 
     </span>
     <span class='ocr_line' id='line_1_18' title="bbox 268 1814 1701 1886; baseline -0.001 -16"><span class='ocrx_word' id='word_1_210' title='bbox 268 1814 408 1884; x_wconf 88' lang='lat' dir='ltr'><strong>depositas</strong></span> <span class='ocrx_word' id='word_1_211' title='bbox 427 1820 475 1870; x_wconf 90' lang='lat' dir='ltr'><strong>aut</strong></span> <span class='ocrx_word' id='word_1_212' title='bbox 493 1816 607 1872; x_wconf 87' lang='lat' dir='ltr'><strong>alicuius</strong></span> <span class='ocrx_word' id='word_1_213' title='bbox 625 1817 665 1871; x_wconf 93' lang='lat' dir='ltr'><strong>rei</strong></span> <span class='ocrx_word' id='word_1_214' title='bbox 682 1818 892 1872; x_wconf 86' lang='lat' dir='ltr'><strong>instrumentum</strong></span> <span class='ocrx_word' id='word_1_215' title='bbox 910 1816 949 1869; x_wconf 92' lang='lat' dir='ltr'><strong>ita</strong></span> <span class='ocrx_word' id='word_1_216' title='bbox 967 1814 1082 1885; x_wconf 87' lang='lat' dir='ltr'><strong>deleuit,</strong></span> <span class='ocrx_word' id='word_1_217' title='bbox 1101 1820 1132 1870; x_wconf 89' lang='lat' dir='ltr'><strong>ut</strong></span> <span class='ocrx_word' id='word_1_218' title='bbox 1149 1816 1204 1885; x_wconf 88' lang='lat' dir='ltr'><strong>legi</strong></span> <span class='ocrx_word' id='word_1_219' title='bbox 1222 1831 1275 1870; x_wconf 89' lang='lat' dir='ltr'><strong>non</strong></span> <span class='ocrx_word' id='word_1_220' title='bbox 1293 1815 1394 1886; x_wconf 86' lang='lat' dir='ltr'><strong>possit,</strong></span> <span class='ocrx_word' id='word_1_221' title='bbox 1412 1815 1529 1884; x_wconf 83' lang='lat' dir='ltr'><strong>depositi</strong></span> <span class='ocrx_word' id='word_1_222' title='bbox 1546 1815 1656 1870; x_wconf 88' lang='lat' dir='ltr'><strong>actione</strong></span> <span class='ocrx_word' id='word_1_223' title='bbox 1673 1817 1701 1868; x_wconf 92' lang='lat' dir='ltr'><strong>et</strong></span> 
     </span>
     <span class='ocr_line' id='line_1_19' title="bbox 267 1901 1699 1975; baseline -0.001 -17"><span class='ocrx_word' id='word_1_224' title='bbox 267 1903 303 1958; x_wconf 89' lang='lat' dir='ltr'><strong>ad</strong></span> <span class='ocrx_word' id='word_1_225' title='bbox 322 1903 504 1960; x_wconf 75' lang='lat' dir='ltr'><strong>exhibendum</strong></span> <span class='ocrx_word' id='word_1_226' title='bbox 523 1910 640 1974; x_wconf 88' lang='lat' dir='ltr'><strong>tenetur,</strong></span> <span class='ocrx_word' id='word_1_227' title='bbox 658 1906 724 1974; x_wconf 90' lang='lat' dir='ltr'><strong>quia</strong></span> <span class='ocrx_word' id='word_1_228' title='bbox 742 1910 896 1974; x_wconf 84' lang='lat' dir='ltr'><strong>corruptam</strong></span> <span class='ocrx_word' id='word_1_229' title='bbox 914 1920 972 1959; x_wconf 91' lang='lat' dir='ltr'><strong>rem</strong></span> <span class='ocrx_word' id='word_1_230' title='bbox 987 1905 1137 1960; x_wconf 88' lang='lat' dir='ltr'><strong>restituerit</strong></span> <span class='ocrx_word' id='word_1_231' title='bbox 1155 1909 1203 1959; x_wconf 89' lang='lat' dir='ltr'><strong>aut</strong></span> <span class='ocrx_word' id='word_1_232' title='bbox 1220 1903 1382 1960; x_wconf 86' lang='lat' dir='ltr'><strong>exhibuerit.</strong></span> <span class='ocrx_word' id='word_1_233' title='bbox 1409 1904 1478 1973; x_wconf 82' lang='lat' dir='ltr'><strong>legis</strong></span> <span class='ocrx_word' id='word_1_234' title='bbox 1496 1919 1603 1975; x_wconf 77' lang='lat' dir='ltr'><strong>quoque</strong></span> <span class='ocrx_word' id='word_1_235' title='bbox 1616 1901 1699 1972; x_wconf 89' lang='lat' dir='ltr'><strong>Aqui·</strong></span> 
     </span>
     <span class='ocr_line' id='line_1_20' title="bbox 267 1991 1829 2066; baseline -0.001 -19"><span class='ocrx_word' id='word_1_236' title='bbox 267 1993 319 2047; x_wconf 91' lang='lat' dir='ltr'><strong>liae</strong></span> <span class='ocrx_word' id='word_1_237' title='bbox 338 1992 411 2046; x_wconf 87' lang='lat' dir='ltr'><strong>actio</strong></span> <span class='ocrx_word' id='word_1_238' title='bbox 428 2007 464 2047; x_wconf 83' lang='lat' dir='ltr'><strong>ex</strong></span> <span class='ocrx_word' id='word_1_239' title='bbox 478 1991 574 2048; x_wconf 88' lang='lat' dir='ltr'><strong>eadem</strong></span> <span class='ocrx_word' id='word_1_240' title='bbox 588 2009 673 2050; x_wconf 88' lang='lat' dir='ltr'><strong>cansa</strong></span> <span class='ocrx_word' id='word_1_241' title='bbox 684 1993 827 2063; x_wconf 90' lang='lat' dir='ltr'><strong>competit:</strong></span> <span class='ocrx_word' id='word_1_242' title='bbox 847 1994 1000 2062; x_wconf 87' lang='lat' dir='ltr'><strong>corrupisse</strong></span> <span class='ocrx_word' id='word_1_243' title='bbox 1018 1994 1089 2048; x_wconf 91' lang='lat' dir='ltr'><strong>enim</strong></span> <span class='ocrx_word' id='word_1_244' title='bbox 1109 1992 1217 2048; x_wconf 87' lang='lat' dir='ltr'><strong>tabulas</strong></span> <span class='ocrx_word' id='word_1_245' title='bbox 1235 1997 1309 2048; x_wconf 88' lang='lat' dir='ltr'><strong>reete</strong></span> <span class='ocrx_word' id='word_1_246' title='bbox 1327 1991 1426 2046; x_wconf 85' lang='lat' dir='ltr'><strong>dieitru</strong></span> <span class='ocrx_word' id='word_1_247' title='bbox 1444 1995 1472 2046; x_wconf 92' lang='lat' dir='ltr'><strong>et</strong></span> <span class='ocrx_word' id='word_1_248' title='bbox 1490 1993 1537 2061; x_wconf 91' lang='lat' dir='ltr'><strong>qui</strong></span> <span class='ocrx_word' id='word_1_249' title='bbox 1555 2006 1603 2046; x_wconf 85' lang='lat' dir='ltr'><strong>eas</strong></span> <span class='ocrx_word' id='word_1_250' title='bbox 1621 1991 1701 2046; x_wconf 88' lang='lat' dir='ltr'><strong>inter·</strong></span> <span class='ocrx_word' id='word_1_251' title='bbox 1827 2055 1829 2066; x_wconf 54' lang='lat'><strong>,</strong></span> 
     </span>
     <span class='ocr_line' id='line_1_21' title="bbox 266 2081 1829 2135; baseline 0 -1"><span class='ocrx_word' id='word_1_252' title='bbox 266 2081 372 2135; x_wconf 85' lang='lat' dir='ltr'><strong>leuerit</strong></span> <span class='ocrx_word' id='word_1_253' title='bbox 1718 2092 1743 2131; x_wconf 83' lang='lat' dir='ltr'><strong>so</strong></span> <span class='ocrx_word' id='word_1_254' title='bbox 1826 2123 1829 2134; x_wconf 93' lang='lat'><em>.</em></span> 
     </span>
     <span class='ocr_line' id='line_1_22' title="bbox 209 2167 1829 2250; baseline 0.002 -26"><span class='ocrx_word' id='word_1_255' title='bbox 209 2173 248 2231; x_wconf 85' lang='lat'><strong>43</strong></span> <span class='ocrx_word' id='word_1_256' title='bbox 319 2170 491 2224; x_wconf 74' lang='lat' dir='ltr'><strong>Pannonius</strong></span> <span class='ocrx_word' id='word_1_257' title='bbox 510 2169 579 2226; x_wconf 91' lang='lat' dir='ltr'><strong>libro</strong></span> <span class='ocrx_word' id='word_1_258' title='bbox 598 2170 793 2226; x_wconf 90' lang='lat' dir='ltr'><strong>nonodecimo</strong></span> <span class='ocrx_word' id='word_1_259' title='bbox 812 2170 848 2226; x_wconf 89' lang='lat' dir='ltr'><strong>ad</strong></span> <span class='ocrx_word' id='word_1_260' title='bbox 862 2169 1002 2226; x_wconf 87' lang='lat' dir='ltr'><strong>Sabinum.</strong></span> <span class='ocrx_word' id='word_1_261' title='bbox 1031 2169 1072 2225; x_wconf 90' lang='lat' dir='ltr'><strong>Ob</strong></span> <span class='ocrx_word' id='word_1_262' title='bbox 1091 2169 1127 2241; x_wconf 90' lang='lat' dir='ltr'><strong>id,</strong></span> <span class='ocrx_word' id='word_1_263' title='bbox 1146 2171 1220 2240; x_wconf 89' lang='lat' dir='ltr'><strong>quod</strong></span> <span class='ocrx_word' id='word_1_264' title='bbox 1238 2175 1303 2226; x_wconf 87' lang='lat' dir='ltr'><strong>aute</strong></span> <span class='ocrx_word' id='word_1_265' title='bbox 1320 2184 1403 2238; x_wconf 89' lang='lat' dir='ltr'><strong>quam</strong></span> <span class='ocrx_word' id='word_1_266' title='bbox 1421 2167 1525 2222; x_wconf 74' lang='lat' dir='ltr'><strong>heredi</strong></span> <span class='ocrx_word' id='word_1_267' title='bbox 1558 2175 1737 2250; x_wconf 50' lang='lat' dir='ltr'><strong>nonages</strong></span> <span class='ocrx_word' id='word_1_268' title='bbox 1820 2209 1829 2246; x_wconf 45' lang='grc' dir='ltr'>Ξ</span> 
     </span>
     <span class='ocr_line' id='line_1_23' title="bbox 267 2245 1829 2336; baseline 0.001 -25"><span class='ocrx_word' id='word_1_269' title='bbox 267 2262 352 2311; x_wconf 87' lang='lat' dir='ltr'><strong>tatem</strong></span> <span class='ocrx_word' id='word_1_270' title='bbox 376 2257 466 2312; x_wconf 89' lang='lat' dir='ltr'><strong>adires</strong></span> <span class='ocrx_word' id='word_1_271' title='bbox 496 2257 626 2314; x_wconf 88' lang='lat' dir='ltr'><strong>damnum</strong></span> <span class='ocrx_word' id='word_1_272' title='bbox 649 2258 799 2314; x_wconf 86' lang='lat' dir='ltr'><strong>admissum</strong></span> <span class='ocrx_word' id='word_1_273' title='bbox 823 2259 918 2314; x_wconf 90' lang='lat' dir='ltr'><strong>iures</strong></span> <span class='ocrx_word' id='word_1_274' title='bbox 942 2258 1119 2314; x_wconf 86' lang='lat' dir='ltr'><strong>hereditarias</strong></span> <span class='ocrx_word' id='word_1_275' title='bbox 1143 2264 1199 2329; x_wconf 87' lang='lat' dir='ltr'><strong>est,</strong></span> <span class='ocrx_word' id='word_1_276' title='bbox 1221 2259 1290 2328; x_wconf 80' lang='lat' dir='ltr'><strong>legis</strong></span> <span class='ocrx_word' id='word_1_277' title='bbox 1308 2258 1434 2328; x_wconf 85' lang='lat' dir='ltr'><strong>Aquiliae</strong></span> <span class='ocrx_word' id='word_1_278' title='bbox 1453 2245 1701 2328; x_wconf 46' lang='lat' dir='ltr'><strong>senonem-babes</strong></span> <span class='ocrx_word' id='word_1_279' title='bbox 1817 2299 1829 2336; x_wconf 41' lang='grc' dir='ltr'>ς</span> 
     </span>
     <span class='ocr_line' id='line_1_24' title="bbox 267 2345 1704 2417; baseline 0.001 -18"><span class='ocrx_word' id='word_1_280' title='bbox 267 2345 358 2415; x_wconf 84' lang='lat' dir='ltr'><strong>quod²</strong></span> <span class='ocrx_word' id='word_1_281' title='bbox 375 2351 439 2416; x_wconf 89' lang='lat' dir='ltr'><strong>post</strong></span> <span class='ocrx_word' id='word_1_282' title='bbox 456 2351 572 2402; x_wconf 61' lang='lat' dir='ltr'><strong>morum</strong></span> <span class='ocrx_word' id='word_1_283' title='bbox 590 2348 659 2417; x_wconf 89' lang='lat' dir='ltr'><strong>eius,</strong></span> <span class='ocrx_word' id='word_1_284' title='bbox 677 2348 722 2403; x_wconf 88' lang='lat' dir='ltr'><strong>cui</strong></span> <span class='ocrx_word' id='word_1_285' title='bbox 739 2346 818 2403; x_wconf 86' lang='lat' dir='ltr'><strong>beree</strong></span> <span class='ocrx_word' id='word_1_286' title='bbox 837 2347 883 2416; x_wconf 91' lang='lat' dir='ltr'><strong>sis,</strong></span> <span class='ocrx_word' id='word_1_287' title='bbox 903 2347 1046 2404; x_wconf 86' lang='lat' dir='ltr'><strong>acciderit:</strong></span> <span class='ocrx_word' id='word_1_288' title='bbox 1070 2346 1209 2404; x_wconf 89' lang='lat' dir='ltr'><strong>dominum</strong></span> <span class='ocrx_word' id='word_1_289' title='bbox 1227 2348 1299 2402; x_wconf 93' lang='lat' dir='ltr'><strong>enim</strong></span> <span class='ocrx_word' id='word_1_290' title='bbox 1316 2346 1362 2402; x_wconf 87' lang='lat' dir='ltr'><strong>lex</strong></span> <span class='ocrx_word' id='word_1_291' title='bbox 1381 2345 1492 2416; x_wconf 82' lang='lat' dir='ltr'><strong>Aquilia</strong></span> <span class='ocrx_word' id='word_1_292' title='bbox 1509 2347 1633 2417; x_wconf 88' lang='lat' dir='ltr'><strong>appellat</strong></span> <span class='ocrx_word' id='word_1_293' title='bbox 1650 2361 1704 2401; x_wconf 91' lang='lat' dir='ltr'><strong>non</strong></span> 
     </span>
     <span class='ocr_line' id='line_1_25' title="bbox 268 2433 1829 2520; baseline 0 -30"><span class='ocrx_word' id='word_1_294' title='bbox 268 2435 361 2504; x_wconf 88' lang='lat' dir='ltr'><strong>utique</strong></span> <span class='ocrx_word' id='word_1_295' title='bbox 380 2450 451 2504; x_wconf 89' lang='lat' dir='ltr'><strong>eum,</strong></span> <span class='ocrx_word' id='word_1_296' title='bbox 470 2436 517 2505; x_wconf 91' lang='lat' dir='ltr'><strong>qui</strong></span> <span class='ocrx_word' id='word_1_297' title='bbox 536 2442 601 2492; x_wconf 87' lang='lat' dir='ltr'><strong>tnnc</strong></span> <span class='ocrx_word' id='word_1_298' title='bbox 619 2435 709 2506; x_wconf 87' lang='lat' dir='ltr'><strong>inerit,</strong></span> <span class='ocrx_word' id='word_1_299' title='bbox 728 2453 791 2490; x_wconf 88' lang='lat' dir='ltr'><strong>cam</strong></span> <span class='ocrx_word' id='word_1_300' title='bbox 809 2435 939 2492; x_wconf 88' lang='lat' dir='ltr'><strong>damnum</strong></span> <span class='ocrx_word' id='word_1_301' title='bbox 957 2436 1081 2492; x_wconf 85' lang='lat' dir='ltr'><strong>daretur:</strong></span> <span class='ocrx_word' id='word_1_302' title='bbox 1105 2452 1168 2492; x_wconf 90' lang='lat' dir='ltr'><strong>nam</strong></span> <span class='ocrx_word' id='word_1_303' title='bbox 1186 2437 1240 2492; x_wconf 85' lang='lat' dir='ltr'><strong>isto</strong></span> <span class='ocrx_word' id='word_1_304' title='bbox 1258 2435 1339 2490; x_wconf 91' lang='lat' dir='ltr'><strong>modo</strong></span> <span class='ocrx_word' id='word_1_305' title='bbox 1358 2450 1393 2490; x_wconf 92' lang='lat' dir='ltr'><strong>ne</strong></span> <span class='ocrx_word' id='word_1_306' title='bbox 1411 2433 1447 2490; x_wconf 89' lang='lat' dir='ltr'><strong>ab</strong></span> <span class='ocrx_word' id='word_1_307' title='bbox 1465 2449 1498 2490; x_wconf 90' lang='lat' dir='ltr'><strong>eo</strong></span> <span class='ocrx_word' id='word_1_308' title='bbox 1516 2435 1639 2505; x_wconf 89' lang='lat' dir='ltr'><strong>quidem,</strong></span> <span class='ocrx_word' id='word_1_309' title='bbox 1661 2434 1703 2490; x_wconf 89' lang='lat' dir='ltr'><strong>oni</strong></span> <span class='ocrx_word' id='word_1_310' title='bbox 1822 2497 1829 2520; x_wconf 26' lang='grc' dir='ltr'><strong>,ἦ</strong></span> 
     </span>
     <span class='ocr_line' id='line_1_26' title="bbox 267 2522 1746 2594; baseline -0.001 -16"><span class='ocrx_word' id='word_1_311' title='bbox 267 2524 346 2579; x_wconf 88' lang='lat' dir='ltr'><strong>heres</strong></span> <span class='ocrx_word' id='word_1_312' title='bbox 364 2525 425 2593; x_wconf 90' lang='lat' dir='ltr'><strong>quis</strong></span> <span class='ocrx_word' id='word_1_313' title='bbox 444 2526 502 2594; x_wconf 88' lang='lat' dir='ltr'><strong>erit,</strong></span> <span class='ocrx_word' id='word_1_314' title='bbox 522 2525 637 2580; x_wconf 90' lang='lat' dir='ltr'><strong>transire</strong></span> <span class='ocrx_word' id='word_1_315' title='bbox 650 2524 686 2579; x_wconf 86' lang='lat' dir='ltr'><strong>ad</strong></span> <span class='ocrx_word' id='word_1_316' title='bbox 697 2539 759 2579; x_wconf 89' lang='lat' dir='ltr'><strong>eum</strong></span> <span class='ocrx_word' id='word_1_317' title='bbox 773 2538 806 2578; x_wconf 88' lang='lat' dir='ltr'><strong>ea</strong></span> <span class='ocrx_word' id='word_1_318' title='bbox 818 2525 890 2579; x_wconf 88' lang='lat' dir='ltr'><strong>actio</strong></span> <span class='ocrx_word' id='word_1_319' title='bbox 902 2526 1015 2594; x_wconf 88' lang='lat' dir='ltr'><strong>poterit:</strong></span> <span class='ocrx_word' id='word_1_320' title='bbox 1033 2539 1122 2593; x_wconf 91' lang='lat' dir='ltr'><strong>neque</strong></span> <span class='ocrx_word' id='word_1_321' title='bbox 1140 2523 1176 2579; x_wconf 92' lang='lat' dir='ltr'><strong>ob</strong></span> <span class='ocrx_word' id='word_1_322' title='bbox 1194 2524 1231 2592; x_wconf 91' lang='lat' dir='ltr'><strong>id,</strong></span> <span class='ocrx_word' id='word_1_323' title='bbox 1250 2524 1324 2594; x_wconf 90' lang='lat' dir='ltr'><strong>quod</strong></span> <span class='ocrx_word' id='word_1_324' title='bbox 1341 2528 1399 2579; x_wconf 88' lang='lat' dir='ltr'><strong>tum</strong></span> <span class='ocrx_word' id='word_1_325' title='bbox 1418 2524 1593 2580; x_wconf 87' lang='lat' dir='ltr'><strong>commissam</strong></span> <span class='ocrx_word' id='word_1_326' title='bbox 1612 2522 1746 2592; x_wconf 71' lang='lat' dir='ltr'><strong>faeritas</strong></span> 
     </span>
     <span class='ocr_line' id='line_1_27' title="bbox 267 2605 1824 2684; baseline 0.001 -18"><span class='ocrx_word' id='word_1_327' title='bbox 267 2627 330 2666; x_wconf 90' lang='lat' dir='ltr'><strong>cum</strong></span> <span class='ocrx_word' id='word_1_328' title='bbox 347 2613 377 2667; x_wconf 93' lang='lat' dir='ltr'><strong>in</strong></span> <span class='ocrx_word' id='word_1_329' title='bbox 394 2612 513 2668; x_wconf 91' lang='lat' dir='ltr'><strong>bostium</strong></span> <span class='ocrx_word' id='word_1_330' title='bbox 531 2617 668 2682; x_wconf 86' lang='lat' dir='ltr'><strong>potestate</strong></span> <span class='ocrx_word' id='word_1_331' title='bbox 686 2627 777 2680; x_wconf 87' lang='lat' dir='ltr'><strong>esses,</strong></span> <span class='ocrx_word' id='word_1_332' title='bbox 802 2627 884 2682; x_wconf 83' lang='lat' dir='ltr'><strong>agere</strong></span> <span class='ocrx_word' id='word_1_333' title='bbox 905 2613 1072 2683; x_wconf 89' lang='lat' dir='ltr'><strong>postliminio</strong></span> <span class='ocrx_word' id='word_1_334' title='bbox 1095 2627 1221 2668; x_wconf 86' lang='lat' dir='ltr'><strong>reuersus</strong></span> <span class='ocrx_word' id='word_1_335' title='bbox 1243 2613 1360 2682; x_wconf 90' lang='lat' dir='ltr'><strong>poteris:</strong></span> <span class='ocrx_word' id='word_1_336' title='bbox 1383 2617 1413 2668; x_wconf 91' lang='lat' dir='ltr'><strong>et</strong></span> <span class='ocrx_word' id='word_1_337' title='bbox 1432 2611 1484 2667; x_wconf 90' lang='lat' dir='ltr'><strong>boc</strong></span> <span class='ocrx_word' id='word_1_338' title='bbox 1502 2613 1580 2668; x_wconf 83' lang='lat' dir='ltr'><strong>aliter</strong></span> <span class='ocrx_word' id='word_1_339' title='bbox 1613 2605 1704 2684; x_wconf 55' lang='lat' dir='ltr'><strong>affe</strong></span> <span class='ocrx_word' id='word_1_340' title='bbox 1817 2659 1824 2674; x_wconf 58' lang='lat'><strong>,</strong></span> 
     </span>
     <span class='ocr_line' id='line_1_28' title="bbox 267 2699 1829 2772; baseline 0.001 -15"><span class='ocrx_word' id='word_1_341' title='bbox 267 2701 396 2757; x_wconf 89' lang='lat' dir='ltr'><strong>constitui</strong></span> <span class='ocrx_word' id='word_1_342' title='bbox 414 2701 472 2756; x_wconf 89' lang='lat' dir='ltr'><strong>sine</strong></span> <span class='ocrx_word' id='word_1_343' title='bbox 490 2717 592 2772; x_wconf 86' lang='lat' dir='ltr'><strong>magna</strong></span> <span class='ocrx_word' id='word_1_344' title='bbox 609 2701 736 2772; x_wconf 86' lang='lat' dir='ltr'><strong>captione</strong></span> <span class='ocrx_word' id='word_1_345' title='bbox 753 2704 941 2770; x_wconf 84' lang='lat' dir='ltr'><strong>postumorum</strong></span> <span class='ocrx_word' id='word_1_346' title='bbox 958 2701 1118 2772; x_wconf 88' lang='lat' dir='ltr'><strong>liberorum,</strong></span> <span class='ocrx_word' id='word_1_347' title='bbox 1142 2701 1189 2772; x_wconf 92' lang='lat' dir='ltr'><strong>qui</strong></span> <span class='ocrx_word' id='word_1_348' title='bbox 1212 2701 1371 2770; x_wconf 89' lang='lat' dir='ltr'><strong>parentibus</strong></span> <span class='ocrx_word' id='word_1_349' title='bbox 1395 2699 1510 2756; x_wconf 85' lang='lat' dir='ltr'><strong>heredes</strong></span> <span class='ocrx_word' id='word_1_350' title='bbox 1531 2705 1626 2772; x_wconf 87' lang='lat' dir='ltr'><strong>erunt,</strong></span> <span class='ocrx_word' id='word_1_351' title='bbox 1650 2715 1704 2756; x_wconf 89' lang='lat' dir='ltr'><strong>non</strong></span> <span class='ocrx_word' id='word_1_352' title='bbox 1821 2733 1829 2759; x_wconf 83' lang='lat'><strong>·.</strong></span> 
     </span>
     <span class='ocr_line' id='line_1_29' title="bbox 266 2775 1828 2860; baseline -0.001 -14"><span class='ocrx_word' id='word_1_353' title='bbox 266 2789 376 2860; x_wconf 88' lang='lat' dir='ltr'><strong>poterit.</strong></span> <span class='ocrx_word' id='word_1_354' title='bbox 408 2789 504 2846; x_wconf 87' lang='lat' dir='ltr'><strong>eadem</strong></span> <span class='ocrx_word' id='word_1_355' title='bbox 528 2789 650 2846; x_wconf 87' lang='lat' dir='ltr'><strong>dicemus</strong></span> <span class='ocrx_word' id='word_1_356' title='bbox 673 2795 703 2844; x_wconf 89' lang='lat' dir='ltr'><strong>et</strong></span> <span class='ocrx_word' id='word_1_357' title='bbox 725 2788 760 2846; x_wconf 86' lang='lat' dir='ltr'><strong>de</strong></span> <span class='ocrx_word' id='word_1_358' title='bbox 783 2788 926 2846; x_wconf 88' lang='lat' dir='ltr'><strong>arboribus</strong></span> <span class='ocrx_word' id='word_1_359' title='bbox 950 2790 1047 2850; x_wconf 85' lang='lat' dir='ltr'><strong>eodem</strong></span> <span class='ocrx_word' id='word_1_360' title='bbox 1066 2795 1189 2858; x_wconf 89' lang='lat' dir='ltr'><strong>tempore</strong></span> <span class='ocrx_word' id='word_1_361' title='bbox 1207 2787 1301 2846; x_wconf 75' lang='lat' dir='ltr'><strong>sardin</strong></span> <span class='ocrx_word' id='word_1_362' title='bbox 1318 2789 1416 2846; x_wconf 70' lang='lat' dir='ltr'><strong>mesia</strong></span> <span class='ocrx_word' id='word_1_363' title='bbox 1447 2795 1514 2860; x_wconf 91' lang='lat' dir='ltr'><strong>puto</strong></span> <span class='ocrx_word' id='word_1_364' title='bbox 1532 2789 1632 2846; x_wconf 89' lang='lat' dir='ltr'><strong>eadem</strong></span> <span class='ocrx_word' id='word_1_365' title='bbox 1651 2789 1706 2844; x_wconf 91' lang='lat' dir='ltr'><strong>dici</strong></span> <span class='ocrx_word' id='word_1_366' title='bbox 1823 2775 1828 2852; x_wconf 53' lang='grc' dir='ltr'>ζ</span> 
     </span>
     <span class='ocr_line' id='line_1_30' title="bbox 267 2877 1828 2968; baseline -0.001 -34"><span class='ocrx_word' id='word_1_367' title='bbox 267 2894 348 2947; x_wconf 89' lang='lat' dir='ltr'><strong>posse</strong></span> <span class='ocrx_word' id='word_1_368' title='bbox 368 2878 450 2932; x_wconf 88' lang='lat' dir='ltr'><strong>etiam</strong></span> <span class='ocrx_word' id='word_1_369' title='bbox 468 2878 503 2932; x_wconf 90' lang='lat' dir='ltr'><strong>de</strong></span> <span class='ocrx_word' id='word_1_370' title='bbox 522 2877 573 2934; x_wconf 92' lang='lat' dir='ltr'><strong>hac</strong></span> <span class='ocrx_word' id='word_1_371' title='bbox 591 2878 715 2934; x_wconf 80' lang='lat' dir='ltr'><strong>actione¹</strong></span> <span class='ocrx_word' id='word_1_372' title='bbox 733 2877 808 2948; x_wconf 89' lang='lat' dir='ltr'><strong>quod</strong></span> <span class='ocrx_word' id='word_1_373' title='bbox 830 2879 858 2932; x_wconf 92' lang='lat' dir='ltr'><strong>ui</strong></span> <span class='ocrx_word' id='word_1_374' title='bbox 881 2883 930 2934; x_wconf 90' lang='lat' dir='ltr'><strong>aut</strong></span> <span class='ocrx_word' id='word_1_375' title='bbox 952 2880 1036 2949; x_wconf 68' lang='lat' dir='ltr'><strong>cmm,</strong></span> <span class='ocrx_word' id='word_1_376' title='bbox 1062 2881 1087 2935; x_wconf 91' lang='lat' dir='ltr'><strong>si</strong></span> <span class='ocrx_word' id='word_1_377' title='bbox 1107 2877 1189 2934; x_wconf 90' lang='lat' dir='ltr'><strong>modo</strong></span> <span class='ocrx_word' id='word_1_378' title='bbox 1207 2879 1268 2948; x_wconf 86' lang='lat' dir='ltr'><strong>quis</strong></span> <span class='ocrx_word' id='word_1_379' title='bbox 1286 2884 1335 2934; x_wconf 88' lang='lat' dir='ltr'><strong>aut</strong></span> <span class='ocrx_word' id='word_1_380' title='bbox 1351 2877 1504 2950; x_wconf 85' lang='lat' dir='ltr'><strong>prohibitus</strong></span> <span class='ocrx_word' id='word_1_381' title='bbox 1521 2877 1633 2950; x_wconf 75' lang='lat' dir='ltr'><strong>secem,</strong></span> <span class='ocrx_word' id='word_1_382' title='bbox 1657 2882 1705 2934; x_wconf 81' lang='lat' dir='ltr'><strong>sut</strong></span> <span class='ocrx_word' id='word_1_383' title='bbox 1826 2935 1828 2968; x_wconf 50' lang='lat'>4</span> 
     </span>
     <span class='ocr_line' id='line_1_31' title="bbox 268 2965 1828 3042; baseline -0.003 -20"><span class='ocrx_word' id='word_1_384' title='bbox 268 2968 425 3038; x_wconf 79' lang='lat' dir='ltr'><strong>apparuerit</strong></span> <span class='ocrx_word' id='word_1_385' title='bbox 442 2982 505 3021; x_wconf 90' lang='lat' dir='ltr'><strong>eum</strong></span> <span class='ocrx_word' id='word_1_386' title='bbox 524 2967 682 3037; x_wconf 81' lang='lat' dir='ltr'><strong>intellegere</strong></span> <span class='ocrx_word' id='word_1_387' title='bbox 700 2965 829 3022; x_wconf 88' lang='lat' dir='ltr'><strong>debuisse</strong></span> <span class='ocrx_word' id='word_1_388' title='bbox 847 2966 884 3022; x_wconf 91' lang='lat' dir='ltr'><strong>ab</strong></span> <span class='ocrx_word' id='word_1_389' title='bbox 901 2967 955 3037; x_wconf 88' lang='lat' dir='ltr'><strong>cis,</strong></span> <span class='ocrx_word' id='word_1_390' title='bbox 974 2966 1010 3024; x_wconf 87' lang='lat' dir='ltr'><strong>ad</strong></span> <span class='ocrx_word' id='word_1_391' title='bbox 1027 2982 1096 3038; x_wconf 89' lang='lat' dir='ltr'><strong>quos</strong></span> <span class='ocrx_word' id='word_1_392' title='bbox 1114 2983 1148 3024; x_wconf 80' lang='lat' dir='ltr'><strong>ea</strong></span> <span class='ocrx_word' id='word_1_393' title='bbox 1166 2967 1303 3024; x_wconf 85' lang='lat' dir='ltr'><strong>hereditas</strong></span> <span class='ocrx_word' id='word_1_394' title='bbox 1320 2968 1482 3038; x_wconf 83' lang='lat' dir='ltr'><strong>pertineret,</strong></span> <span class='ocrx_word' id='word_1_395' title='bbox 1504 2967 1528 3022; x_wconf 84' lang='lat' dir='ltr'><strong>si</strong></span> <span class='ocrx_word' id='word_1_396' title='bbox 1546 2969 1706 3038; x_wconf 63' lang='lat' dir='ltr'><strong>amassent,</strong></span> <span class='ocrx_word' id='word_1_397' title='bbox 1724 2980 1751 3019; x_wconf 82' lang='lat' dir='ltr'><strong>so</strong></span> <span class='ocrx_word' id='word_1_398' title='bbox 1826 3025 1828 3042; x_wconf 23' lang='grc' dir='ltr'>ἱ</span> 
     </span>
     <span class='ocr_line' id='line_1_32' title="bbox 267 3043 1828 3128; baseline -0.001 -16"><span class='ocrx_word' id='word_1_399' title='bbox 267 3055 433 3126; x_wconf 85' lang='lat' dir='ltr'><strong>prohibitum</strong></span> <span class='ocrx_word' id='word_1_400' title='bbox 451 3057 493 3110; x_wconf 78' lang='lat' dir='ltr'><strong>irs.</strong></span> <span class='ocrx_word' id='word_1_401' title='bbox 1220 3107 1223 3116; x_wconf 87' lang='grc'><strong>,</strong></span> <span class='ocrx_word' id='word_1_402' title='bbox 1822 3043 1828 3128; x_wconf 69' lang='lat' dir='ltr'>j</span> 
     </span>
     <span class='ocr_line' id='line_1_33' title="bbox 211 3131 1828 3227; baseline -0.006 -24"><span class='ocrx_word' id='word_1_403' title='bbox 211 3147 250 3203; x_wconf 83' lang='grc'><strong>44</strong></span> <span class='ocrx_word' id='word_1_404' title='bbox 323 3143 472 3200; x_wconf 75' lang='lat' dir='ltr'><strong>Uiuianus</strong></span> <span class='ocrx_word' id='word_1_405' title='bbox 495 3143 563 3200; x_wconf 91' lang='lat' dir='ltr'><strong>libro</strong></span> <span class='ocrx_word' id='word_1_406' title='bbox 586 3143 814 3214; x_wconf 84' lang='lat' dir='ltr'><strong>quadragensimo</strong></span> <span class='ocrx_word' id='word_1_407' title='bbox 833 3145 954 3200; x_wconf 85' lang='lat' dir='ltr'><strong>secundo</strong></span> <span class='ocrx_word' id='word_1_408' title='bbox 975 3143 986 3218; x_wconf 83' lang='grc' dir='ltr'><strong>ΙΙ</strong></span> <span class='ocrx_word' id='word_1_409' title='bbox 1004 3144 1039 3200; x_wconf 85' lang='lat' dir='ltr'><strong>ad</strong></span> <span class='ocrx_word' id='word_1_410' title='bbox 1058 3143 1197 3199; x_wconf 86' lang='lat' dir='ltr'><strong>Sabinum.</strong></span> <span class='ocrx_word' id='word_1_411' title='bbox 1230 3144 1262 3200; x_wconf 92' lang='lat' dir='ltr'><strong>ln</strong></span> <span class='ocrx_word' id='word_1_412' title='bbox 1284 3143 1346 3212; x_wconf 84' lang='lat' dir='ltr'><strong>lege</strong></span> <span class='ocrx_word' id='word_1_413' title='bbox 1365 3142 1475 3212; x_wconf 83' lang='lat' dir='ltr'><strong>Aquilia</strong></span> <span class='ocrx_word' id='word_1_414' title='bbox 1498 3149 1527 3198; x_wconf 91' lang='lat' dir='ltr'><strong>et</strong></span> <span class='ocrx_word' id='word_1_415' title='bbox 1544 3137 1707 3227; x_wconf 62' lang='lat' dir='ltr'><em>Q</em></span> <span class='ocrx_word' id='word_1_416' title='bbox 1725 3150 1745 3204; x_wconf 85' lang='lat' dir='ltr'><strong>s</strong></span> <span class='ocrx_word' id='word_1_417' title='bbox 1764 3131 1828 3196; x_wconf 58' lang='lat' dir='ltr'><strong>tlte</strong></span> 
     </span>
     <span class='ocr_line' id='line_1_34' title="bbox 236 3229 1827 3302; baseline -0.001 -12"><span class='ocrx_word' id='word_1_418' title='bbox 236 3246 249 3290; x_wconf 92' lang='lat'>1</span> <span class='ocrx_word' id='word_1_419' title='bbox 268 3232 409 3288; x_wconf 89' lang='lat' dir='ltr'><strong>leuissima</strong></span> <span class='ocrx_word' id='word_1_420' title='bbox 426 3233 507 3302; x_wconf 88' lang='lat' dir='ltr'><strong>culpa</strong></span> <span class='ocrx_word' id='word_1_421' title='bbox 524 3231 609 3288; x_wconf 90' lang='lat' dir='ltr'><strong>uenit.</strong></span> <span class='ocrx_word' id='word_1_422' title='bbox 642 3232 773 3298; x_wconf 83' lang='lat' dir='ltr'><strong>Quotiens</strong></span> <span class='ocrx_word' id='word_1_423' title='bbox 791 3233 895 3290; x_wconf 89' lang='lat' dir='ltr'><strong>sciente</strong></span> <span class='ocrx_word' id='word_1_424' title='bbox 912 3234 1023 3290; x_wconf 90' lang='lat' dir='ltr'><strong>domino</strong></span> <span class='ocrx_word' id='word_1_425' title='bbox 1040 3248 1137 3288; x_wconf 88' lang='lat' dir='ltr'><strong>seruus</strong></span> <span class='ocrx_word' id='word_1_426' title='bbox 1156 3233 1280 3286; x_wconf 88' lang='lat' dir='ltr'><strong>uulnerat</strong></span> <span class='ocrx_word' id='word_1_427' title='bbox 1297 3233 1343 3287; x_wconf 90' lang='lat' dir='ltr'><strong>uel</strong></span> <span class='ocrx_word' id='word_1_428' title='bbox 1361 3231 1468 3302; x_wconf 87' lang='lat' dir='ltr'><strong>oceidit,</strong></span> <span class='ocrx_word' id='word_1_429' title='bbox 1488 3231 1599 3301; x_wconf 82' lang='lat' dir='ltr'><strong>Aquilia</strong></span> <span class='ocrx_word' id='word_1_430' title='bbox 1618 3233 1706 3290; x_wconf 86' lang='lat' dir='ltr'><strong>dorni·</strong></span> <span class='ocrx_word' id='word_1_431' title='bbox 1825 3229 1827 3236; x_wconf 87' lang='lat'>&#39;</span> 
     </span>
     <span class='ocr_line' id='line_1_35' title="bbox 270 3321 1755 3377; baseline -0.001 -3"><span class='ocrx_word' id='word_1_432' title='bbox 270 3336 334 3374; x_wconf 89' lang='lat' dir='ltr'><strong>uum</strong></span> <span class='ocrx_word' id='word_1_433' title='bbox 352 3322 438 3375; x_wconf 87' lang='lat' dir='ltr'><strong>teneri</strong></span> <span class='ocrx_word' id='word_1_434' title='bbox 457 3321 570 3376; x_wconf 90' lang='lat' dir='ltr'><strong>dubium</strong></span> <span class='ocrx_word' id='word_1_435' title='bbox 589 3337 644 3377; x_wconf 90' lang='lat' dir='ltr'><strong>non</strong></span> <span class='ocrx_word' id='word_1_436' title='bbox 662 3325 713 3376; x_wconf 86' lang='lat' dir='ltr'><strong>est.</strong></span> <span class='ocrx_word' id='word_1_437' title='bbox 1727 3333 1755 3373; x_wconf 81' lang='lat' dir='ltr'><strong>st</strong></span> 
     </span>
     <span class='ocr_line' id='line_1_36' title="bbox 212 3383 1827 3484; baseline -0.002 -16"><span class='ocrx_word' id='word_1_438' title='bbox 212 3409 251 3468; x_wconf 83' lang='lat'><strong>45</strong></span> <span class='ocrx_word' id='word_1_439' title='bbox 322 3409 441 3464; x_wconf 78' lang='lat' dir='ltr'><strong>Plausus</strong></span> <span class='ocrx_word' id='word_1_440' title='bbox 459 3409 527 3466; x_wconf 91' lang='lat' dir='ltr'><strong>libro</strong></span> <span class='ocrx_word' id='word_1_441' title='bbox 546 3410 652 3466; x_wconf 89' lang='lat' dir='ltr'><strong>decimo</strong></span> <span class='ocrx_word' id='word_1_442' title='bbox 671 3409 705 3464; x_wconf 85' lang='lat' dir='ltr'><strong>ad</strong></span> <span class='ocrx_word' id='word_1_443' title='bbox 719 3409 857 3466; x_wconf 87' lang='lat' dir='ltr'><strong>Sabinum.</strong></span> <span class='ocrx_word' id='word_1_444' title='bbox 885 3409 1033 3466; x_wconf 81' lang='lat' dir='ltr'><strong>seientiam</strong></span> <span class='ocrx_word' id='word_1_445' title='bbox 1045 3409 1090 3466; x_wconf 87' lang='lat' dir='ltr'><strong>bic</strong></span> <span class='ocrx_word' id='word_1_446' title='bbox 1104 3423 1156 3480; x_wconf 92' lang='lat' dir='ltr'><strong>pro</strong></span> <span class='ocrx_word' id='word_1_447' title='bbox 1174 3409 1307 3480; x_wconf 89' lang='lat' dir='ltr'><strong>patientia</strong></span> <span class='ocrx_word' id='word_1_448' title='bbox 1318 3409 1476 3480; x_wconf 88' lang='lat' dir='ltr'><strong>accipimus,</strong></span> <span class='ocrx_word' id='word_1_449' title='bbox 1495 3415 1527 3466; x_wconf 87' lang='lat' dir='ltr'><strong>nt</strong></span> <span class='ocrx_word' id='word_1_450' title='bbox 1544 3396 1747 3484; x_wconf 58' lang='lat' dir='ltr'><strong>[QS</strong></span> <span class='ocrx_word' id='word_1_451' title='bbox 1823 3383 1827 3420; x_wconf 64' lang='lat'><em>²</em></span> 
     </span>
     <span class='ocr_line' id='line_1_37' title="bbox 238 3492 1827 3584; baseline -0.001 -30"><span class='ocrx_word' id='word_1_452' title='bbox 238 3511 250 3554; x_wconf 94' lang='lat'>1</span> <span class='ocrx_word' id='word_1_453' title='bbox 270 3498 316 3566; x_wconf 92' lang='lat' dir='ltr'><strong>qni</strong></span> <span class='ocrx_word' id='word_1_454' title='bbox 334 3497 476 3566; x_wconf 90' lang='lat' dir='ltr'><strong>prohibere</strong></span> <span class='ocrx_word' id='word_1_455' title='bbox 496 3500 586 3570; x_wconf 87' lang='lat' dir='ltr'><strong>potuit</strong></span> <span class='ocrx_word' id='word_1_456' title='bbox 603 3503 736 3568; x_wconf 87' lang='lat' dir='ltr'><strong>teneatur,</strong></span> <span class='ocrx_word' id='word_1_457' title='bbox 755 3498 779 3552; x_wconf 91' lang='lat' dir='ltr'><strong>si</strong></span> <span class='ocrx_word' id='word_1_458' title='bbox 798 3513 853 3554; x_wconf 92' lang='lat' dir='ltr'><strong>non</strong></span> <span class='ocrx_word' id='word_1_459' title='bbox 871 3496 974 3554; x_wconf 88' lang='lat' dir='ltr'><strong>lecerit.</strong></span> <span class='ocrx_word' id='word_1_460' title='bbox 1001 3499 1076 3568; x_wconf 85' lang='lat' dir='ltr'><strong>Lege</strong></span> <span class='ocrx_word' id='word_1_461' title='bbox 1088 3499 1198 3568; x_wconf 84' lang='lat' dir='ltr'><strong>Aquilia</strong></span> <span class='ocrx_word' id='word_1_462' title='bbox 1209 3499 1255 3568; x_wconf 83' lang='lat' dir='ltr'><strong>agi</strong></span> <span class='ocrx_word' id='word_1_463' title='bbox 1272 3502 1364 3570; x_wconf 85' lang='lat' dir='ltr'><strong>potest</strong></span> <span class='ocrx_word' id='word_1_464' title='bbox 1382 3504 1411 3552; x_wconf 88' lang='lat' dir='ltr'><strong>et</strong></span> <span class='ocrx_word' id='word_1_465' title='bbox 1429 3501 1525 3553; x_wconf 86' lang='lat' dir='ltr'><strong>sanato</strong></span> <span class='ocrx_word' id='word_1_466' title='bbox 1544 3495 1709 3584; x_wconf 50' lang='lat' dir='ltr'><strong>[QTQ</strong></span> <span class='ocrx_word' id='word_1_467' title='bbox 1819 3492 1827 3508; x_wconf 58' lang='lat'><strong>&#39;¹</strong></span> 
     </span>
     <span class='ocr_line' id='line_1_38' title="bbox 237 3576 1827 3657; baseline 0.003 -15"><span class='ocrx_word' id='word_1_468' title='bbox 237 3585 412 3642; x_wconf 79' lang='lat' dir='ltr'><strong>auidnersto</strong></span> <span class='ocrx_word' id='word_1_469' title='bbox 430 3602 519 3642; x_wconf 89' lang='lat' dir='ltr'><strong>seruo.</strong></span> <span class='ocrx_word' id='word_1_470' title='bbox 546 3586 576 3642; x_wconf 87' lang='lat' dir='ltr'><strong>si</strong></span> <span class='ocrx_word' id='word_1_471' title='bbox 594 3602 685 3641; x_wconf 88' lang='lat' dir='ltr'><strong>meum</strong></span> <span class='ocrx_word' id='word_1_472' title='bbox 703 3601 821 3654; x_wconf 85' lang='lat' dir='ltr'><strong>seruum,</strong></span> <span class='ocrx_word' id='word_1_473' title='bbox 841 3601 903 3641; x_wconf 87' lang='lat' dir='ltr'><strong>cum</strong></span> <span class='ocrx_word' id='word_1_474' title='bbox 920 3585 1034 3641; x_wconf 83' lang='lat' dir='ltr'><strong>liberum</strong></span> <span class='ocrx_word' id='word_1_475' title='bbox 1053 3591 1171 3656; x_wconf 90' lang='lat' dir='ltr'><strong>putares,</strong></span> <span class='ocrx_word' id='word_1_476' title='bbox 1190 3587 1331 3657; x_wconf 85' lang='lat' dir='ltr'><strong>occideris,</strong></span> <span class='ocrx_word' id='word_1_477' title='bbox 1349 3587 1410 3656; x_wconf 88' lang='lat' dir='ltr'><strong>lege</strong></span> <span class='ocrx_word' id='word_1_478' title='bbox 1428 3586 1540 3656; x_wconf 80' lang='lat' dir='ltr'><strong>Aquilia</strong></span> <span class='ocrx_word' id='word_1_479' title='bbox 1556 3576 1711 3646; x_wconf 52' lang='lat' dir='ltr'><strong>tenebo-&#39;rna</strong></span> <span class='ocrx_word' id='word_1_480' title='bbox 1826 3589 1827 3596; x_wconf 74' lang='grc'>’</span> 
     </span>
    </p>
   </div>
   <div class='ocr_carea' id='block_1_3' title="bbox 237 3673 1826 3834">
    <p class='ocr_par' dir='ltr' id='par_1_3' title="bbox 237 3673 1826 3834">
     <span class='ocr_line' id='line_1_39' title="bbox 237 3673 1826 3748; baseline 0.003 -18"><span class='ocrx_word' id='word_1_481' title='bbox 237 3686 251 3730; x_wconf 84' lang='lat' dir='ltr'><strong>a</strong></span> <span class='ocrx_word' id='word_1_482' title='bbox 270 3673 339 3729; x_wconf 83' lang='lat' dir='ltr'><strong>Cum</strong></span> <span class='ocrx_word' id='word_1_483' title='bbox 358 3679 508 3730; x_wconf 86' lang='lat' dir='ltr'><strong>stramenta</strong></span> <span class='ocrx_word' id='word_1_484' title='bbox 524 3675 650 3730; x_wconf 87' lang='lat' dir='ltr'><strong>ardentia</strong></span> <span class='ocrx_word' id='word_1_485' title='bbox 662 3675 829 3731; x_wconf 88' lang='lat' dir='ltr'><strong>transilirent</strong></span> <span class='ocrx_word' id='word_1_486' title='bbox 840 3674 903 3746; x_wconf 90' lang='lat' dir='ltr'><strong>duo,</strong></span> <span class='ocrx_word' id='word_1_487' title='bbox 922 3677 1117 3730; x_wconf 85' lang='lat' dir='ltr'><strong>concurrerunt</strong></span> <span class='ocrx_word' id='word_1_488' title='bbox 1134 3674 1269 3746; x_wconf 88' lang='lat' dir='ltr'><strong>amboque</strong></span> <span class='ocrx_word' id='word_1_489' title='bbox 1287 3675 1444 3731; x_wconf 86' lang='lat' dir='ltr'><strong>ceciderunt</strong></span> <span class='ocrx_word' id='word_1_490' title='bbox 1461 3681 1490 3731; x_wconf 88' lang='lat' dir='ltr'><strong>et</strong></span> <span class='ocrx_word' id='word_1_491' title='bbox 1507 3677 1576 3733; x_wconf 87' lang='lat' dir='ltr'><strong>alter</strong></span> <span class='ocrx_word' id='word_1_492' title='bbox 1592 3675 1711 3734; x_wconf 85' lang='lat' dir='ltr'><strong>flamma</strong></span> <span class='ocrx_word' id='word_1_493' title='bbox 1825 3745 1826 3748; x_wconf 7' lang='grc' dir='ltr'><strong>Ἴ</strong></span> 
     </span>
     <span class='ocr_line' id='line_1_40' title="bbox 271 3761 1826 3834; baseline 0.006 -20"><span class='ocrx_word' id='word_1_494' title='bbox 271 3761 454 3834; x_wconf 60' lang='lat' dir='ltr'><strong>rmum</strong></span> <span class='ocrx_word' id='word_1_495' title='bbox 1825 3767 1826 3778; x_wconf 53' lang='lat'>¹</span> 
     </span>
    </p>
   </div>
   <div class='ocr_carea' id='block_1_4' title="bbox 270 3859 1826 4024">
    <p class='ocr_par' dir='ltr' id='par_1_4' title="bbox 270 3859 1826 4024">
     <span class='ocr_line' id='line_1_41' title="bbox 270 3859 1826 4024; baseline 0.003 -83"><span class='ocrx_word' id='word_1_496' title='bbox 270 3885 409 4024; x_wconf 43' lang='lat' dir='ltr'><strong>zibitffgm]</strong></span> <span class='ocrx_word' id='word_1_497' title='bbox 434 3893 462 3942; x_wconf 89' lang='lat' dir='ltr'><strong>et</strong></span> <span class='ocrx_word' id='word_1_498' title='bbox 483 3884 606 3943; x_wconf 79' lang='lat' dir='ltr'><strong>ibidem?</strong></span> <span class='ocrx_word' id='word_1_499' title='bbox 676 3879 789 3957; x_wconf 67' lang='lat' dir='ltr'><strong>’quedl</strong></span> <span class='ocrx_word' id='word_1_500' title='bbox 812 3887 937 3956; x_wconf 87' lang='lat' dir='ltr'><strong>quamuis</strong></span> <span class='ocrx_word' id='word_1_501' title='bbox 961 3890 1038 3954; x_wconf 77' lang='lat' dir='ltr'><strong>(natta</strong></span> <span class='ocrx_word' id='word_1_502' title='bbox 1058 3886 1241 3959; x_wconf 50' lang='lat' dir='ltr'><strong>pernotatum?</strong></span> <span class='ocrx_word' id='word_1_503' title='bbox 1311 3885 1393 3942; x_wconf 77' lang='lat' dir='ltr'><strong>⁸brae</strong></span> <span class='ocrx_word' id='word_1_504' title='bbox 1417 3888 1533 3958; x_wconf 78' lang='lat' dir='ltr'><strong>sabone]</strong></span> <span class='ocrx_word' id='word_1_505' title='bbox 1557 3889 1712 3946; x_wconf 85' lang='lat' dir='ltr'><strong>interdicto</strong></span> <span class='ocrx_word' id='word_1_506' title='bbox 1824 3859 1826 3930; x_wconf 58' lang='grc' dir='ltr'><strong>Ᾰ</strong></span> 
     </span>
     <span class='ocr_line' id='line_1_42' title="bbox 280 3977 338 4012; baseline -0.034 0"><span class='ocrx_word' id='word_1_507' title='bbox 280 3977 306 4012; x_wconf 80' lang='lat' dir='ltr'><strong>a.</strong></span> <span class='ocrx_word' id='word_1_508' title='bbox 321 3981 338 4012; x_wconf 85' lang='lat' dir='ltr'><strong>t.</strong></span> 
     </span>
    </p>
   </div>
   <div class='ocr_carea' id='block_1_5' title="bbox 1818 2383 1829 2428">
    <p class='ocr_par' dir='ltr' id='par_1_5' title="bbox 1818 2383 1829 2428">
     <span class='ocr_line' id='line_1_43' title="bbox 1818 2383 1829 2428; baseline 0 0"><span class='ocrx_word' id='word_1_509' title='bbox 1818 2383 1829 2428; x_wconf 66' lang='lat' dir='ltr'><strong>i</strong></span> 
     </span>
    </p>
   </div>
   <div class='ocr_carea' id='block_1_6' title="bbox 269 4079 1825 4490">
    <p class='ocr_par' dir='ltr' id='par_1_6' title="bbox 269 4079 1825 4490">
     <span class='ocr_line' id='line_1_44' title="bbox 271 4079 1713 4169; baseline 0.001 -33"><span class='ocrx_word' id='word_1_510' title='bbox 271 4080 376 4149; x_wconf 88' lang='lat' dir='ltr'><strong>lesse]</strong></span> <span class='ocrx_word' id='word_1_511' title='bbox 401 4095 435 4136; x_wconf 82' lang='lat' dir='ltr'><strong>ex</strong></span> <span class='ocrx_word' id='word_1_512' title='bbox 458 4095 488 4136; x_wconf 89' lang='lat' dir='ltr'><strong>se</strong></span> <span class='ocrx_word' id='word_1_513' title='bbox 512 4081 548 4134; x_wconf 81' lang='lat' dir='ltr'><strong>F¹</strong></span> <span class='ocrx_word' id='word_1_514' title='bbox 570 4083 574 4148; x_wconf 95' lang='grc' dir='ltr'>Ι</span> <span class='ocrx_word' id='word_1_515' title='bbox 596 4081 716 4138; x_wconf 81' lang='lat' dir='ltr'><strong>extiterit</strong></span> <span class='ocrx_word' id='word_1_516' title='bbox 730 4081 805 4155; x_wconf 83' lang='lat' dir='ltr'><strong>sPU</strong></span> <span class='ocrx_word' id='word_1_517' title='bbox 828 4143 833 4156; x_wconf 49' lang='grc'><em>,</em></span> <span class='ocrx_word' id='word_1_518' title='bbox 856 4081 873 4136; x_wconf 89' lang='grc'><strong>3</strong></span> <span class='ocrx_word' id='word_1_519' title='bbox 896 4097 958 4137; x_wconf 88' lang='lat' dir='ltr'><strong>con·</strong></span> <span class='ocrx_word' id='word_1_520' title='bbox 1013 4085 1061 4136; x_wconf 88' lang='lat' dir='ltr'><strong>aut</strong></span> <span class='ocrx_word' id='word_1_521' title='bbox 1083 4079 1106 4136; x_wconf 86' lang='lat' dir='ltr'><strong>si</strong></span> <span class='ocrx_word' id='word_1_522' title='bbox 1134 4080 1229 4148; x_wconf 77' lang='lat' dir='ltr'><strong>P·Vl</strong></span> <span class='ocrx_word' id='word_1_523' title='bbox 1253 4081 1372 4152; x_wconf 90' lang='lat' dir='ltr'><strong>quoque]</strong></span> <span class='ocrx_word' id='word_1_524' title='bbox 1399 4097 1526 4154; x_wconf 84' lang='lat' dir='ltr'><strong>equoque</strong></span> <span class='ocrx_word' id='word_1_525' title='bbox 1551 4083 1662 4150; x_wconf 67' lang='lat' dir='ltr'><strong>Nem.</strong></span> <span class='ocrx_word' id='word_1_526' title='bbox 1673 4085 1713 4169; x_wconf 75' lang='lat' dir='ltr'><strong>s)</strong></span> 
     </span>
     <span class='ocr_line' id='line_1_45' title="bbox 270 4149 1712 4222; baseline 0.002 -17"><span class='ocrx_word' id='word_1_527' title='bbox 270 4149 451 4206; x_wconf 86' lang='lat' dir='ltr'><strong>damnationis</strong></span> <span class='ocrx_word' id='word_1_528' title='bbox 463 4151 580 4222; x_wconf 81' lang='lat' dir='ltr'><strong>exactio]</strong></span> <span class='ocrx_word' id='word_1_529' title='bbox 592 4151 880 4220; x_wconf 63' lang='lat' dir='ltr'><strong>condemmtioFVl</strong></span> <span class='ocrx_word' id='word_1_530' title='bbox 896 4169 958 4208; x_wconf 89' lang='lat' dir='ltr'><strong>con·</strong></span> <span class='ocrx_word' id='word_1_531' title='bbox 1014 4151 1047 4208; x_wconf 88' lang='lat'><strong>19</strong></span> <span class='ocrx_word' id='word_1_532' title='bbox 1066 4156 1094 4207; x_wconf 89' lang='lat' dir='ltr'><strong>et</strong></span> <span class='ocrx_word' id='word_1_533' title='bbox 1112 4151 1167 4222; x_wconf 93' lang='lat' dir='ltr'><strong>qui]</strong></span> <span class='ocrx_word' id='word_1_534' title='bbox 1186 4156 1219 4207; x_wconf 90' lang='lat' dir='ltr'><strong>ut</strong></span> <span class='ocrx_word' id='word_1_535' title='bbox 1236 4153 1330 4222; x_wconf 64' lang='lat' dir='ltr'><strong>quil&#39;</strong></span> <span class='ocrx_word' id='word_1_536' title='bbox 1346 4155 1351 4221; x_wconf 90' lang='grc'><strong>1</strong></span> <span class='ocrx_word' id='word_1_537' title='bbox 1367 4168 1415 4208; x_wconf 89' lang='lat' dir='ltr'><strong>eas</strong></span> <span class='ocrx_word' id='word_1_538' title='bbox 1433 4173 1482 4208; x_wconf 85' lang='lat' dir='ltr'><strong>om.</strong></span> <span class='ocrx_word' id='word_1_539' title='bbox 1495 4153 1567 4208; x_wconf 81' lang='lat' dir='ltr'><strong>P⁰V</strong></span> <span class='ocrx_word' id='word_1_540' title='bbox 1603 4155 1640 4210; x_wconf 82' lang='lat'><strong>21</strong></span> <span class='ocrx_word' id='word_1_541' title='bbox 1661 4153 1712 4210; x_wconf 88' lang='lat' dir='ltr'><strong>lrb.</strong></span> 
     </span>
     <span class='ocr_line' id='line_1_46' title="bbox 271 4221 1712 4294; baseline 0.002 -17"><span class='ocrx_word' id='word_1_542' title='bbox 271 4221 337 4277; x_wconf 91' lang='lat' dir='ltr'><strong>ditio</strong></span> <span class='ocrx_word' id='word_1_543' title='bbox 360 4223 488 4278; x_wconf 88' lang='lat' dir='ltr'><strong>continuo</strong></span> <span class='ocrx_word' id='word_1_544' title='bbox 511 4225 632 4279; x_wconf 85' lang='lat' dir='ltr'><strong>extiterit</strong></span> <span class='ocrx_word' id='word_1_545' title='bbox 655 4225 695 4278; x_wconf 83' lang='grc' dir='ltr'><strong>Ρ·</strong></span> <span class='ocrx_word' id='word_1_546' title='bbox 757 4224 887 4294; x_wconf 78' lang='lat' dir='ltr'><strong>bprimo</strong></span> <span class='ocrx_word' id='word_1_547' title='bbox 911 4245 959 4278; x_wconf 70' lang='lat' dir='ltr'><strong>orn.</strong></span> <span class='ocrx_word' id='word_1_548' title='bbox 1013 4224 1079 4280; x_wconf 84' lang='lat' dir='ltr'><strong>xuiii</strong></span> <span class='ocrx_word' id='word_1_549' title='bbox 1096 4223 1178 4278; x_wconf 87' lang='lat' dir='ltr'><strong>PVU</strong></span> <span class='ocrx_word' id='word_1_550' title='bbox 1220 4226 1254 4280; x_wconf 72' lang='grc'><strong>21</strong></span> <span class='ocrx_word' id='word_1_551' title='bbox 1272 4224 1402 4280; x_wconf 88' lang='lat' dir='ltr'><strong>amissum</strong></span> <span class='ocrx_word' id='word_1_552' title='bbox 1414 4223 1472 4280; x_wconf 85' lang='lat' dir='ltr'><strong>PV</strong></span> <span class='ocrx_word' id='word_1_553' title='bbox 1513 4225 1547 4279; x_wconf 83' lang='grc'><strong>29</strong></span> <span class='ocrx_word' id='word_1_554' title='bbox 1566 4225 1653 4280; x_wconf 88' lang='lat' dir='ltr'><strong>etiam</strong></span> <span class='ocrx_word' id='word_1_555' title='bbox 1674 4225 1712 4280; x_wconf 94' lang='lat' dir='ltr'><strong>de</strong></span> 
     </span>
     <span class='ocr_line' id='line_1_47' title="bbox 270 4293 1714 4368; baseline 0.003 -20"><span class='ocrx_word' id='word_1_556' title='bbox 270 4293 330 4356; x_wconf 89' lang='lat' dir='ltr'><strong>PV,</strong></span> <span class='ocrx_word' id='word_1_557' title='bbox 347 4293 416 4348; x_wconf 92' lang='lat' dir='ltr'><strong>libro</strong></span> <span class='ocrx_word' id='word_1_558' title='bbox 434 4293 510 4348; x_wconf 81' lang='lat' dir='ltr'><strong>xxxii</strong></span> <span class='ocrx_word' id='word_1_559' title='bbox 526 4295 580 4348; x_wconf 87' lang='lat' dir='ltr'><strong>LU</strong></span> <span class='ocrx_word' id='word_1_560' title='bbox 621 4294 776 4364; x_wconf 80' lang='lat' dir='ltr'><strong>linibitur]</strong></span> <span class='ocrx_word' id='word_1_561' title='bbox 790 4294 901 4360; x_wconf 61' lang='grc' dir='ltr'><strong>ΜΨ,</strong></span> <span class='ocrx_word' id='word_1_562' title='bbox 919 4295 959 4350; x_wconf 89' lang='lat' dir='ltr'><strong>in·</strong></span> <span class='ocrx_word' id='word_1_563' title='bbox 1013 4293 1179 4350; x_wconf 85' lang='lat' dir='ltr'><strong>baoaotione</strong></span> <span class='ocrx_word' id='word_1_564' title='bbox 1193 4293 1306 4363; x_wconf 87' lang='lat' dir='ltr'><strong>quodni</strong></span> <span class='ocrx_word' id='word_1_565' title='bbox 1318 4299 1367 4350; x_wconf 86' lang='lat' dir='ltr'><strong>aut</strong></span> <span class='ocrx_word' id='word_1_566' title='bbox 1378 4295 1456 4365; x_wconf 87' lang='lat' dir='ltr'><strong>clam]</strong></span> <span class='ocrx_word' id='word_1_567' title='bbox 1468 4295 1714 4368; x_wconf 75' lang='lat' dir='ltr'><strong>probassetioue</strong></span> 
     </span>
     <span class='ocr_line' id='line_1_48' title="bbox 269 4363 1825 4490; baseline 0.004 -72"><span class='ocrx_word' id='word_1_568' title='bbox 269 4363 372 4419; x_wconf 83' lang='lat' dir='ltr'><strong>bibitur</strong></span> <span class='ocrx_word' id='word_1_569' title='bbox 390 4363 499 4428; x_wconf 63' lang='grc' dir='ltr'><strong>ΡΜ,</strong></span> <span class='ocrx_word' id='word_1_570' title='bbox 518 4363 654 4420; x_wconf 85' lang='lat' dir='ltr'><strong>inhibetur</strong></span> <span class='ocrx_word' id='word_1_571' title='bbox 662 4365 758 4490; x_wconf 34' lang='lat' dir='ltr'><strong>{P&#39;V</strong></span> <span class='ocrx_word' id='word_1_572' title='bbox 804 4365 959 4435; x_wconf 72' lang='lat' dir='ltr'><strong>behiro&#39;p&#39;·</strong></span> <span class='ocrx_word' id='word_1_573' title='bbox 1013 4373 1124 4438; x_wconf 76' lang='lat' dir='ltr'><strong>expectes</strong></span> <span class='ocrx_word' id='word_1_574' title='bbox 1142 4365 1298 4422; x_wconf 84' lang='lat' dir='ltr'><strong>interdicto:</strong></span> <span class='ocrx_word' id='word_1_575' title='bbox 1318 4365 1340 4420; x_wconf 85' lang='lat' dir='ltr'><strong>ei</strong></span> <span class='ocrx_word' id='word_1_576' title='bbox 1359 4366 1389 4420; x_wconf 67' lang='grc' dir='ltr'><strong>δὲ</strong></span> <span class='ocrx_word' id='word_1_577' title='bbox 1407 4367 1445 4420; x_wconf 77' lang='lat' dir='ltr'><strong>sai</strong></span> <span class='ocrx_word' id='word_1_578' title='bbox 1466 4367 1648 4423; x_wconf 77' lang='lat' dir='ltr'><strong>seruorousices</strong></span> <span class='ocrx_word' id='word_1_579' title='bbox 1671 4387 1715 4424; x_wconf 80' lang='lat' dir='ltr'><strong>ric</strong></span> <span class='ocrx_word' id='word_1_580' title='bbox 1824 4389 1825 4392; x_wconf 48' lang='lat'>¹</span> 
     </span>
    </p>
   </div>
   <div class='ocr_carea' id='block_1_7' title="bbox 270 4433 1718 5074">
    <p class='ocr_par' dir='ltr' id='par_1_7' title="bbox 270 4433 1718 5074">
     <span class='ocr_line' id='line_1_49' title="bbox 270 4433 1714 4524; baseline 0.002 -35"><span class='ocrx_word' id='word_1_581' title='bbox 270 4433 421 4505; x_wconf 72' lang='lat' dir='ltr'><strong>graphaF³</strong></span> <span class='ocrx_word' id='word_1_582' title='bbox 458 4436 605 4504; x_wconf 76' lang='lat' dir='ltr'><strong>inpositas</strong></span> <span class='ocrx_word' id='word_1_583' title='bbox 614 4437 654 4492; x_wconf 89' lang='lat' dir='ltr'><strong>P·</strong></span> <span class='ocrx_word' id='word_1_584' title='bbox 699 4436 886 4505; x_wconf 64' lang='lat' dir='ltr'><strong>{delebant</strong></span> <span class='ocrx_word' id='word_1_585' title='bbox 896 4441 900 4502; x_wconf 91' lang='grc' dir='ltr'>Ι</span> <span class='ocrx_word' id='word_1_586' title='bbox 916 4435 960 4492; x_wconf 88' lang='lat' dir='ltr'><strong>uel</strong></span> <span class='ocrx_word' id='word_1_587' title='bbox 1013 4433 1268 4504; x_wconf 68' lang='grc' dir='ltr'>ΑῨῐοῨεέκτοιοῨτῳ</span> <span class='ocrx_word' id='word_1_588' title='bbox 1282 4437 1369 4524; x_wconf 62' lang='lat' dir='ltr'><strong>ratfrit,</strong></span> <span class='ocrx_word' id='word_1_589' title='bbox 1384 4437 1422 4492; x_wconf 74' lang='lat' dir='ltr'><strong>sai</strong></span> <span class='ocrx_word' id='word_1_590' title='bbox 1436 4437 1509 4500; x_wconf 83' lang='grc' dir='ltr'>οῨτω</span> <span class='ocrx_word' id='word_1_591' title='bbox 1522 4439 1653 4508; x_wconf 59' lang='grc' dir='ltr'><strong>κατέχεται</strong></span> <span class='ocrx_word' id='word_1_592' title='bbox 1670 4439 1714 4508; x_wconf 78' lang='grc' dir='ltr'><strong>τῷ</strong></span> 
     </span>
     <span class='ocr_line' id='line_1_50' title="bbox 270 4505 1716 4590; baseline 0.002 -29"><span class='ocrx_word' id='word_1_593' title='bbox 270 4523 297 4576; x_wconf 92' lang='lat' dir='ltr'><strong>p.</strong></span> <span class='ocrx_word' id='word_1_594' title='bbox 310 4524 336 4576; x_wconf 93' lang='lat' dir='ltr'><strong>p.</strong></span> <span class='ocrx_word' id='word_1_595' title='bbox 349 4506 448 4588; x_wconf 76' lang='lat' dir='ltr'><strong>legerit</strong></span> <span class='ocrx_word' id='word_1_596' title='bbox 463 4525 512 4560; x_wconf 86' lang='lat' dir='ltr'><strong>om.</strong></span> <span class='ocrx_word' id='word_1_597' title='bbox 524 4507 564 4560; x_wconf 76' lang='lat' dir='ltr'><strong>P0</strong></span> <span class='ocrx_word' id='word_1_598' title='bbox 610 4509 642 4562; x_wconf 77' lang='lat'><strong>12</strong></span> <span class='ocrx_word' id='word_1_599' title='bbox 660 4505 961 4590; x_wconf 60' lang='lat' dir='ltr'><strong>infactum1aanalitss</strong></span> <span class='ocrx_word' id='word_1_600' title='bbox 1001 4507 1086 4576; x_wconf 81' lang='lat' dir='ltr'><strong>quod</strong></span> <span class='ocrx_word' id='word_1_601' title='bbox 1110 4508 1138 4562; x_wconf 92' lang='lat' dir='ltr'><strong>ui</strong></span> <span class='ocrx_word' id='word_1_602' title='bbox 1160 4513 1208 4562; x_wconf 88' lang='lat' dir='ltr'><strong>aut</strong></span> <span class='ocrx_word' id='word_1_603' title='bbox 1230 4509 1308 4590; x_wconf 51' lang='lat' dir='ltr'><strong>clama</strong></span> <span class='ocrx_word' id='word_1_604' title='bbox 1325 4509 1475 4590; x_wconf 65' lang='lat' dir='ltr'><strong>inrepsisse)</strong></span> <span class='ocrx_word' id='word_1_605' title='bbox 1494 4509 1542 4564; x_wconf 82' lang='lat' dir='ltr'><strong>RS</strong></span> <span class='ocrx_word' id='word_1_606' title='bbox 1560 4511 1716 4590; x_wconf 60' lang='lat' dir='ltr'><strong>(Ilorott),</strong></span> 
     </span>
     <span class='ocr_line' id='line_1_51' title="bbox 273 4575 1716 4660; baseline 0.003 -28"><span class='ocrx_word' id='word_1_607' title='bbox 273 4577 383 4660; x_wconf 64' lang='lat' dir='ltr'><strong>Graeci:</strong></span> <span class='ocrx_word' id='word_1_608' title='bbox 395 4597 431 4659; x_wconf 60' lang='grc' dir='ltr'><strong>κτῳ</strong></span> <span class='ocrx_word' id='word_1_609' title='bbox 452 4575 597 4660; x_wconf 66' lang='lat' dir='ltr'><strong>iuodsrosu</strong></span> <span class='ocrx_word' id='word_1_610' title='bbox 617 4579 663 4632; x_wconf 85' lang='lat' dir='ltr'><strong>BS</strong></span> <span class='ocrx_word' id='word_1_611' title='bbox 676 4579 798 4640; x_wconf 78' lang='lat' dir='ltr'><strong>(Dorotl.</strong></span> <span class='ocrx_word' id='word_1_612' title='bbox 810 4577 910 4648; x_wconf 72' lang='lat' dir='ltr'><strong>aebli),</strong></span> <span class='ocrx_word' id='word_1_613' title='bbox 927 4598 958 4648; x_wconf 76' lang='lat' dir='ltr'><strong>sp</strong></span> <span class='ocrx_word' id='word_1_614' title='bbox 1013 4577 1045 4631; x_wconf 86' lang='lat' dir='ltr'><strong>rb</strong></span> <span class='ocrx_word' id='word_1_615' title='bbox 1063 4577 1128 4640; x_wconf 71' lang='grc' dir='ltr'><strong>ΑῩτὸ</strong></span> <span class='ocrx_word' id='word_1_616' title='bbox 1145 4579 1184 4632; x_wconf 76' lang='lat' dir='ltr'><strong>usi</strong></span> <span class='ocrx_word' id='word_1_617' title='bbox 1204 4581 1259 4650; x_wconf 77' lang='grc' dir='ltr'><strong>περὶ</strong></span> <span class='ocrx_word' id='word_1_618' title='bbox 1279 4597 1327 4634; x_wconf 81' lang='lat' dir='ltr'><strong>rac</strong></span> <span class='ocrx_word' id='word_1_619' title='bbox 1344 4577 1447 4644; x_wconf 61' lang='lat' dir='ltr'><strong>ircosus</strong></span> <span class='ocrx_word' id='word_1_620' title='bbox 1461 4622 1466 4632; x_wconf 93' lang='lat'>.</span> <span class='ocrx_word' id='word_1_621' title='bbox 1478 4621 1502 4634; x_wconf 85' lang='lat'><strong>..</strong></span> <span class='ocrx_word' id='word_1_622' title='bbox 1516 4581 1554 4634; x_wconf 79' lang='lat' dir='ltr'><strong>sai</strong></span> <span class='ocrx_word' id='word_1_623' title='bbox 1568 4599 1616 4636; x_wconf 77' lang='lat' dir='ltr'><strong>nuc</strong></span> <span class='ocrx_word' id='word_1_624' title='bbox 1628 4579 1716 4636; x_wconf 70' lang='lat' dir='ltr'><strong>unias</strong></span> 
     </span>
     <span class='ocr_line' id='line_1_52' title="bbox 271 4645 1717 4721; baseline 0.004 -21"><span class='ocrx_word' id='word_1_625' title='bbox 271 4645 356 4718; x_wconf 63' lang='lat' dir='ltr'><strong>&amp;suasu</strong></span> <span class='ocrx_word' id='word_1_626' title='bbox 375 4667 406 4718; x_wconf 70' lang='lat' dir='ltr'><strong>rs</strong></span> <span class='ocrx_word' id='word_1_627' title='bbox 425 4647 457 4702; x_wconf 88' lang='grc' dir='ltr'><strong>τὸ</strong></span> <span class='ocrx_word' id='word_1_628' title='bbox 475 4657 581 4710; x_wconf 63' lang='lat' dir='ltr'><strong>lintona</strong></span> <span class='ocrx_word' id='word_1_629' title='bbox 600 4647 739 4720; x_wconf 66' lang='lat' dir='ltr'><strong>instratos</strong></span> <span class='ocrx_word' id='word_1_630' title='bbox 759 4653 797 4714; x_wconf 80' lang='lat' dir='ltr'><strong>(ut</strong></span> <span class='ocrx_word' id='word_1_631' title='bbox 811 4652 874 4704; x_wconf 82' lang='lat' dir='ltr'><strong>solet</strong></span> <span class='ocrx_word' id='word_1_632' title='bbox 885 4649 959 4704; x_wconf 85' lang='lat' dir='ltr'><strong>Ano·</strong></span> <span class='ocrx_word' id='word_1_633' title='bbox 1015 4649 1055 4720; x_wconf 71' lang='lat' dir='ltr'><strong>liis</strong></span> <span class='ocrx_word' id='word_1_634' title='bbox 1075 4649 1089 4702; x_wconf 81' lang='lat' dir='ltr'><strong>is</strong></span> <span class='ocrx_word' id='word_1_635' title='bbox 1108 4650 1189 4721; x_wconf 69' lang='lat' dir='ltr'><strong>adeps</strong></span> <span class='ocrx_word' id='word_1_636' title='bbox 1212 4669 1251 4704; x_wconf 85' lang='lat' dir='ltr'><strong>nc</strong></span> <span class='ocrx_word' id='word_1_637' title='bbox 1275 4648 1372 4704; x_wconf 61' lang='lat' dir='ltr'><strong>nostres</strong></span> <span class='ocrx_word' id='word_1_638' title='bbox 1393 4649 1418 4704; x_wconf 87' lang='grc' dir='ltr'><em>Β</em></span> <span class='ocrx_word' id='word_1_639' title='bbox 1437 4651 1545 4718; x_wconf 81' lang='lat' dir='ltr'><strong>(Aaou.)</strong></span> <span class='ocrx_word' id='word_1_640' title='bbox 1597 4652 1634 4706; x_wconf 83' lang='grc'><strong>30</strong></span> <span class='ocrx_word' id='word_1_641' title='bbox 1655 4651 1717 4709; x_wconf 73' lang='lat' dir='ltr'><strong>aab</strong></span> 
     </span>
     <span class='ocr_line' id='line_1_53' title="bbox 270 4703 1718 4805; baseline 0.006 -33"><span class='ocrx_word' id='word_1_642' title='bbox 270 4739 288 4772; x_wconf 84' lang='lat' dir='ltr'><strong>a</strong></span> <span class='ocrx_word' id='word_1_643' title='bbox 306 4723 633 4804; x_wconf 31' lang='lat' dir='ltr'><strong>mustnfactumuacttonem</strong></span> <span class='ocrx_word' id='word_1_644' title='bbox 641 4720 807 4792; x_wconf 80' lang='lat' dir='ltr'><strong>Aquilianam</strong></span> <span class='ocrx_word' id='word_1_645' title='bbox 816 4721 960 4792; x_wconf 69' lang='lat' dir='ltr'><strong>designare)</strong></span> <span class='ocrx_word' id='word_1_646' title='bbox 1012 4719 1149 4776; x_wconf 83' lang='lat' dir='ltr'><strong>hereditas</strong></span> <span class='ocrx_word' id='word_1_647' title='bbox 1167 4703 1194 4773; x_wconf 61' lang='lat' dir='ltr'><em>F</em></span> <span class='ocrx_word' id='word_1_648' title='bbox 1206 4723 1266 4788; x_wconf 81' lang='lat' dir='ltr'><strong>(em.</strong></span> <span class='ocrx_word' id='word_1_649' title='bbox 1296 4732 1319 4790; x_wconf 73' lang='lat' dir='ltr'><strong>l,</strong></span> <span class='ocrx_word' id='word_1_650' title='bbox 1340 4736 1373 4776; x_wconf 81' lang='lat' dir='ltr'><strong>aa</strong></span> <span class='ocrx_word' id='word_1_651' title='bbox 1391 4719 1569 4805; x_wconf 75' lang='lat' dir='ltr'><strong>hereditasL</strong></span> <span class='ocrx_word' id='word_1_652' title='bbox 1621 4723 1663 4778; x_wconf 81' lang='lat'><strong>36</strong></span> <span class='ocrx_word' id='word_1_653' title='bbox 1685 4730 1718 4780; x_wconf 78' lang='lat' dir='ltr'><strong>et</strong></span> 
     </span>
     <span class='ocr_line' id='line_1_54' title="bbox 271 4741 1717 4920; baseline 0.004 -5"><span class='ocrx_word' id='word_1_654' title='bbox 271 4741 655 4916; x_wconf 57' lang='lat' dir='ltr'><strong>itte-linunt</strong></span> <span class='ocrx_word' id='word_1_655' title='bbox 844 4788 960 4915; x_wconf 52' lang='lat' dir='ltr'><strong>Pit*</strong></span> <span class='ocrx_word' id='word_1_656' title='bbox 1014 4795 1109 4915; x_wconf 70' lang='lat' dir='ltr'><strong>ru</strong></span> <span class='ocrx_word' id='word_1_657' title='bbox 1127 4791 1270 4920; x_wconf 55' lang='lat' dir='ltr'><strong>idn</strong></span> <span class='ocrx_word' id='word_1_658' title='bbox 1306 4795 1442 4918; x_wconf 69' lang='lat' dir='ltr'><strong>neu</strong></span> <span class='ocrx_word' id='word_1_659' title='bbox 1459 4793 1608 4920; x_wconf 65' lang='lat' dir='ltr'><strong>tica</strong></span> <span class='ocrx_word' id='word_1_660' title='bbox 1626 4797 1717 4920; x_wconf 68' lang='lat' dir='ltr'><strong>se</strong></span> 
     </span>
     <span class='ocr_line' id='line_1_55' title="bbox 271 4863 1716 5011; baseline 0.001 -23"><span class='ocrx_word' id='word_1_661' title='bbox 271 4877 373 4988; x_wconf 41' lang='lat' dir='ltr'><strong>iffrltiP</strong></span> <span class='ocrx_word' id='word_1_662' title='bbox 406 4933 438 4988; x_wconf 84' lang='lat' dir='ltr'><strong>li</strong></span> <span class='ocrx_word' id='word_1_663' title='bbox 451 4876 569 5002; x_wconf 59' lang='lat' dir='ltr'><strong>oessodb</strong></span> <span class='ocrx_word' id='word_1_664' title='bbox 578 4951 625 4986; x_wconf 85' lang='lat' dir='ltr'><strong>am.</strong></span> <span class='ocrx_word' id='word_1_665' title='bbox 633 4878 701 4988; x_wconf 69' lang='lat' dir='ltr'><strong>pum</strong></span> <span class='ocrx_word' id='word_1_666' title='bbox 709 4935 743 4988; x_wconf 84' lang='lat'><strong>18</strong></span> <span class='ocrx_word' id='word_1_667' title='bbox 755 4933 820 5002; x_wconf 87' lang='lat' dir='ltr'><strong>quis</strong></span> <span class='ocrx_word' id='word_1_668' title='bbox 832 4875 961 5011; x_wconf 43' lang='lat' dir='ltr'><strong>difusa?</strong></span> <span class='ocrx_word' id='word_1_669' title='bbox 1013 4878 1222 4990; x_wconf 49' lang='lat' dir='ltr'><strong>dlgeiuerumn?</strong></span> <span class='ocrx_word' id='word_1_670' title='bbox 1267 4877 1330 4918; x_wconf 63' lang='lat' dir='ltr'><strong>men</strong></span> <span class='ocrx_word' id='word_1_671' title='bbox 1443 4863 1449 4932; x_wconf 70' lang='grc'><strong>1</strong></span> <span class='ocrx_word' id='word_1_672' title='bbox 1519 4869 1611 4920; x_wconf 60' lang='lat' dir='ltr'><strong>enm</strong></span> <span class='ocrx_word' id='word_1_673' title='bbox 1709 4867 1716 4940; x_wconf 74' lang='grc' dir='ltr'>Ι</span> 
     </span>
     <span class='ocr_line' id='line_1_56' title="bbox 272 5003 962 5074; baseline 0.001 -16"><span class='ocrx_word' id='word_1_674' title='bbox 272 5021 322 5058; x_wconf 83' lang='lat' dir='ltr'><strong>ons.</strong></span> <span class='ocrx_word' id='word_1_675' title='bbox 333 5003 421 5073; x_wconf 77' lang='lat' dir='ltr'><strong>P⁶V1</strong></span> <span class='ocrx_word' id='word_1_676' title='bbox 441 5003 608 5060; x_wconf 59' lang='lat' dir='ltr'><strong>resument*</strong></span> <span class='ocrx_word' id='word_1_677' title='bbox 625 5005 662 5058; x_wconf 77' lang='lat' dir='ltr'><strong>F’</strong></span> <span class='ocrx_word' id='word_1_678' title='bbox 682 5003 687 5074; x_wconf 85' lang='grc' dir='ltr'>Ι</span> <span class='ocrx_word' id='word_1_679' title='bbox 708 5004 766 5074; x_wconf 89' lang='lat' dir='ltr'><strong>aut]</strong></span> <span class='ocrx_word' id='word_1_680' title='bbox 790 5003 897 5060; x_wconf 87' lang='lat' dir='ltr'><strong>autem‘</strong></span> <span class='ocrx_word' id='word_1_681' title='bbox 914 5003 962 5072; x_wconf 70' lang='lat' dir='ltr'><strong>P,</strong></span> 
     </span>
    </p>
   </div>
   <div class='ocr_carea' id='block_1_8' title="bbox 0 0 1845 5570">
    <p class='ocr_par' dir='ltr' id='par_1_8' title="bbox 0 0 1845 5570">
     <span class='ocr_line' id='line_1_57' title="bbox 0 0 1845 5570; baseline 0 0"><span class='ocrx_word' id='word_1_682' title='bbox 0 0 1845 5570; x_wconf 95' lang='lat' dir='ltr'><strong> </strong></span> 
     </span>
    </p>
   </div>
  </div>
 </body>
</html>
