3734 5578
292 245 395 312 xxvi
416 247 436 312 2
454 253 550 307 4-11
963 244 988 323 7
993 241 1050 325 48
1372 267 1419 316 na
1440 265 1720 316 caersummma

292 407 336 458 est
354 407 436 474 tutor,
455 403 603 474 oportebit,
623 419 685 459 cum
704 420 722 459 a
738 410 817 475 patre
835 406 931 476 datus,
952 407 1078 476 quamuis
1097 406 1186 461 minus
1204 407 1263 461 iure
1280 405 1362 461 datus
1379 405 1429 476 sit,
1453 411 1546 460 umen
1563 405 1623 459 sins
1640 404 1720 474 inqui·

292 492 390 547 sitione
409 491 596 563 confirmatur,
616 493 668 547 nisi
687 494 711 547 si
729 509 826 562 cansa,
843 500 956 565 propter
974 510 1055 564 quam
1074 495 1155 550 datus
1174 494 1332 565 uidebatur,
1352 494 1381 549 in
1399 509 1433 549 eo
1451 497 1557 548 mutata
1575 493 1625 564 sit,
1642 494 1722 548 ueluti

292 581 316 635 si
335 596 369 635 ex
388 581 475 636 amico
493 582 619 638 inimicus
637 583 682 637 ael
700 597 733 636 ex
752 583 838 638 diuite
855 584 1001 653 pauperior
1018 583 1133 639 effectus
1152 584 1196 638 sit.

255 668 274 727 6
346 669 496 725 Ucamuus
519 668 588 725 libro
610 671 705 741 quinto
729 672 836 727 decimo
860 672 895 727 ad
914 671 1054 727 Sabinum.
1091 671 1121 727 Si
1144 673 1206 741 quis
1229 669 1337 726 filiabus
1361 671 1418 726 suis
1442 671 1487 726 uel
1508 669 1573 726 filiis
1591 667 1722 754 [effi
1752 681 1770 732 s

292 764 397 814 tutores
415 758 535 828 dederit,
560 760 642 815 etiam
661 764 805 832 postumae
823 761 933 816 uidetur
950 761 1074 831 dedisse,
1097 760 1162 830 quia
1179 758 1251 816 filiae
1269 760 1451 830 appellatione
1470 761 1480 830 l
1500 761 1585 816 etiam
1602 767 1724 830 postuma
1739 765 1804 816 troi

293 848 455 903 continetur.
1740 862 1752 901 e

256 935 274 994 6
345 935 422 990 lnnm
439 935 509 990 libro
527 937 668 1006 trigesimo
686 952 757 993 nono
776 938 811 992 ad
824 937 965 993 Sabinum.
996 937 1066 1004 Quid
1086 937 1110 992 si
1121 941 1237 1007 nepotes
1249 937 1324 992 sint?
1341 953 1376 992 an
1388 937 1573 1008 appellatione
1591 933 1725 1022 [Q
1755 945 1782 997 S·

292 1023 408 1079 filiorum
427 1029 456 1078 et
473 1026 540 1094 ipsis
557 1030 662 1080 tutores
680 1026 738 1081 dati
756 1028 818 1096 sint,
837 1027 995 1082 uidendum.
1023 1031 1052 1080 et
1070 1026 1158 1095 magis
1176 1031 1226 1096 est,
1245 1031 1277 1080 nt
1294 1026 1361 1096 ipsis
1378 1041 1487 1096 quoqne
1505 1026 1563 1081 dati
1575 1027 1725 1096 uideantrr,

293 1113 316 1168 si
335 1113 417 1168 modo
434 1113 535 1168 liberos
553 1114 636 1168 dixit:
655 1120 775 1170 ceterum
795 1116 817 1170 ei
836 1114 915 1184 lilios,
934 1130 989 1170 non
1007 1113 1231 1170 continebuntur:
1254 1115 1334 1170 aliter
1352 1116 1423 1170 enim
1441 1114 1498 1186 lilii,
1516 1116 1597 1170 aliter
1614 1122 1726 1186 nepotes

293 1202 472 1273 appellantur.
499 1203 580 1271 plane
598 1203 622 1257 si
640 1205 774 1274 postumis
792 1204 912 1273 dederit,
930 1209 987 1259 tam
1005 1202 1053 1258 filii
1071 1204 1191 1274 postumi
1209 1219 1292 1273 quam
1311 1204 1395 1259 ceteri
1412 1203 1490 1258 hheri
1508 1204 1727 1260 continebuntur.
1744 1217 1767 1257 ro

257 1291 274 1349 7
347 1292 465 1345 qunue
483 1289 551 1346 lihro
570 1293 650 1347 tertio
670 1293 704 1346 sd
724 1292 864 1347 Sabinum.
895 1293 1013 1348 Tutores
1025 1307 1079 1347 uon
1092 1290 1127 1346 ah
1140 1291 1248 1363 herede,
1268 1292 1317 1347 ssd
1332 1297 1493 1348 atestatore
1510 1308 1573 1363 pro
1593 1290 1727 1377 [Q
1755 1299 1772 1352 8

293 1379 367 1434 tinus
385 1377 605 1450 proficiscuntur,
631 1381 812 1451 simulatque
836 1381 934 1451 aliquis
958 1381 1037 1435 heres
1061 1381 1226 1436 exstitisset:
1251 1397 1314 1436 nam
1339 1385 1367 1436 et
1388 1382 1448 1451 ipse
1471 1381 1551 1437 heres
1574 1387 1651 1438 tutor
1672 1383 1729 1438 dari

293 1474 385 1539 potest
403 1475 431 1523 st
448 1474 643 1538 postmortem
662 1469 770 1525 heredis
788 1475 862 1525 tutor
879 1476 954 1525 recte
972 1470 1031 1524 dari
1048 1473 1149 1540 potest.

256 1553 275 1611 8
347 1557 497 1612 Unrmuus
515 1556 583 1613 libro
601 1559 732 1614 uicesimo
750 1563 848 1629 quarto
867 1559 903 1613 ad
921 1557 1061 1614 Sabinum.
1096 1558 1184 1613 Tutor
1206 1558 1287 1613 datus
1311 1558 1399 1614 uetari
1419 1563 1494 1613 tutor
1510 1573 1574 1614 esse
1592 1553 1729 1642 Q
1757 1565 1775 1619 S

261 1653 273 1699 1
293 1651 386 1716 potest
402 1646 447 1700 uel
464 1650 631 1702 testamento
649 1648 694 1702 uel
712 1647 852 1702 codicillis.
889 1646 944 1703 Sed
962 1649 986 1702 si
1003 1647 1055 1703 sub
1078 1646 1239 1702 condicione
1263 1645 1346 1702 fuerit
1367 1651 1443 1702 tutor
1465 1646 1562 1716 datus,
1587 1647 1730 1703 deficiente
1746 1661 1770 1701 rs

260 1742 275 1786 a
293 1735 453 1790 condicione
471 1739 545 1790 tutor
563 1750 617 1790 non
635 1736 713 1790 erit¹.
749 1736 880 1790 Tutorem
899 1740 991 1790 autem
1010 1740 1040 1791 et
1057 1752 1074 1790 s
1092 1741 1166 1792 certo
1184 1741 1307 1806 tempore
1325 1735 1391 1790 dare
1414 1739 1443 1790 et
1465 1751 1553 1805 usqne
1571 1736 1609 1790 ad
1628 1743 1730 1792 certum

261 1827 403 1895 etampus
425 1824 490 1878 licet
513 1829 541 1878 et
564 1823 615 1879 sub
639 1824 799 1879 condicione
828 1828 856 1879 et
883 1840 971 1894 usque
1001 1825 1036 1879 ad
1062 1824 1258 1880 condicionem.
1299 1825 1332 1878 In
1353 1825 1453 1880 tutoris
1476 1823 1617 1880 dadonem
1640 1832 1730 1880 utrum

293 1913 433 1967 leuissima
450 1911 575 1967 condicio
593 1928 628 1967 an
646 1913 809 1983 nouissima,
829 1918 859 1967 ut
876 1913 905 1967 in
921 1913 1023 1982 legato,
1042 1913 1193 1984 spectanda
1210 1913 1272 1969 est?
1295 1917 1327 1968 ut
1348 1917 1417 1983 puta
1434 1912 1531 1968 ''litius
1550 1929 1614 1968 cum
1632 1916 1731 1983 poterit

293 1999 376 2056 ‘tutor
389 1999 469 2055 esto':
490 1999 587 2056 'Titius
600 2001 713 2056 sinaris
727 2017 762 2056 ex
773 2001 842 2056 Asia
853 2002 960 2056 uenerit
970 2005 1046 2056 tutor
1058 2001 1134 2058 estc'.
1161 2008 1191 2058 et
1202 2002 1321 2058 lulianus
1335 2001 1404 2058 libro
1416 2003 1548 2058 uicesimo
1560 2002 1731 2073 digestorum

293 2093 367 2145 recte
386 2089 495 2158 scripsit
512 2090 688 2145 nouissimam
707 2091 869 2159 scripturam
888 2105 949 2144 esse
967 2090 1155 2159 spectandam.
1748 2106 1772 2146 rc

256 2175 275 2233 9
346 2179 518 2233 Pomoams
540 2177 608 2234 libro
631 2180 714 2233 tertio
737 2179 774 2233 ad
797 2179 926 2244 Quintum
948 2179 1076 2234 hlucium.
1119 2179 1147 2235 Si
1171 2194 1251 2235 nemo
1268 2177 1449 2234 hereditatem
1467 2177 1574 2250 adierit,
1607 2192 1732 2249 metae
1748 2187 1784 2242 'B

293 2265 361 2320 nihil
377 2267 453 2321 ualet
470 2280 504 2322 ex
522 2265 573 2336 his,
592 2282 662 2336 quac
681 2273 846 2323 testammto
864 2268 967 2338 scripta
985 2272 1061 2323 sunt:
1085 2269 1109 2323 si
1126 2283 1193 2324 uero
1211 2283 1281 2324 nnus
1299 2266 1476 2338 expluribus
1495 2267 1608 2339 adierit,
1630 2258 1732 2326 tutelae

294 2354 387 2410 statim
404 2355 499 2409 ualent
515 2371 566 2410 nec
585 2356 800 2425 exspectandum
819 2356 878 2426 crit,
897 2361 929 2411 ut
945 2371 1040 2412 omnes
1058 2355 1237 2412 hereditatem
1257 2357 1367 2413 adeant.

238 2441 277 2500 10
347 2443 498 2500 Unrrauus
516 2443 585 2500 lihro
602 2446 742 2515 trigesimo
760 2449 840 2500 sexto
858 2445 894 2500 ad
912 2442 1053 2501 Sabinum.
1090 2444 1119 2501 Si
1137 2445 1274 2502 hereditas
1296 2445 1416 2500 nondum
1435 2445 1512 2500 adita
1528 2447 1573 2516 sit,
1593 2442 1732 2532 Q
1760 2455 1778 2509 s

294 2546 330 2587 ex
347 2548 403 2602 qus
420 2537 494 2588 tutor
512 2537 651 2604 speratur,
670 2534 761 2588 uerius
779 2539 823 2588 est
840 2534 923 2589 alium
939 2538 1059 2589 tutorem
1077 2549 1159 2604 posse
1177 2535 1250 2606 dari,
1275 2535 1353 2604 quasi
1374 2534 1494 2590 nondum
1514 2536 1563 2605 sit,
1582 2539 1654 2592 nec²
1673 2554 1733 2609 spe
1750 2549 1773 2590 rs

262 2627 274 2673 1
294 2625 377 2676 retur.
414 2621 445 2675 ln
468 2622 562 2677 tutelis
584 2622 797 2678 testamentariis
819 2622 848 2677 id
871 2622 1010 2692 sequimur
1033 2622 1107 2691 quod
1130 2623 1308 2678 nouissimum
1336 2626 1393 2692 est,
1420 2625 1450 2680 et
1474 2623 1498 2679 si
1522 2626 1636 2695 saepius
1659 2633 1734 2683 tutor

261 2715 276 2761 ι
295 2710 376 2764 datus
394 2710 438 2780 sit,
457 2711 634 2766 nouissimam
653 2711 814 2781 scripturam
833 2711 978 2766 intuemur.
1015 2712 1067 2778 Qui
1084 2710 1169 2769 filium
1189 2717 1218 2767 et
1236 2727 1270 2768 ex
1289 2727 1322 2768 eo
1340 2717 1469 2782 nepotem
1487 2711 1622 2784 habehat,
1644 2717 1671 2771 si
1689 2731 1733 2772 ne

294 2799 352 2870 poti
369 2804 489 2854 tutorem
508 2799 626 2870 dederit,
651 2799 735 2855 habet
753 2800 992 2871 disceptationem,
1015 2789 1050 2856 au
1069 2801 1160 2871 aliquo
1179 2817 1245 2857 casu
1265 2815 1321 2856 non
1338 2801 1374 2856 sit
1391 2801 1484 2856 utilis⁸
1502 2801 1592 2859 datio:
1616 2809 1735 2876 utputa

295 2889 319 2942 si
335 2903 472 2958 proponas
490 2885 575 2942 filium
593 2888 659 2943 uiuo
676 2892 754 2959 patre
772 2889 924 2944 decessisse
943 2895 972 2945 et
990 2895 1118 2962 nepotem
1136 2905 1171 2946 ex
1189 2905 1222 2946 eo
1240 2890 1406 2945 successisse
1419 2891 1484 2945 uino
1496 2905 1560 2946 ano.
1586 2897 1619 2947 et
1635 2889 1734 2949 fortius

295 2975 440 3032 dicendum
459 2983 503 3030 est
518 2977 633 3032 tutelam
652 2991 761 3047 quoque
779 2978 874 3047 elego
892 2978 971 3034 lnnr'a
989 2979 1083 3035 Uellea
1105 2977 1325 3035 confirmatum‘:
1349 2995 1412 3034 nam
1432 2985 1461 3034 et
1476 2981 1647 3050 Pomponius
1667 2981 1735 3038 hhro
1752 2993 1776 3034 tc

294 3065 498 3121 sextodecimo
516 3080 551 3120 ex
569 3064 671 3122 Sabino
689 3067 906 3137 scripsitualere
924 3070 1022 3124 tutoris
1041 3070 1188 3125 dationem.
1215 3085 1277 3123 cum
1296 3067 1367 3123 enim
1386 3066 1578 3124 confirmatum
1596 3070 1636 3125 sit
1649 3075 1735 3126 testa·

294 3158 430 3224 mentum,
455 3159 654 3224 consequenter
671 3156 769 3211 tutoris
787 3169 895 3225 quoqne
913 3155 988 3212 datio
1012 3157 1115 3212 calebit
1138 3157 1167 3212 in
1190 3171 1223 3212 eo
1246 3161 1411 3212 testamento
1434 3157 1537 3228 scripta
1554 3159 1632 3227 quod
1650 3161 1734 3229 ualet,

261 3247 276 3292 e
294 3242 323 3298 id
340 3247 384 3298 est
400 3241 448 3298 ubi
466 3257 552 3314 nepos
570 3245 614 3299 uel
632 3243 711 3299 heres
729 3245 870 3300 institutus
889 3245 986 3301 situel
1004 3247 1163 3304 nominatim
1182 3244 1363 3302 exheredatus
1381 3246 1426 3301 sit
1462 3245 1491 3301 Si
1509 3245 1632 3303 furiosus
1650 3253 1734 3304 teste

239 3371 248 3386 .
295 3337 388 3387 mento
409 3336 485 3387 tuter
507 3332 601 3402 detur,
625 3334 648 3388 si
666 3334 791 3404 quidem,
816 3349 878 3388 cum
896 3332 985 3389 inrere
1009 3335 1133 3407 desierit,
1154 3340 1274 3391 tutorem
1299 3349 1361 3390 esse
1385 3339 1468 3391 recte·
1484 3334 1580 3390 datum
1599 3337 1735 3394 Proculus

294 3421 446 3477 existimat:
471 3421 545 3491 quod
563 3422 586 3477 si
604 3422 686 3479 datus
704 3424 741 3478 sit
756 3439 837 3494 pure,
861 3427 945 3493 negat
962 3424 1094 3480 Proculus
1111 3425 1203 3480 ualere
1221 3424 1367 3480 dationem.
1395 3423 1446 3480 sed
1464 3429 1507 3480 est
1523 3425 1635 3496 uerius,
1660 3425 1735 3497 qnod
1751 3439 1777 3480 se

260 3513 276 3560 4
294 3514 323 3565 et
340 3510 507 3580 Pomponius
526 3511 577 3580 ait,
595 3517 670 3566 recte
688 3512 775 3567 uideri
793 3513 888 3567 datum
906 3517 935 3567 et
951 3517 1019 3568 tnnc
1036 3511 1095 3568 iore
1112 3517 1244 3584 tutorem,
1264 3529 1326 3568 cunr
1344 3527 1442 3583 sapere
1460 3514 1591 3584 coeperit
1630 3514 1735 3571 Seruus

295 3599 399 3654 alienus
421 3599 461 3653 ita
484 3598 543 3653 dari
565 3603 640 3653 tutor
663 3603 756 3669 potest
774 3601 805 3656 ‘si
827 3601 897 3656 liber
919 3602 984 3671 erit,
1007 3606 1083 3657 tutor
1105 3601 1182 3658 esto’.
1210 3602 1276 3672 quin
1299 3603 1383 3657 immo
1406 3607 1435 3658 et
1457 3603 1480 3657 si
1497 3617 1567 3672 pure
1584 3602 1672 3661 datus
1690 3605 1734 3674 sit

293 3687 403 3742 uidetur
420 3688 511 3742 inesse
529 3685 598 3742 haec
615 3688 739 3744 condicio
759 3689 827 3744 'cum
845 3689 915 3745 liber
932 3689 999 3745 erit'.
1026 3695 1119 3760 potest
1141 3695 1233 3747 autem
1257 3691 1319 3761 quis
1343 3695 1371 3746 et
1389 3695 1520 3746 extranco
1538 3707 1622 3748 seruo
1640 3693 1735 3750 delen-

295 3776 360 3832 dere
378 3790 414 3831 ex
430 3775 483 3830 hae
501 3791 585 3831 causa
602 3774 880 3834 fideicommissariam
898 3777 1066 3834 libertatem:
1085 3779 1151 3850 quid
1168 3781 1240 3836 enim
1258 3780 1380 3849 interest,
1399 3795 1480 3835 sunm
1495 3795 1607 3837 seruum
1621 3799 1658 3838 an
1671 3783 1734 3838 alie

295 3881 361 3920 num
378 3870 496 3921 tutorem
514 3866 666 3936 scripserit,
690 3881 752 3921 cunr
775 3867 870 3938 pupilli
893 3866 988 3923 fauore
1011 3872 1039 3924 et
1061 3868 1187 3938 publicae
1210 3869 1335 3925 utilitatis
1353 3867 1501 3939 adsumpta
1518 3868 1634 3926 libertas
1652 3872 1735 3927 sitin
1752 3885 1777 3926 ιο

294 3968 413 4024 persona
430 3955 498 4026 sius,
516 3955 565 4024 qui
580 3958 657 4010 tutor
674 3955 792 4023 scriptus
810 3954 874 4010 eat?
899 3961 992 4026 potest
1009 3957 1092 4027 igitur
1105 3962 1134 4013 st
1146 3956 1209 4013 huic
1221 3955 1476 4014 fideicommissario
1485 3957 1600 4013 libertas
1612 3959 1734 4029 delendi,

295 4043 320 4098 si
337 4044 465 4098 uoluntas
483 4043 654 4114 apertissime
672 4059 726 4098 non
744 4041 905 4114 refragetur.

239 4135 275 4193 11
348 4131 426 4186 mua
447 4131 517 4188 libro
537 4133 680 4204 trigesimo
703 4133 820 4202 septimo
843 4133 880 4188 ad
898 4131 1039 4189 Sabinum.
1075 4133 1105 4190 Si
1123 4136 1184 4205 quis
1208 4134 1259 4191 suh
1277 4134 1438 4191 condicione
1456 4136 1502 4191 uel
1519 4151 1555 4191 ex
1573 4123 1735 4214 Q)
1764 4138 1783 4192 S

295 4219 341 4275 die
358 4223 478 4276 tutorem
495 4221 615 4292 dederit,
638 4221 729 4277 medio
747 4226 869 4291 tempore
888 4221 957 4278 alius
975 4227 1050 4278 tutor
1067 4223 1174 4284 dandus
1193 4227 1249 4294 est,
1272 4224 1400 4294 quamuis
1417 4225 1569 4296 legitimum
1587 4231 1663 4284 tute
1683 4223 1734 4312 ᾖ)

295 4325 340 4395 F(
344 4325 416 4391 WD,
436 4335 481 4399 qul
498 4329 584 4402 dejicit
600 4350 625 4384 a.
637 4329 672 4385 29
690 4338 717 4384 in
734 4329 803 4384 ucrb.
817 4329 882 4384 uiuo
899 4343 961 4398 auo,
980 4329 1058 4400 nlo)

296 4470 365 4534 ¹51
378 4471 719 4542 codcoortdehuitportti
771 4467 855 4542 ¹nec]
868 4469 974 4526 donec?
1025 4471 1247 4543 'utilis]inutilis
1260 4472 1354 4540 (ulii
1403 4471 1616 4530 ‘confirmatam
1629 4475 1736 4545 (Hadri

295 4590 505 4718 iconfirmatuq
514 4562 997 4660 F¹,condrme—mrPEIacm.lmn·
1040 4593 1163 4652 Uelleia’:
1185 4604 1319 4668 praem
1342 4601 1381 4652 lea
1397 4617 1497 4670 comper
1513 4601 1660 4671 uppem
1678 4601 1735 4656 uel-

296 4667 349 4719 olia
368 4663 396 4718 D
451 4665 470 4718 4
507 4662 595 4718 liebus
613 4664 670 4718 suis
688 4667 732 4720 uel
750 4664 822 4737 filiis]
845 4667 903 4721 τοῖο
921 4665 987 4730 riuis
1039 4669 1083 4723 lea
1105 4671 1254 4740 simpliciter
1276 4687 1355 4740 neque
1376 4672 1452 4722 aliter
1475 4677 1581 4742 scripsit
1606 4670 1736 4742 Ulpium

296 4733 987 4878 incucurrerat
1030 4739 1666 4884 saffo,
1679 4751 1735 4866 r:

295 4807 653 4950 ffiffiusssfnarpalmon
663 4878 866 4950 silPfislslll‘G
880 4849 988 4935 30inna
1039 4887 1119 4934 lor-sm
1136 4881 1168 4934 L.
1182 4881 1282 4934 lacrima
1296 4882 1413 4936 Silanum
1431 4891 1484 4936 lom
1503 4851 1549 4956 epo
1566 4901 1666 4956 quoqne
1684 4886 1733 4938 ed-

295 4949 385 5004 nellea
397 4949 430 5003 F:
449 4949 903 5022 es.D.28,3,13=1m.2,13,2
918 4951 987 5020 'lege
1039 4958 1124 5017 mitto,
1147 4971 1203 5007 cam
1226 4954 1293 5024 lepte
1313 4953 1466 5008 trlhmtrice
1486 4973 1537 5008 nea
1559 4957 1658 5009 actm
1680 4973 1735 5010 eree

204 5041 215 5064 ·
295 5019 374 5074 Iunia
396 5019 476 5088 (Iulia
498 5021 553 5076 cod
568 5021 630 5076 luel.
649 5022 709 5077 Oea.
731 5023 795 5076 m.1
817 5029 842 5077 cl
865 5021 988 5094 Theoph.)
1041 5023 1180 5079 hincminea
1231 5023 1267 5078 39
1284 5021 1519 5081 oausauihdsic.
1536 5026 1576 5080 5¹
