3734 5578
252 246 355 314 XXVI
377 249 395 312 7
418 254 534 309 46-48
924 239 1010 320 770
1274 223 1344 310 'ns
1368 261 1677 311 snurnrsuusmosr

252 405 319 460 nidis
336 404 493 474 prouinciae
511 407 659 473 praecepto
677 418 695 458 e
712 400 917 472 magistratibus
936 401 1005 456 alius
1022 405 1097 456 tutor
1114 399 1195 456 datus
1219 405 1275 470 est,
1299 418 1316 455 a
1339 417 1393 471 quo
1417 401 1595 471 mugistrstue
1617 400 1679 456 satis

252 499 404 564 exegerunt
421 508 477 547 rem
497 493 601 546 saluam
620 490 691 546 sore:
715 495 789 546 tutor
807 494 973 545 testamento
992 489 1073 544 datus
1091 493 1188 559 postea
1205 489 1299 545 datum
1318 495 1478 559 suspectum
1501 487 1580 544 lecit:
1602 503 1679 558 quae

253 583 336 637 situm
354 587 404 651 est,
423 582 602 650 inquantum
620 585 754 635 teneatur.
790 580 890 634 Paulus
909 577 1049 648 respoudit
1066 582 1183 633 tutorem
1201 582 1368 634 testamento
1386 577 1481 632 datum
1499 592 1550 648 pro
1564 583 1680 648 superte

252 670 390 726 conueniri
408 674 546 740 oportere,
570 683 620 740 pro
638 685 693 739 qun
708 674 787 738 parte
805 657 1020 723 administrauit:⁴
1042 681 1092 736 pro
1115 668 1265 722 contutorls
1288 672 1379 722 autem
1402 667 1528 736 portione
1545 667 1682 736 princeos

252 760 391 816 conueniri
409 757 523 828 debere,
547 758 594 827 qui
612 773 661 827 pro
679 773 713 813 eo
731 773 761 812 se
778 756 970 826 obligauerunt
993 755 1037 810 uel
1062 756 1239 824 magistratus
1257 757 1304 826 qui
1322 771 1383 811 eum
1403 754 1552 810 dederunt:
1574 760 1639 809 tnnc
1660 755 1710 809 sis

251 847 368 902 solidum
386 847 505 917 pupillus
524 847 654 915 consequi
672 861 727 901 non
743 846 875 915 potuerit,
900 844 935 900 de
960 842 1050 899 officio
1073 845 1224 900 contutoris
1246 844 1445 916 quaerendum,
1469 860 1504 898 an
1528 847 1682 912 suspectum

251 935 341 991 lacere
360 935 499 1006 debuerit,
524 935 684 1005 praesertim
703 950 764 990 oum
784 939 942 1004 suspectum
960 948 1069 1002 quoque
1088 948 1150 987 sum
1173 935 1329 1004 postulasse
1347 933 1462 988 dicatur.
1489 932 1558 986 alins
1576 931 1682 1000 quidem

251 1039 313 1080 cum
332 1025 508 1095 magistratus
525 1025 619 1094 plures
637 1029 742 1078 tutores
760 1023 835 1093 dant,
854 1039 909 1079 non
925 1023 1002 1093 prins
1020 1021 1056 1076 ad
1068 1037 1116 1078 eos
1128 1023 1229 1078 reuerti
1240 1022 1360 1093 pupillus
1378 1025 1477 1092 potest,
1496 1036 1579 1091 quam
1592 1036 1684 1076 omnes

250 1119 356 1169 tutores
374 1122 483 1168 excussi
499 1111 614 1168 ruerint:
637 1113 664 1167 in
687 1113 827 1183 proposito
850 1127 911 1166 cum
935 1127 1006 1166 unus
1029 1128 1047 1165 s
1064 1110 1270 1180 magistratibus
1293 1110 1375 1166 datus
1397 1115 1609 1180 proponeretur,
1633 1125 1684 1165 nou

251 1205 294 1256 est
311 1203 401 1258 uisum
419 1203 495 1273 prius
513 1203 645 1271 collegam
664 1201 894 1270 conueniendum,
918 1201 965 1270 qui
983 1206 1011 1256 et
1029 1205 1187 1270 suspectum
1210 1196 1277 1254 lecit
1300 1204 1329 1254 et
1350 1203 1517 1255 testamento
1536 1198 1620 1254 datus
1636 1203 1685 1266 est,
1702 1210 1726 1250 ιι

218 1298 233 1344 t
250 1290 416 1360 perindeque
436 1289 577 1346 habendos
602 1290 736 1359 singulos,
760 1305 793 1344 ac
816 1289 885 1344 siin
904 1293 996 1359 partes
1014 1288 1141 1343 dimidiae
1161 1286 1171 1358 l
1190 1293 1295 1344 tutores
1319 1287 1377 1344 dati
1399 1293 1500 1344 essent.
1537 1287 1686 1342 luteribus
1701 1295 1760 1341 itti

251 1393 411 1434 concessum
430 1384 473 1434 est
491 1395 508 1434 a
526 1377 695 1434 debitoribus
713 1377 807 1448 pupilli
824 1379 968 1448 pecuniam
986 1379 1110 1447 exigere,
1135 1382 1166 1432 ut
1188 1378 1248 1448 ipso
1267 1377 1325 1433 iure
1343 1377 1504 1446 liberentur,
1529 1391 1586 1431 uon
1605 1377 1686 1430 etiem

250 1467 352 1523 donare
370 1468 415 1523 uel
433 1468 516 1522 etiem
534 1466 709 1522 deminuendi
727 1481 811 1522 causa
829 1482 891 1522 cum
909 1468 943 1522 iis
960 1466 1126 1536 transigere:
1151 1473 1179 1522 st
1197 1466 1259 1522 ideo
1277 1481 1349 1536 eum,
1368 1467 1415 1536 qui
1432 1467 1523 1521 minus
1535 1467 1623 1521 tutori
1635 1465 1686 1521 sol·

249 1557 299 1626 uit,
318 1573 335 1612 a
352 1556 454 1627 pupillo
472 1557 500 1610 in
519 1557 650 1626 reliquum
670 1556 808 1610 conueniri
825 1570 915 1626 posse.
1705 1564 1730 1605 ιι

192 1641 231 1702 47
302 1643 460 1700 Sosnuons
483 1643 552 1700 libro
576 1643 697 1700 secundo
721 1659 923 1715 responsorum.
967 1643 1070 1700 Titium
1097 1649 1126 1700 et
1148 1645 1285 1700 llasuium
1310 1648 1416 1701 tutores
1443 1643 1505 1714 quis
1529 1638 1688 1727 [Q
1705 1648 1729 1702 P

249 1733 325 1788 dedit
347 1737 375 1788 et
396 1734 483 1788 cauit:
510 1734 633 1796 ΒοῩαοιιαι
660 1734 699 1788 καὶ
722 1733 863 1805 παρακαλῶ
885 1732 999 1787 ιιαιιιαει
1020 1734 1129 1797 Γίιιεοθαι
1149 1733 1213 1789 aeri
1236 1734 1285 1788 rrlc
1302 1734 1417 1797 Martios
1434 1733 1482 1794 τοῨ
1500 1731 1621 1796 hato?
1639 1752 1687 1798 ιιογ

249 1821 366 1888 sedule,
393 1823 431 1876 καὶ
456 1822 513 1892 lixa
536 1820 617 1884 αῩτοῨ
639 1821 671 1876 τὸ
696 1822 835 1887 [ιιιὸιιειιοκ
860 1822 956 1892 duspurc
980 1822 1057 1877 ἒοτω.
1094 1823 1183 1878 Titius
1207 1823 1282 1878 solus
1300 1839 1317 1877 α
1334 1821 1505 1878 debilioribus
1522 1823 1632 1892 exegit:
1654 1838 1688 1877 tu

247 1909 354 1966 liberati
378 1909 491 1966 essent?
518 1910 660 1980 respondi,
689 1911 713 1966 si
739 1915 768 1966 et
794 1911 1055 1967 administrationem
1079 1912 1187 1966 llaeulo
1213 1911 1348 1981 dedisset,
1375 1926 1429 1968 non
1456 1916 1533 1966 recte
1559 1911 1687 1966 solutum.

216 2007 229 2052 1
249 1997 393 2064 'Quantum
413 2004 504 2054 cutem
522 1998 579 2055 lilio
598 2014 659 2054 meo
678 1997 804 2056 diurnum
823 1998 955 2070 sufficiat,
979 2001 1085 2056 Mariua
1103 2004 1132 2056 st
1149 2001 1276 2056 Iuncaria
1294 1998 1499 2056 aeedmubunt':
1522 2015 1637 2070 quaero,
1655 2017 1689 2056 an

249 2089 370 2143 contenti
388 2103 449 2143 esse
467 2087 587 2143 debeant
604 2091 710 2143 tutores
728 2088 840 2144 arbitrio
858 2090 1009 2146 mulierum.
1037 2089 1166 2159 respondi
1188 2093 1328 2160 sumptum
1349 2087 1415 2144 boni
1437 2089 1490 2143 uiri
1513 2087 1628 2146 arbitrio
1651 2087 1689 2144 fa
1706 2099 1731 2140 rc
1750 2111 1754 2135 ι

216 2184 231 2229 2
249 2175 384 2232 ciendum.
421 2177 539 2232 Tutores
557 2177 615 2232 dati
633 2178 668 2233 sd
686 2192 730 2232 res
748 2178 858 2232 Italicas
875 2179 1057 2233 instrumenta
1074 2178 1178 2233 Romae
1202 2183 1378 2248 reppererunt
1400 2176 1554 2232 debitorum
1578 2179 1690 2248 prouin-

249 2265 367 2334 clslinm,
386 2268 417 2318 ut
435 2265 551 2334 pecunia
563 2265 666 2320 Romm
685 2271 733 2321 snt
751 2265 915 2336 ubicumque
933 2267 1050 2337 petitum
1068 2265 1151 2322 fuerit
1168 2267 1303 2323 soluatur:
1322 2280 1432 2337 quaero,
1452 2281 1515 2321 eum
1534 2282 1628 2338 neque
1645 2267 1689 2322 dc

249 2352 353 2408 bitores
370 2353 398 2408 in
416 2353 497 2408 ltalia
514 2359 607 2409 essent
623 2369 712 2425 neque
731 2369 825 2412 eorum
842 2355 968 2426 praedia,
993 2372 1028 2410 an
1046 2355 1115 2412 haec
1132 2357 1240 2412 exactio
1258 2355 1294 2410 nd
1312 2356 1423 2410 ltelicm
1447 2355 1487 2410 rei
1504 2360 1615 2412 tutores
1632 2371 1690 2427 per·

249 2443 345 2498 tineat.
372 2442 510 2513 respondi,
529 2443 552 2498 si
570 2443 745 2514 prouincialis
763 2449 920 2500 contractus
932 2449 1014 2514 esset,
1033 2459 1088 2500 nou
1102 2446 1246 2516 pertinere,
1264 2445 1401 2515 respicere
1412 2448 1507 2500 temen
1519 2444 1554 2500 ed
1567 2443 1690 2506 officium

250 2546 359 2602 eorum,
383 2546 418 2587 ns
440 2533 680 2588 instrumentorum
704 2533 858 2603 ignorantis
881 2535 1038 2588 contractus
1061 2548 1121 2604 eos,
1149 2533 1185 2590 ud
1211 2549 1280 2604 quos
1307 2533 1507 2589 administratio
1529 2536 1690 2604 pertineret,
1707 2545 1732 2588 ss

147 2625 150 2631 '
217 2621 356 2676 elateret.
388 2620 520 2676 Amatne
538 2621 620 2676 datus
637 2626 802 2678 testamento
819 2626 894 2678 tutor
911 2637 974 2678 cum
992 2627 1103 2692 putaret
1120 2638 1150 2678 se
1168 2626 1286 2679 tutorem
1305 2639 1375 2694 esse,
1392 2622 1523 2678 distraxit
1540 2621 1618 2678 bons
1636 2639 1690 2678 ms·

250 2714 328 2764 terna
346 2713 374 2764 et
391 2715 506 2780 paterna
523 2710 686 2781 pupillorum
710 2714 739 2766 et
761 2709 881 2766 decessit
902 2723 962 2766 non·
981 2711 1128 2768 soluendo:
1152 2713 1304 2783 quaeritur,
1330 2727 1366 2766 an
1387 2712 1509 2782 pupillus
1532 2727 1578 2768 res
1603 2713 1691 2783 possit

217 2803 233 2848 4
250 2798 398 2853 uindicare.
425 2798 568 2868 respondi,
587 2799 612 2853 si
629 2804 741 2854 manent
757 2815 802 2854 rss
819 2799 928 2870 pupilli,
953 2799 1086 2855 uindicari
1104 2799 1139 2856 ab
1158 2815 1191 2857 eo
1208 2816 1299 2872 posse.
1335 2799 1496 2856 Praefectus
1513 2801 1635 2871 legionis
1652 2803 1692 2857 itt

250 2891 415 2942 testamento
439 2887 524 2942 cauit:
544 2887 628 2958 'uolo‚
650 2891 682 2942 ut
705 2887 741 2943 sit
764 2888 793 2943 in
817 2888 928 2944 arbitrio
946 2893 1067 2944 tutorum
1085 2887 1133 2944 filii
1151 2891 1219 2961 mei,
1241 2891 1266 2945 si
1284 2890 1434 2960 noluerint,
1458 2889 1540 2944 buius
1563 2905 1691 2946 summae

251 2975 354 3031 'uncias
371 2973 470 3030 inferre
486 2991 632 3031 usurarum
650 2976 759 3032 nomine
770 2977 818 3046 its,
837 2992 872 3032 ne
884 2978 988 3032 nummi
1000 2977 1214 3050 dispargentur’3
1233 2994 1343 3050 quaero,
1362 2979 1386 3034 si
1401 2979 1560 3050 apperuerit
1570 2979 1692 3050 pecunie
1707 2991 1733 3031 so

250 3062 391 3120 foenerata
409 3081 426 3119 a
442 3064 591 3135 tutoribus,
615 3065 716 3120 iudicio
733 3065 838 3120 tutelae
855 3065 951 3120 uncias
968 3081 1067 3122 usuras
1090 3083 1126 3123 cn
1142 3082 1209 3124 uero
1228 3083 1276 3123 eas
1297 3083 1366 3139 quas
1385 3068 1510 3138 stipulati
1528 3073 1595 3124 sunt
1612 3083 1690 3138 prse-

250 3160 324 3210 stare
348 3154 474 3210 debeant
502 3153 643 3224 respondi,
668 3154 692 3208 si
715 3154 864 3209 seeundum
888 3155 1057 3211 uoluntatem
1082 3154 1204 3212 defuncti
1226 3157 1374 3227 elegissent
1394 3173 1541 3212 usurarum
1565 3161 1691 3228 praestt-

249 3243 352 3298 tionem
369 3258 458 3314 neque
475 3243 572 3314 pupilli
589 3241 699 3298 nomine
716 3243 744 3297 in
762 3241 859 3298 faenus
878 3243 1032 3314 dedissent,
1055 3245 1084 3300 id
1101 3246 1283 3316 praestatur¹,
1307 3246 1381 3316 quod
1405 3250 1522 3302 testator
1544 3247 1689 3302 uoluisset

216 3337 232 3384 o
250 3333 351 3388 Lucius
370 3332 459 3387 Titius
482 3335 605 3388 mutuam
628 3331 772 3401 pecuniam
791 3348 808 3386 a
825 3336 916 3387 tutore
939 3333 1046 3404 accepit
1068 3339 1098 3388 et
1120 3349 1177 3390 rem
1201 3333 1392 3391 hereditariam
1414 3335 1523 3406 pignori
1546 3335 1572 3390 ei
1598 3335 1690 3391 dedi:

249 3427 313 3493 post
329 3421 475 3476 triennium
493 3420 548 3474 iam
565 3417 715 3489 puberibus
733 3419 783 3491 hls,
803 3435 918 3490 quorum
936 3423 1023 3477 tutele
1040 3421 1230 3480 administrata
1248 3429 1303 3494 eet,
1321 3423 1389 3479 lisoo
1406 3423 1482 3479 bonu
1498 3422 1626 3480 termut
1643 3423 1690 3478 ad·
1707 3436 1733 3478 rr

249 3509 370 3565 iudicatu
387 3513 459 3578 sunt,
479 3509 544 3579 quia
561 3513 676 3564 mortem
695 3509 755 3565 eius
772 3508 852 3565 heres
870 3525 925 3565 non
942 3514 987 3565 est
1004 3511 1090 3566 ultus:
1109 3513 1256 3582 quaeritur,
1276 3528 1312 3568 an
1325 3513 1354 3566 id
1366 3527 1466 3568 nomeu
1477 3514 1600 3584 pupillus
1612 3529 1690 3569 recu

250 3613 312 3654 sare
327 3599 423 3669 possit.
451 3596 579 3668 respondi
597 3596 748 3652 secuudum
766 3613 888 3668 eaquae
905 3605 1095 3670 proponuntur
1112 3601 1141 3656 id
1158 3616 1258 3657 nomen
1275 3600 1312 3655 ed
1331 3616 1400 3656 onus
1414 3606 1535 3657 tutorum
1553 3617 1612 3657 non
1629 3617 1690 3672 per-

217 3688 345 3742 ttinere.
381 3687 476 3742 Altero
495 3702 529 3741 ex
548 3684 655 3741 dnobus
673 3683 803 3742 iratribus
821 3687 903 3742 sociis
921 3687 1055 3744 bonorum
1078 3693 1107 3744 et
1124 3691 1317 3762 negotiationis
1336 3689 1479 3760 defuneto,
1503 3689 1607 3746 hmede
1625 3690 1690 3762 filio,

250 3781 364 3847 patruus
381 3779 456 3830 tutor
473 3773 592 3829 uenditis
610 3774 736 3832 omnibus
760 3777 911 3832 communis
935 3777 1128 3846 negotiationis
1153 3779 1288 3834 mercibus
1312 3784 1341 3834 et
1364 3779 1417 3834 sibi
1434 3779 1586 3850 redemptis
1606 3795 1690 3850 nego-

249 3865 319 3919 tium
337 3879 387 3919 suo
405 3863 513 3918 nomine
531 3864 667 3919 exercuit:
690 3865 845 3934 quaesitum
863 3869 919 3935 est,
942 3870 1033 3920 utrum
1052 3867 1244 3937 compendium
1262 3869 1365 3938 negotii
1382 3883 1419 3922 αιι
1436 3883 1535 3924 usures
1552 3869 1690 3938 pecuniae
1706 3882 1733 3923 so

250 3957 390 4023 praestare
409 3950 517 4006 debeat.
544 3951 673 4023 respondi
691 3952 841 4008 seeundum
860 3967 894 4008 eu
911 3968 982 4022 quae
999 3959 1187 4024 proponuntur
1209 3956 1312 4026 pupillo
1330 3971 1456 4027 usurum,
1480 3973 1535 4013 non
1558 3971 1690 4029 compen·

218 4040 326 4096 tdium
350 4039 553 4111 praestandum.
589 4043 677 4098 Tutor
698 4056 788 4096 rerum
806 4041 961 4096 Italicorum
986 4049 1139 4098 conuentus
1162 4059 1180 4098 a
1202 4044 1336 4101 creditore
1358 4046 1532 4116 prouinciali,
1556 4045 1606 4101 ubi
1630 4061 1689 4102 rem

234 4129 369 4201 pupillus
387 4128 491 4199 habuit,
510 4130 605 4185 soluitr
623 4131 778 4201 quaesitum
797 4135 848 4200 est,
867 4146 902 4185 sn
920 4129 949 4186 id
966 4131 1068 4187 tutelae
1085 4132 1187 4188 indicio
1204 4134 1325 4204 reputari
1342 4139 1443 4204 potest
1472 4134 1604 4205 respondi
1622 4135 1690 4190 nibil

249 4217 374 4288 proponi,
392 4231 441 4272 cur
459 4232 514 4273 non
530 4220 626 4288 possit.
1705 4237 1733 4277 ια

193 4302 232 4362 48
303 4305 562 4363 flnnnoamunms
573 4307 642 4364 libro
653 4308 741 4379 primo
752 4307 819 4363 iuris
831 4307 1019 4378 epitomsmrn.
1047 4309 1122 4364 luter
1137 4309 1269 4366 bonorum
1284 4325 1349 4367 uen-
1368 4307 1455 4395 [lt-tm
1468 4324 1489 4380 t,
1501 4323 1541 4370 47.
1562 4323 1605 4384 sp.
1618 4327 1643 4380 4,
1657 4326 1687 4372 lt
1704 4321 1729 4374 P

249 4394 353 4466 trisque
371 4397 524 4452 cunctorem
542 4399 572 4451 et
588 4398 659 4453 luter
676 4400 830 4454 curatorem
847 4393 942 4456 furiosi
953 4397 1073 4469 itemque
1084 4398 1193 4469 prodigi
1210 4400 1341 4471 pupilliue
1352 4387 1687 4473 mammertinus,

250 4516 447 4589 mutilo)

252 4698 261 4733 ¹
279 4693 363 4750 uluis
380 4694 484 4763 (Helii
554 4697 769 4766 'praestaturos
792 4697 984 4767 (Gronauisu)?

250 4869 451 4942 tpautuuwt
495 4871 681 4926 6sol'n'idum
700 4870 738 4926 F*
786 4871 940 4930 tienne·
993 4876 1026 4930 21
1050 4875 1239 4946 repperierunt
1260 4877 1288 4931 F
1351 4879 1387 4934 28
1407 4879 1565 4935 uindicari'i'
1587 4879 1623 4935 eb
1647 4880 1686 4936 Ρ

250 4943 285 4996 rit
302 4944 341 4996 F’
394 4943 546 5013 tercusei]
566 4942 615 5012 D‘,
639 4943 713 5000 ‘abas
730 4943 846 5000 excussi·
860 4965 941 5018 ram
992 4945 1277 5005 35bona‘ii'dsiunoti
1285 4944 1335 5002 F’l
1362 4949 1636 5022 tbepitome'to'rnm
1646 4951 1685 5006 Fi

249 5032 351 5068 neruum
362 5012 408 5077 Et
426 5015 550 5071 excusati
563 5014 719 5081 ΝΜΟ,
743 5017 891 5073 exsicusuti
903 5017 941 5072 Ε·
