3766 5554
262 277 353 346 XXII
371 281 392 347 5
411 285 508 343 5-17
934 275 1021 358 652
1650 299 1699 347 na

226 437 244 497 5
316 435 408 493 Gerus
425 437 495 494 libro
513 442 610 508 quarto
630 439 665 494 ad
682 439 771 508 legem
790 439 887 495 Iuliam
906 445 934 496 et
951 441 1073 511 Papiam.
1101 440 1133 496 ln
1151 439 1267 510 legibus,
1286 437 1387 508 quibua
1399 439 1541 509 arripitur,
1560 433 1700 522 Q
1729 447 1758 501 Β

263 539 297 579 ne
315 531 467 593 generant
485 543 563 582 soeer
580 529 682 584 inuitus
701 529 887 584 testimonium
906 529 998 584 disere
1016 533 1168 600 cogeretur,
1186 529 1282 599 generi
1293 529 1476 598 appellatione
1488 543 1620 598 sponsum
1632 543 1699 598 quo-

263 628 315 684 que
333 611 405 668 filiae
424 616 554 671 contineri
572 619 677 687 planet:
696 617 761 672 item
779 617 866 673 soseri
885 632 1002 687 sponsae
1020 623 1135 688 patrem.

226 705 243 762 6
313 703 445 759 Lronuus
465 705 596 761 liurnius
614 706 682 763 libro
701 707 822 762 seeundo
841 707 1004 776 regularum.
1034 706 1130 762 idonei
1147 720 1202 761 non
1220 704 1349 760 uidentur
1366 719 1429 762 ene
1445 707 1541 776 testes,
1559 699 1699 790 Q
1730 713 1758 767 n

261 790 360 860 quibus
378 793 505 863 imperari
523 800 615 864 potest
632 800 664 850 nt
680 800 766 851 testes
785 793 860 851 fiant
1717 808 1731 849 ὃ

226 881 243 940 7
313 881 507 938 Moonsnnrus
525 881 594 938 libro
612 883 693 939 tertio
711 885 876 954 regularum.
903 882 983 939 Serui
1000 897 1131 954 responso
1149 886 1216 937 tune
1234 880 1401 937 eredendum
1419 884 1470 953 est,
1488 895 1552 937 eum
1569 881 1624 936 alia
1636 896 1699 952 pro
1730 881 1784 955 Es·

261 966 337 1024 balio
355 970 391 1026 ati
411 971 558 1026 eruendam
576 973 720 1028 ueritatem
738 987 794 1029 uon
813 976 864 1028 est

224 1058 243 1117 8
315 1056 474 1114 Sensum
497 1060 566 1115 libro
590 1066 687 1131 quarto
711 1062 875 1132 regularum.
911 1060 994 1116 Inuitl
1016 1059 1202 1116 testimonium
1225 1057 1315 1114 dioere
1333 1071 1388 1113 non
1407 1061 1542 1128 eoguntur
1559 1053 1700 1144 Q
1730 1065 1766 1119 S·

262 1148 358 1200 senes¹
376 1147 568 1204 ualetudinarii
585 1151 630 1205 nel
647 1150 747 1206 milites
765 1151 810 1205 uel
828 1149 875 1219 qni
893 1165 955 1206 enm
968 1149 1131 1219 magistratu
1144 1148 1183 1204 rel
1194 1146 1321 1220 publiese
1332 1161 1418 1202 eausa
1429 1145 1531 1202 absunt
1542 1149 1587 1204 nei
1597 1148 1700 1217 qulbus

262 1234 356 1289 uenire
378 1237 521 1292 nonlicet
1719 1249 1748 1289 se

225 1327 243 1385 9
314 1323 432 1379 Psunus
450 1324 519 1381 libro
537 1326 625 1396 primo
643 1326 679 1382 ad
696 1325 836 1384 Sabinum.
864 1327 957 1383 Testis
974 1324 1089 1382 idonens
1106 1322 1397 1396 paterfiliosutilllus
1428 1335 1700 1397 e.21,1,s.ltp.1s‚st
1732 1332 1754 1386 8

260 1413 332 1482 patri
350 1427 405 1468 non
423 1417 473 1468 est.

206 1505 244 1563 10
313 1501 484 1558 Pourouurs
501 1501 570 1558 libro
588 1502 676 1575 primo
695 1502 731 1558 ad
749 1503 889 1560 Sabinum.
916 1503 1014 1560 linllns
1031 1502 1147 1559 idoneus
1164 1501 1244 1558 testis
1261 1501 1291 1558 in
1305 1515 1399 1558 resna
1416 1498 1699 1587 is.a1‚1,s.ltp.1s‚at
1731 1509 1754 1564 8

260 1588 434 1659 intellegitur.
589 1653 591 1660 Α
1718 1601 1750 1644 ss

206 1686 240 1742 11
313 1679 391 1733 lesu
414 1678 483 1735 libro
506 1680 647 1750 trigesimo
670 1681 751 1737 tertio
776 1681 812 1736 ad
835 1680 975 1737 Sabinum.
1011 1678 1056 1735 Ad
1081 1677 1164 1735 iidem
1187 1679 1228 1734 rei
1247 1683 1344 1750 gntae
1362 1677 1516 1735 iaeiendsm
1540 1673 1700 1764 Q
1731 1686 1753 1740 S

260 1767 343 1822 etiam
361 1783 416 1824 non
434 1774 547 1837 rogatus
565 1771 644 1824 testis
662 1771 837 1840 intellegitur.

205 1863 241 1920 12
314 1855 464 1913 Unersuus
487 1856 556 1912 libro
579 1858 720 1928 trigesimo
743 1859 860 1929 septimo
883 1857 919 1913 ad
942 1856 1071 1913 edietum.
1107 1854 1161 1912 Ubi
1184 1871 1314 1912 numerus
1336 1857 1448 1913 metium
1466 1871 1521 1912 non
1538 1851 1698 1941 Q
1732 1863 1754 1919 S

260 1943 385 2014 sdioitur,
404 1945 487 2000 etiarn
505 1945 560 2002 duo
579 1944 730 2002 suffioient:
748 1949 860 2017 pluralis
878 1947 950 2002 enirn
969 1945 1086 2001 elooutio
1106 1943 1221 2000 duorum
1239 1959 1352 2001 numero
1371 1951 1501 2002 eontanta
1517 1949 1569 2001 est.

205 2041 242 2100 13
313 2033 494 2090 Psnmsuus
511 2033 580 2091 libro
597 2037 686 2106 primo
704 2036 739 2092 de
757 2036 906 2092 adulteriis.
934 2035 1092 2101 Quaesitum
1111 2036 1177 2106 selo,
1196 2050 1232 2090 sn
1246 2036 1274 2090 in
1285 2033 1402 2106 publieis
1414 2035 1522 2091 indieiis
1540 2030 1700 2120 Q
1733 2041 1755 2096 8

261 2121 412 2177 oalnmnise
431 2123 553 2178 damnati
570 2126 756 2180 testimonium
775 2124 875 2180 iudieio
893 2123 1003 2195 pubiieo
1020 2122 1163 2194 perhibere
1180 2129 1306 2194 pessunt
1333 2123 1384 2180 sed
1398 2139 1488 2194 nenne
1499 2125 1561 2194 lage
1572 2125 1701 2182 Remnda
1718 2137 1749 2178 ss

260 2209 436 2279 prohibentur
460 2217 489 2266 et
511 2213 581 2268 lulis
601 2214 646 2270 lex
663 2215 698 2270 de
717 2215 747 2269 ni
764 2219 793 2270 et
810 2212 1020 2284 repetendarum
1039 2216 1068 2268 et
1083 2214 1226 2284 pesulatns
1244 2228 1292 2268 eos
1310 2211 1435 2269 homines
1452 2212 1639 2269 testimoninm
1658 2213 1700 2270 di·

260 2313 322 2354 oere
340 2314 395 2354 non
413 2305 568 2356 uetuerunt
601 2308 789 2359 nerumtamen
807 2302 881 2374 quod
899 2300 1006 2372 legibus
1024 2303 1155 2357 omusnm
1174 2307 1229 2372 est,
1248 2317 1304 2358 non
1321 2302 1463 2357 omittetur
1479 2301 1611 2371 religione
1628 2303 1699 2360 ludl-

260 2388 380 2443 oantium
404 2388 440 2444 ad
463 2403 577 2458 quorum
603 2389 722 2447 olfioinm
741 2393 860 2463 pertinet
876 2392 936 2448 elus
953 2405 1062 2462 qnoque
1080 2391 1228 2447 testimonii
1246 2389 1343 2461 fldem,
1367 2389 1442 2462 quod
1458 2391 1583 2460 integras
1599 2389 1700 2448 dentis

259 2474 341 2532 homo
359 2475 465 2546 dixerit,
483 2479 661 2550 perpendere.
1718 2495 1748 2536 Ν

201 2577 242 2636 14
312 2565 391 2620 lnnu
407 2565 476 2621 libro
496 2568 627 2637 singulari
645 2568 680 2624 de
697 2566 848 2624 adulteriis.
876 2567 940 2626 Seio
956 2569 1068 2640 qnidam
1086 2571 1233 2624 nmmum
1251 2581 1322 2638 esse,
1341 2583 1376 2622 an
1389 2567 1424 2624 sd
1436 2571 1520 2622 testa·
1538 2562 1699 2652 Q
1731 2577 1753 2633 s

260 2659 382 2709 mentum
401 2653 556 2712 iaoiendnm
575 2655 699 2713 adhiberi
715 2657 805 2728 possit
822 2656 949 2714 adulterii
967 2659 1127 2714 damnatus:
1145 2662 1175 2722 et
1191 2671 1259 2713 sane
1276 2657 1349 2712 inste
1367 2655 1378 2727 fl
1397 2655 1547 2711 testimrffi
1563 2655 1656 2714 oilieio
1671 2659 1699 2715 ei
1716 2667 1787 2718 tsso

259 2742 444 2799 interdicetur.
474 2745 601 2801 existimo
619 2761 685 2816 ergo
702 2761 792 2816 neque
809 2746 868 2802 inre
887 2747 961 2802 oiuili
978 2751 1173 2804 testamentum
1190 2739 1293 2815 ualere,
1312 2745 1349 2800 ad
1362 2743 1437 2815 quod
1449 2743 1606 2801 huiusmodi
1616 2747 1699 2804 testis

258 2833 401 2904 prooessit,
420 2849 508 2904 neque
526 2834 586 2890 iure
603 2836 749 2906 praetorio,
767 2835 841 2907 qnod
859 2835 902 2891 ins
920 2837 1001 2892 oiulle
1019 2834 1203 2906 subsequitur,
1221 2840 1253 2890 nt
1270 2849 1360 2906 neque
1377 2833 1515 2889 heredites
1527 2833 1597 2888 adiri
1608 2849 1700 2906 neque

258 2919 391 2978 bonorum
409 2923 548 2992 possessio
567 2923 625 2979 dari
643 2925 739 2994 possit
1718 2939 1748 2981 ss

203 3020 240 3078 15
311 3009 430 3068 Paetus
445 3010 514 3067 libro
526 3011 607 3068 mutio
620 3013 825 3070 sententiarum.
851 3009 1505 3084 Repeosndarnmdamnatnsneeadtestsrnen-
1536 3014 1563 3062 11.
1577 3017 1701 3090 etQ-1}
1719 3013 1760 3068 Ῥ

226 3115 238 3160 1
257 3103 317 3152 tum
335 3114 387 3154 nee
405 3099 440 3154 ed
458 3101 645 3156 testimonium
664 3101 787 3158 adhiberi
805 3105 906 3172 potest
935 3100 1181 3172 Hermaphroditus
1199 3117 1234 3157 an
1252 3100 1289 3156 sd
1307 3104 1503 3156 testamentum
1521 3097 1699 3184 {spism

259 3186 381 3243 adhiberi
399 3189 496 3258 possit,
515 3189 633 3258 qualitas
651 3205 734 3246 serus
752 3189 942 3246 inoaleseentis
960 3191 1089 3246 ostendit.

203 3279 240 3339 16
312 3277 390 3332 Inuus
410 3276 479 3333 libro
497 3278 593 3348 quinto
611 3279 806 3335 sententiarum
813 3280 833 3334 ¹.
869 3279 939 3345 Qni⁸
957 3278 1027 3335 laiso
1045 3279 1091 3335 uel
1107 3278 1184 3333 uarie
1201 3273 1360 3360 1111111,
1373 3290 1395 3337 t.
1411 3288 1532 3346 collat.
1547 3288 1624 3346 Mi,
1637 3291 1698 3345 111
1717 3281 1760 3336 'P

258 3365 416 3422 testimonia
433 3365 561 3421 dixerunt
578 3367 622 3422 uel
640 3368 749 3437 utrique
767 3368 839 3438 parti
855 3367 1042 3438 prodiderunt,
1061 3382 1079 3423 a
1094 3365 1231 3423 iuditibus
1250 3369 1437 3436 eompetenter
1453 3366 1632 3437 puniuntnr⁴.
1716 3375 1750 3417 ss

203 3459 240 3517 17
312 3453 463 3510 Unnrsuus
489 3451 558 3510 libro
582 3455 713 3526 singulari
736 3456 901 3526 regularum.
937 3457 1019 3512 Pater
1040 3461 1069 3511 et
1108 3465 1699 3528 Ulpiae.1.t‚1o,s.e.21,1.1o.Spissi
1730 3459 1766 3515 S·

258 3539 347 3598 lilius⁸
366 3544 414 3613 qui
432 3542 460 3600 in
478 3547 616 3615 potestate
634 3545 693 3600 eius
712 3549 763 3615 est,
781 3545 848 3601 item
866 3544 921 3601 duo
941 3543 1038 3600 iratres
1050 3545 1138 3615 quiin
1150 3543 1272 3600 eiusdem
1284 3543 1371 3614 patris
1382 3546 1521 3614 potestate
1533 3529 1698 3599 sunt'tffi

257 3639 447 3712 r[1²(vnu)]

258 3783 268 3818 ²
287 3781 332 3836 uel
350 3790 397 3836 ina.
451 3783 463 3818 ¹
481 3781 532 3838 sub
549 3783 629 3839 titulo
648 3783 683 3838 de
701 3781 818 3838 testibus
836 3785 866 3837 et
876 3782 912 3837 de
923 3781 1131 3852 quaestionibus
1148 3783 1209 3837 odd.
1224 3782 1286 3836 oou
1339 3781 1352 3817 ⁸
1369 3780 1397 3836 lri
1414 3780 1462 3850 qni
1480 3781 1579 3836 Paulus
1596 3789 1620 3836 et
1633 3781 1697 3836 Oell

257 3854 269 3889 ⁴
287 3867 304 3906 a
326 3851 463 3938 iudicibus
485 3859 673 3924 eompetenter
691 3853 852 3980 epulentur]
877 3859 926 3909 aut
949 3853 975 3909 in
999 3853 1111 3909 exilium
1134 3856 1254 3922 afflantur
1277 3856 1326 3907 aut
1347 3853 1376 3938 in
1399 3851 1515 3907 insulam
1539 3853 1699 3944 pelegantnr

258 3930 308 3978 aut
325 3939 401 3978 euna
424 3922 622 3981 submouentur
645 3929 689 3993 (su
709 3925 1045 3993 menstruatarum
1068 3933 1092 3979 et
1112 3925 1173 3980 Coit
1245 3925 1304 3979 ⁸et
1325 3922 1407 3993 filius]
1431 3929 1460 3979 et
1484 3921 1623 3994 Uipsanas,
1646 3937 1698 3979 nso

257 4009 313 4050 non
331 3996 354 4050 is
373 3995 436 4050 lust.

258 4127 373 4196 lgsius
391 4129 499 4192 om.F¹,
516 4129 561 4183 t5
580 4129 839 4200 subsidensque
852 4130 950 4204 afuisse
1002 4128 1064 4198 lege
1082 4127 1205 4198 remmia]
1224 4125 1240 4182 d
1259 4125 1374 4182 adsoni)
1410 4124 1602 4187 'tsecdroie
1620 4144 1697 4190 ιγκο·

257 4217 275 4252 a
292 4197 372 4252 ΡΨ·
417 4199 591 4255 deontinere
605 4199 641 4254 Ρ
685 4199 827 4255 4110111111
844 4197 950 4256 rufinus
1002 4198 1104 4263 eiuras
1126 4199 1326 4270 rsumpoiuesoc
1349 4197 1398 4252 BS
1427 4197 1482 4269 nl.)
1535 4198 1698 4266 reintegra

257 4287 306 4322 om.
319 4269 355 4322 ΡΙ
409 4270 571 4325 dimetari
593 4271 805 4340 nonpotestU
857 4273 948 4326 dmo-
1002 4269 1098 4326 fruetis
1110 4271 1156 4335 1²⁶,
1174 4271 1283 4340 integro
1301 4267 1405 4325 fruetus
1419 4269 1461 4334 If,
1479 4269 1579 4337 integri
1591 4267 1697 4324 fruetus

257 4338 382 4394 dontinus
395 4287 500 4394 emi?
526 4342 686 4398 8soseuola
697 4361 744 4396 om.
755 4342 806 4396 F1:
819 4340 949 4396 'issot.B
1002 4339 1137 4396 P⁶VL⁸U
1187 4343 1223 4396 25
1246 4341 1319 4397 idem
1341 4359 1390 4394 om.
1403 4341 1439 4394 Ρ
1461 4343 1465 4408 Ι
1485 4344 1605 4395 mamm
1629 4339 1701 4393 ΡΨ

257 4410 582 4483 9uelmilites1postisos
595 4413 947 4479 rnsmmrsnumnoen
1002 4414 1037 4468 26
1060 4411 1175 4468 offitium
1199 4413 1227 4466 P
1239 4415 1359 4488 (sortes
1374 4415 1453 4478 corr.)
1467 4411 1494 4466 U
1543 4411 1580 4466 30
1597 4411 1697 4480 panius

257 4484 296 4538 sai
316 4482 341 4536 oi
360 4483 513 4544 seloiuenoi
528 4483 767 4556 iepsicisstupssoi.
786 4503 851 4555 quas
870 4491 948 4538 intes*-
1002 4484 1097 4539 om.F¹
1142 4485 1176 4540 31
1189 4482 1486 4540 uetadtestimonium
1499 4501 1547 4534 ona
1558 4481 1607 4546 P·,
1619 4482 1696 4538 test-

255 4557 353 4624 palatio
366 4555 578 4625 ndmlquidemu
591 4555 647 4619 Rs,
664 4556 710 4610 aed
724 4555 949 4627 ibitsslssqm‘bua
1002 4555 1122 4610 monium
1141 4573 1189 4608 om.
1206 4554 1232 4608 U
1276 4556 1312 4610 32
1329 4569 1412 4610 sexus
1429 4553 1630 4622 inealoeeentisl
1648 4553 1697 4608 ruis

256 4631 344 4679 uenire
360 4643 411 4678 non
433 4627 491 4678 lieet
508 4625 627 4680 dicuutur
651 4645 704 4681 esse
721 4626 840 4680 monasti
858 4633 883 4680 si
899 4628 948 4680 ds·
1000 4626 1169 4694 reposuisse
1187 4626 1295 4689 oisemo
1313 4627 1361 4680 BS
1378 4625 1445 4695 (ut.)
1497 4625 1533 4679 33
1552 4623 1627 4678 idem
1646 4643 1696 4678 ers.

256 4702 307 4749 ries·
329 4701 448 4820 ocmifiqts·
470 4702 496 4748 in
511 4705 604 4752 'suen
629 4704 778 4752 ministeriis
791 4699 802 4762 ,Ι
824 4697 869 4751 uel
890 4695 948 4766 qui]
1002 4698 1039 4752 F¹
1060 4695 1150 4764 isaiae
1169 4697 1213 4751 uel
1231 4697 1316 4766 uarie}
1336 4693 1435 4752 laisum
1453 4696 1498 4750 nel
1515 4695 1696 4764 eliquaverit,

256 4766 363 4830 1⁵⁷,uel
410 4765 482 4835 iqui
499 4766 646 4822 F’PVLU
691 4770 724 4823 11
743 4769 948 4838 paulusom.F¹
1001 4766 1251 4824 laisaouelnariae
1262 4767 1492 4833 Pnutnsfflomel
1528 4765 1695 4836 Matique]

258 4837 508 4906 1npatrisP‘L·
591 4839 625 4894 13
651 4839 814 4909 pomponius
840 4857 889 4894 om.
911 4839 948 4892 F¹
1002 4839 1125 4894 utriusue
1150 4840 1320 4904 Callidus.)
1381 4838 1566 4908 tempsanus
1589 4857 1639 4892 ons
1657 4837 1696 4890 pr

257 4908 291 4962 15
303 4907 375 4962 idem
388 4907 483 4963 om.F¹
526 4907 560 4962 li
573 4909 699 4979 ulpianus
711 4928 759 4964 om.
769 4911 805 4964 F¹
845 4911 950 4980 181210-
1002 4912 1037 4965 36
1054 4911 1130 4982 item]
1142 4910 1284 4965 institutus
1302 4909 1452 4980 UlpiUot.)
1467 4912 1473 4977 1
1487 4907 1612 4964 eiusdem
1635 4909 1697 4963 eins

256 4977 320 5032 ralis
338 4979 376 5032 F²
430 4977 464 5034 19
488 4979 650 5049 papinianus
674 4981 772 5034 om.F¹
794 4982 799 5047 Ι
821 4979 855 5036 de
880 4982 948 5036 ulte·
1005 4981 1061 5054 Uip.
1080 4982 1164 5049 (Uet.)
1181 4983 1185 5049 Ι
1200 4981 1296 5050 testes]
1314 4985 1401 5038 testes
1418 4980 1450 5044 P,
1468 4984 1497 5035 et
1513 4980 1582 5035 est’s

256 5047 304 5104 riis
323 5049 361 5102 P·
407 5050 442 5104 20
460 5051 585 5121 possunt]
599 5051 748 5116 FPVLU,
766 5052 873 5122 possint
889 5050 947 5123 ΡΙ
