3720 5544
800 229 935 297 XXXXI

143 405 369 477 praetatiombus
392 421 515 462 seorsum
540 405 575 462 de
599 407 632 462 iis
650 407 842 478 exposuimus,
866 407 984 478 denique
1002 407 1029 463 in
1048 408 1246 478 supplementis
1263 407 1326 464 huic
1343 405 1505 478 praelationi
1523 407 1586 465 sub-

142 515 225 568 iestis
245 513 401 570 adiecimus
418 527 490 584 quae
507 519 605 584 postea
622 513 657 570 de
674 514 772 571 iisdem
791 499 945 570 didicimus.

196 619 304 676 Similis
324 621 450 676 utilitatis
468 625 512 676 est
529 619 590 676 libri
608 621 707 678 decimi
724 621 796 678 tituli
814 622 902 692 primi,
920 621 969 691 qui
986 626 1030 676 est
1046 618 1141 676 linium
1159 621 1352 692 regundorum,
1370 623 1525 694 exemplum
1539 641 1587 694 po·
1607 637 1716 699 excerpo
1732 655 1758 686 οι

140 729 228 784 a'tuxn
246 729 275 783 in
295 743 414 799 corpore
432 733 574 785 auctorum
592 730 804 800 gromaticomm
823 730 871 798 (G)
889 729 999 785 condito
1019 745 1036 784 a
1055 743 1178 786 mensore
1195 728 1315 799 quodam
1334 729 1428 800 ignoto
1447 731 1546 786 aetatis
1564 732 1587 786 si
1622 701 1748 823 ,33³3ss

140 851 196 890 mn
215 835 402 906 iustinianae,
419 841 493 892 certe
512 851 567 893 uon
586 839 700 893 multum
718 835 861 892 interioris.
889 841 1069 892 seruauerunt
1087 835 1115 891 id
1132 835 1194 892 libri
1212 836 1267 892 duo
1286 836 1388 893 mesnil
1405 837 1470 893 noni
1484 838 1529 893 uel
1541 837 1587 894 de·
1637 827 1731 872 naseos

139 943 206 998 cimi
226 941 466 1015 Guelferbytanus
484 943 627 1000 Gudianus
645 961 671 1000 n.
685 945 737 1000 105
755 945 871 1000 collatus
889 959 906 1000 a
924 943 1021 1001 carolo
1039 942 1214 999 Lachmanno
1233 947 1263 998 et
1280 943 1429 1000 Uaticanus
1447 943 1586 1000 Palatinus

139 1067 166 1104 u.
182 1051 260 1105 1561
284 1065 352 1106 mea
369 1065 454 1106 musa
471 1051 629 1122 recognitus
647 1051 682 1108 ab
700 1050 855 1107 Reinbardc
874 1050 1007 1106 Kelrulel.
1035 1065 1188 1107 mensorem
1207 1066 1270 1108 eum
1288 1049 1446 1107 adhibuisse
1465 1051 1586 1106 codicem

138 1173 157 1212 a
173 1157 346 1213 florentino
369 1157 508 1214 diuersum
532 1161 562 1214 et
581 1159 670 1229 magis
688 1159 862 1216 emendatum
881 1163 911 1214 et
927 1173 976 1228 per
994 1173 1024 1214 se
1042 1157 1184 1229 probabile
1202 1163 1245 1214 cst
1263 1163 1291 1214 st
1308 1158 1454 1214 lectionum
1474 1159 1587 1214 diuersi·

137 1269 199 1320 tabe
219 1261 431 1334 comprobetur.

193 1372 278 1428 Idem
298 1387 353 1427 usu
372 1371 448 1428 uenit
465 1372 494 1428 in
512 1372 753 1429 constitutionibus
770 1371 877 1428 duabus
895 1371 1046 1442 iustiniani,
1065 1371 1151 1426 altera
1168 1371 1203 1426 de
1220 1372 1398 1442 conceptione
1410 1371 1587 1445 digestmum,
1610 1381 1756 1428 constitutio·

137 1495 215 1549 quas
236 1480 337 1548 insipit
355 1479 415 1534 Deo
433 1487 544 1544 umore,
565 1480 651 1535 altera
669 1479 703 1535 de
722 1477 927 1537 confirmatione
945 1493 1039 1534 eorum
1057 1478 1155 1534 Latine
1173 1478 1283 1550 scripta,
1302 1491 1373 1548 quae
1391 1479 1486 1549 incipit
1505 1479 1588 1534 Tanta
1605 1505 1654 1552 p„
1667 1458 1764 1554 iiiam

137 1596 214 1642 ceca
235 1606 301 1641 nor:
323 1587 452 1656 leguntur
470 1587 542 1642 euim
561 1593 589 1642 et
607 1587 678 1643 inter
695 1603 742 1658 ea,
760 1602 831 1658 quas
849 1585 1061 1657 praemittuntur
1078 1585 1215 1656 Digestis,
1233 1590 1262 1640 et
1279 1585 1398 1641 insertae
1416 1585 1587 1643 constitutio·
1652 1571 1723 1676 ὦ.

138 1710 208 1748 num
231 1693 324 1748 codici
342 1692 494 1749 Iustiniaoo
511 1693 580 1750 hbro
595 1693 705 1750 ltitulo
717 1694 797 1752 XVII
815 1695 862 1764 qui
880 1699 924 1750 est
941 1693 983 1748 ‘de
1001 1694 1095 1749 uetere
1113 1693 1172 1748 iure
1191 1692 1360 1748 enucleando
1379 1697 1407 1748 et
1424 1693 1587 1750 auctoritate

139 1801 334 1871 'prudentium
353 1801 402 1872 qui
420 1801 447 1856 iu
466 1800 580 1872 digestis
598 1799 769 1858 referuntur’.
795 1801 876 1857 huius
893 1815 944 1856 nos
963 1797 1136 1856 adhibuimus
1154 1797 1238 1856 hbror
1255 1804 1385 1870 quattuor
1402 1813 1458 1870 ecs,
1477 1813 1547 1870 quos
1559 1799 1587 1855 iu

139 1908 194 1963 hcc
221 1923 330 1978 genem
354 1910 429 1972 (nam
449 1907 585 1979 antiquior
603 1909 706 1964 codicis
723 1909 866 1964 Iustiniani
884 1907 1014 1964 librorum
1032 1905 1134 1963 familia
1152 1921 1214 1964 cum
1232 1906 1294 1962 aliis
1311 1907 1434 1976 plurimis
1451 1906 1502 1963 has
1520 1923 1586 1978 quo·

139 2031 197 2084 que
218 2015 436 2071 ccmdtuticues
455 2015 555 2082 omisit)
573 2016 823 2087 praestantissimos
841 2015 973 2070 iudicauit
990 2015 1091 2070 Paulus
1109 2013 1235 2085 Kruegsr
1252 2013 1354 2070 codicis
1371 2014 1431 2070 eius
1446 2013 1534 2070 editur
1546 2012 1586 2070 iu·

139 2127 234 2192 turus,
253 2123 366 2178 scilicet
376 2122 532 2178 Casinatem
544 2123 580 2178 49
592 2123 666 2190 (218)
679 2139 751 2178 saec.
764 2121 804 2178 XI
817 2123 941 2178 exeuntis
954 2123 997 2178 nel
1009 2121 1162 2192 incipientis
1174 2121 1227 2178 xli
1242 2121 1321 2177 uobis
1335 2122 1365 2192 0,
1384 2125 1413 2177 st
1424 2119 1587 2178 Pithoeauos

139 2231 226 2300 clim,
252 2231 311 2286 iam
330 2229 520 2286 Berolineuses
537 2235 594 2286 tres
611 2231 673 2286 Lat.
685 2228 732 2286 iol.
745 2231 797 2286 273
820 2230 942 2286 eiusdem
968 2229 1080 2300 aetatis,
1104 2228 1183 2285 nobis
1202 2229 1235 2300 0,
1260 2226 1585 2285 Lat.l01.2rssinsdsm

138 2338 257 2408 amatis,
270 2337 354 2392 nobis
368 2337 399 2406 Q,
414 2337 474 2392 lut.
486 2335 532 2392 iol.
544 2339 597 2392 272
608 2352 680 2392 saec.
693 2337 746 2392 XII
757 2338 891 2407 exeuntis,
910 2335 990 2393 nohis
1003 2337 1037 2392 T:
1056 2351 1125 2406 quos
1137 2337 1290 2392 accuratius
1303 2335 1455 2406 descriptos
1467 2337 1587 2407 reperies

139 2445 221 2516 apud
239 2443 363 2500 eundem
376 2444 547 2514 Kruegerum
558 2443 649 2499 Krtiilr
661 2446 800 2516 desjmllrr.
815 2446 901 2500 Codes
912 2443 1042 2510 (Berolini
1052 2443 1132 2510 1867)
1144 2459 1171 2514 p.
1183 2443 1218 2499 11
1230 2457 1287 2513 req.
1316 2457 1410 2499 omues
1423 2443 1587 2500 contulimus

139 2553 213 2623 ipsi:
232 2567 301 2607 nam
315 2550 472 2607 Casinatem
490 2566 599 2622 quoque
617 2549 761 2608 habuimus
779 2551 906 2608 Berolini.
932 2555 1062 2619 quattuor
1078 2549 1139 2606 libri
1155 2550 1202 2606 ubi
1214 2549 1396 2618 consentiunt,
1415 2555 1480 2606 nota
1491 2565 1584 2606 eorum

139 2667 187 2716 est
207 2659 230 2714 8
249 2661 354 2714 littera
372 2689 405 2700 -
429 2660 486 2715 Has
505 2659 714 2715 constitutiones
735 2657 860 2716 librarios
884 2658 986 2714 codicis
1003 2673 1058 2714 non
1076 2657 1192 2714 traxisse
1210 2673 1244 2714 ex
1262 2656 1331 2714 libro
1349 2656 1504 2714 Florentino
1523 2673 1584 2714 cum

139 2784 178 2824 ex
198 2768 265 2823 aliis
285 2767 454 2837 argumentis
472 2767 609 2836 mhigiuu
626 2771 684 2822 tum
703 2781 738 2821 ex
756 2767 817 2837 ipsa
833 2765 958 2822 lectionis
975 2765 1142 2821 differentia:
1160 2765 1200 2821 ita
1217 2783 1244 2836 p.
1257 2764 1419 2821 xxxviii·
1438 2767 1491 2820 nn
1506 2784 1585 2838 prar-

131 2881 288 2949 seetorims
306 2888 357 2944 pro
375 2889 408 2929 eo
425 2874 499 2944 quod
518 2875 606 2930 estin
624 2876 651 2928 F
660 2877 844 2947 perfectorem
863 2874 922 2929 sine
939 2870 1023 2929 dubio
1041 2869 1222 2943 proficiscitur
1239 2871 1275 2928 ab
1293 2872 1441 2943 exemplari
1459 2872 1585 2929 emenda·

140 2985 232 3051 tiore,
258 2983 327 3036 item
350 2998 378 3052 p.
388 2981 518 3052 XXilll',
537 2983 570 3038 21
594 2996 629 3036 cx
652 2981 685 3036 iis
706 2996 776 3052 quae
793 2981 922 3052 leguntur
938 2982 966 3036 in
985 2979 1007 3033 S
1024 2999 1081 3035 eum
1097 2988 1180 3052 poerit
1199 2980 1282 3050 [antur
1290 2977 1421 3052 sorritlun
1438 2979 1587 3036 Florentini

141 3089 269 3160 scriptor
289 3103 323 3143 ea
340 3089 433 3144 omisit
450 3104 521 3158 quae
539 3089 617 3144 uncis
635 3089 806 3158 inclusimus,
828 3093 921 3158 aperte
939 3091 1051 3158 propter
1068 3085 1314 3142 homoeoteleuton.
1347 3101 1431 3156 quare
1449 3087 1587 3157 primitius

141 3196 321 3254 rediemus
344 3195 424 3252 lectio
448 3211 503 3251 non
526 3196 637 3252 minoris
660 3195 831 3252 auctoritatis
853 3201 896 3250 est
919 3210 1000 3266 quam
1023 3197 1066 3250 est
1083 3193 1252 3264 Florentius,
1277 3208 1442 3264 quamquam
1460 3193 1507 3249 iila
1523 3209 1585 3250 oum

142 3321 197 3376 per
216 3303 348 3358 hbrarios
364 3318 476 3358 numero
493 3303 586 3374 plnres
604 3302 767 3372 cucurrerit,
785 3301 894 3372 saepius
912 3316 995 3372 qnam
1014 3299 1082 3357 baec
1099 3299 1189 3357 labem
1207 3301 1298 3372 traxit,
1317 3306 1348 3356 ut
1366 3299 1436 3356 adeo
1454 3316 1508 3357 noo
1525 3317 1586 3358 raro

142 3428 248 3482 parum
278 3411 395 3480 liqueat,
425 3425 559 3480 quaenam
586 3424 651 3466 uere
679 3411 715 3465 sit
741 3409 879 3465 secundae
907 3407 1026 3464 familiae
1054 3409 1136 3464 lectio
1159 3407 1286 3479 genuina.
1324 3407 1390 3478 quid
1413 3407 1487 3478 quod
1511 3407 1586 3464 dete-
1630 3397 1635 3410 ’

142 3519 228 3575 rionis
242 3521 329 3573 uotae
342 3515 450 3573 Codicis
468 3517 529 3572 libri
547 3516 683 3572 interdum
701 3516 784 3572 etiam
802 3517 1026 3586 praeuaricantur
1043 3516 1160 3573 lectione
1178 3515 1324 3572 emendata
1340 3515 1376 3571 ad
1388 3515 1586 3572 Florentinam:

145 3631 225 3682 recte
245 3626 320 3680 enim
339 3625 380 3680 ita
395 3624 527 3681 iudicauit
544 3625 703 3695 Kruegerus
720 3623 737 3679 l.
751 3639 775 3679 o.
790 3639 817 3694 p.
831 3625 865 3680 54
878 3639 935 3694 seq.
954 3623 989 3680 de
1007 3639 1061 3681 uno
1080 3638 1182 3694 eorum,
1201 3637 1270 3694 quos
1288 3621 1470 3693 adhibuimus,
1488 3637 1587 3693 nempe

145 3739 250 3804 quarto
267 3732 321 3802 T’,
340 3733 404 3788 item
423 3733 459 3789 ds
476 3732 571 3789 codice
589 3732 759 3789 Berolinensi
777 3732 837 3787 Lat.
853 3730 898 3787 fol.
909 3733 962 3787 214
980 3732 1103 3802 aliisque,
1121 3745 1190 3801 quos
1210 3730 1372 3801 spreuimus.
1391 3759 1422 3770 -
1442 3731 1588 3786 Praeterea

147 3841 225 3896 aliud
244 3838 396 3895 tenendum
414 3846 469 3911 est,
493 3839 567 3910 quod
584 3839 703 3910 pertinet
721 3838 756 3894 ad
775 3837 889 3894 duarum
908 3837 1070 3894 familiarum
1089 3837 1291 3894 diuersitalem:
1310 3851 1407 3908 nempe
1424 3841 1587 3892 retractatas

147 3962 213 4003 esse
241 3947 467 4018 constitutiones,
495 3962 556 4002 cum
584 3962 656 4002 anno
682 3949 828 4017 postquam
856 3947 974 4002 emissae
1001 3951 1065 4002 snut
1091 3946 1119 4000 in
1146 3943 1269 4001 codicem
1295 3945 1428 4015 repetitae
1455 3944 1587 4000 lectiones

148 4055 355 4126 reciperentur,
377 4067 469 4110 earum
488 4059 580 4110 autem
599 4053 819 4110 emendationum
838 4057 867 4108 et
890 4053 1074 4122 additionum,
1095 4066 1166 4122 qnae
1189 4055 1247 4107 tum
1271 4051 1444 4123 placuerunt,
1466 4051 1586 4121 potiores

205 4307 215 4340 ¹
236 4304 380 4356 [idemtur
398 4305 471 4356 huius
489 4305 529 4356 ed.
542 4307 614 4359 ccii
626 4325 650 4374 p.
660 4307 713 4360 306
731 4313 757 4357 et
775 4306 966 4372 gronsdcsrum
984 4304 1101 4356 editionis
1118 4305 1337 4356 Lachmanniansc
1356 4302 1431 4355 uoi2
1450 4321 1475 4370 p.
1485 4303 1520 4353 42
1533 4320 1585 4369 seq.

153 4397 166 4429 ²
183 4393 308 4460 Exerurpla
319 4395 418 4460 potiora
430 4395 493 4445 haec
508 4405 579 4446 sunt:
597 4414 622 4462 p.
635 4395 759 4458 XXIHI',
774 4395 806 4446 13
824 4394 1007 4447 sanctissimum
1019 4395 1070 4458 Μ’,
1089 4395 1281 4446 armatissimum
1295 4391 1369 4458 000
1384 4423 1413 4432 -
1427 4411 1452 4459 p.
1461 4392 1586 4455 XXIIII‘,

152 4485 185 4536 ‘21
205 4484 295 4535 meiius
314 4491 343 4534 et
359 4485 463 4549 aequius
482 4483 533 4549 Pr,
555 4486 642 4551 aquius
660 4495 686 4536 et
702 4485 790 4536 meiius
805 4482 879 4550 000
899 4514 929 4521 —
949 4501 975 4550 p.
987 4481 1111 4546 XXIIII',
1124 4483 1157 4536 26
1176 4483 1407 4550 interpretationem
1420 4481 1487 4546 ΙΨ,
1506 4483 1584 4534 inter·

153 4575 323 4642 pastionum
343 4570 457 4637 OOQT⁸
479 4603 508 4610 —
534 4591 558 4640 p.
571 4573 669 4636 XXV,
688 4573 723 4624 24
746 4575 817 4639 sequi
836 4573 885 4636 ff,
909 4574 979 4640 sequi
1004 4581 1030 4624 et
1050 4573 1133 4640 legem
1158 4573 1204 4628 00
1230 4603 1260 4611 -
1286 4589 1311 4640 p.
1324 4569 1484 4633 XXXVIH',
1505 4571 1537 4622 14
1560 4579 1586 4621 st

153 4665 260 4716 diuersis
283 4661 342 4726 ff,
371 4679 400 4714 ac
425 4663 530 4714 diuersis
555 4661 629 4728 000
655 4694 683 4702 -
709 4681 734 4730 p.
751 4661 912 4726 xxxvnin
935 4663 969 4714 25
996 4663 1163 4729 quaestorium
1187 4661 1244 4726 ff,
1271 4669 1428 4728 quaestorem
1453 4657 1527 4724 000
1551 4689 1584 4697 -

154 4753 354 4820 pfflVffl',
368 4751 402 4802 29
421 4753 589 4818 quaestorium
606 4753 633 4816 F,
652 4761 809 4819 quaestorum
830 4753 859 4818 Τ,
877 4761 1035 4820 quaestorem
1056 4749 1129 4816 000
1155 4782 1185 4790 -
1211 4750 1585 4818 pxxxxn·,12mlribus

154 4843 203 4908 Π,
220 4844 302 4894 tribus
317 4840 393 4906 000
407 4869 438 4879 -
457 4860 482 4908 p.
495 4841 644 4905 XXXXH',
657 4843 689 4893 31
710 4827 884 4909 cognationem
897 4841 961 4905 Μ’,
979 4841 1148 4908 cognitionem
1161 4839 1274 4906 00οΤι
1292 4870 1325 4878 -
1344 4858 1369 4907 p.
1382 4837 1555 4899 mxima
1571 4839 1582 4888 l

154 4934 261 4986 υἰιίοιιεε
285 4933 321 4996 F,
345 4931 483 4983 diumiouea
507 4931 541 4997 T,
566 4933 687 4984 iussiones
712 4929 785 4996 000
808 4961 841 4970 -
870 4951 895 4998 p.
913 4931 1074 4992 xxxxiv,
1096 4930 1131 4981 23
1154 4947 1216 4996 quos
1239 4939 1264 4981 et
1286 4929 1341 4993 FT,
1366 4946 1427 4994 quos
1454 4925 1527 4991 000
1553 4957 1583 4964 -

154 5021 353 5091 pamm
365 5021 402 5074 30
420 5038 467 5072 neo
485 5022 528 5088 qui
544 5030 634 5088 postea
651 5021 744 5072 fixerint
762 5019 875 5086 GOQT‘
893 5028 966 5086 rer-tr,
984 5037 1066 5088 usque
1084 5029 1174 5087 post-ea
1191 5021 1282 5076 tierent
1300 5019 1358 5074 11·
1375 5020 1446 5072 maie.
