3848 5536
936 226 1081 294 Lllllllll

292 418 354 459 cum
373 403 496 473 magistri
513 404 652 475 responsis
669 404 890 474 interponuntur:
913 404 941 460 in
960 418 994 459 ea
1010 419 1077 460 uero
1095 409 1186 476 parte,
1204 420 1275 475 quae
1293 405 1333 461 sic
1351 419 1405 462 non
1422 404 1614 476 enarrabatur,
1631 407 1723 463 nereio

291 525 326 566 ea
349 510 384 566 ad
406 524 456 566 nos
474 511 600 581 peruenit
618 509 706 568 forma
722 511 831 582 puriore
850 512 1018 583 praescripto
1037 513 1146 568 nomine
1163 511 1320 568 Dorothei¹.
1352 515 1409 568 tam
1428 511 1613 583 Stephaniana
1630 517 1722 569 autem

291 632 373 688 quam
391 616 567 673 Dorotheana
584 632 656 687 quae
674 623 792 674 aetatem
811 619 939 688 tulerunt,
957 623 1052 674 extant
1068 619 1140 674 inter
1157 616 1261 674 scholia
1278 619 1465 676 Basilioorum.
1494 619 1633 676 mersiones
1650 619 1722 675 dnae

291 723 509 795 compendiarias
535 739 552 780 a
575 724 717 796 Byzantiis
746 723 902 781 tribuuntur
928 725 1014 781 altera
1038 725 1184 798 Anonymo
1207 727 1258 793 (sic
1281 727 1352 782 enim
1377 741 1440 782 eum
1463 727 1605 797 allegant),
1635 727 1722 783 altera

292 829 400 902 cyrillo.
433 831 478 888 illa
501 832 598 902 paucis
618 833 687 888 locis
709 832 832 903 exceptis
854 847 903 902 pro
926 837 1005 888 textu
1023 837 1066 888 est
1083 833 1261 889 Basilicarum
1279 847 1387 903 eorum,
1414 847 1484 903 quae
1503 833 1647 904 habemns,
1670 834 1721 891 sed

290 939 403 994 mutatis
426 937 617 1010 quibusdam²,
641 939 759 995 maxime
777 938 890 995 Graccis
907 939 973 996 iuris
992 939 1133 996 uocabulis
1152 939 1307 996 substitutis
1324 955 1375 1010 pro
1393 940 1498 996 Latinis
1519 939 1554 997 ab
1573 939 1720 1013 Anonymo

289 1045 415 1115 retentis,
439 1044 549 1101 scholiis
566 1051 658 1102 autem
680 1061 751 1117 quac
770 1046 870 1102 adiecit
887 1045 1049 1119 Anonymus
1067 1047 1138 1102 inter
1155 1046 1259 1103 scholia
1275 1047 1454 1104 Basilioorum
1473 1047 1599 1118 receptis.
1627 1048 1721 1121 Gyn'lli

290 1165 361 1222 quae
379 1156 497 1223 restant,
521 1153 549 1208 in
566 1152 664 1208 iisdem
682 1153 791 1210 scholiis
810 1154 988 1224 reperiuntur.
1015 1169 1050 1209 ox
1067 1153 1109 1210 his
1127 1154 1209 1224 louge
1227 1155 1330 1225 optima
1348 1159 1412 1210 sunt
1428 1154 1617 1227 Dorotbeans,
1641 1157 1721 1212 cuins

289 1257 458 1328 digestorum
477 1261 568 1315 uersio
586 1275 641 1316 non
659 1265 767 1330 aequat,
786 1275 871 1331 prope
889 1266 982 1316 mmen
1001 1260 1108 1316 accedit
1125 1261 1161 1316 ad
1179 1261 1332 1316 uersionem
1345 1259 1408 1316 nari
1421 1261 1489 1316 ndns
1502 1261 1610 1318 Codicis
1622 1262 1721 1320 Thale·

289 1366 423 1422 laeenam.
450 1365 635 1438 Stephaniana
652 1366 803 1424 secundnm
821 1368 910 1422 locum
930 1366 1054 1424 obtinent
1071 1383 1122 1423 nec
1134 1341 1289 1439 spernenda
1300 1373 1372 1440 sunt,
1390 1369 1473 1425 modo
1484 1368 1569 1440 probe
1580 1369 1721 1427 discernas

290 1487 361 1543 quae
379 1473 532 1529 sensionem
551 1472 684 1530 Graecam
707 1474 878 1530 constituunt
899 1489 916 1528 a
933 1475 1134 1530 commentariis
1159 1481 1188 1531 et
1210 1476 1310 1546 glossis
1333 1481 1362 1532 et
1379 1475 1489 1532 casibus
1506 1475 1621 1534 adiectis
1638 1477 1721 1534 inter-

289 1579 413 1637 iectisue.
439 1579 578 1653 Anonymi
596 1584 625 1636 et
642 1580 735 1654 Byrilli
753 1581 888 1652 epitomis,
907 1595 1022 1652 quarum
1041 1581 1087 1636 illa
1104 1582 1209 1652 plenior
1228 1597 1289 1638 esse
1306 1582 1384 1654 solet,
1403 1582 1471 1639 haec
1489 1589 1518 1640 et
1534 1598 1623 1639 rernm
1641 1584 1721 1640 intel-

289 1687 410 1757 legentis
426 1692 455 1742 et
472 1688 605 1744 sermonis
622 1693 697 1743 tersa
714 1685 848 1743 breuitate
866 1687 982 1758 insignls
999 1693 1050 1758 est,
1069 1689 1229 1760 plerumque
1247 1689 1284 1745 ibi
1298 1695 1404 1746 tantum
1422 1690 1532 1762 utimur,
1550 1689 1598 1747 nbi
1616 1690 1722 1762 plenior

289 1793 380 1850 acreio
398 1791 499 1850 deficit.
526 1795 587 1865 ipsa
603 1793 690 1850 uerba
707 1795 805 1850 Latina
823 1809 840 1850 a
858 1793 971 1850 Graecis
988 1794 1182 1866 interpretibus
1198 1811 1260 1853 raro
1277 1797 1317 1852 ita
1334 1797 1492 1868 afferuntur,
1511 1802 1541 1854 ut
1558 1797 1622 1853 inde
1639 1797 1721 1869 proli·

290 1900 380 1956 oias⁸r
401 1900 436 1956 de
457 1902 580 1958 lectionis
598 1901 758 1958 Buemimte
782 1901 978 1973 exemplarium
1003 1918 1020 1958 a
1043 1917 1074 1958 se
1097 1901 1303 1960 obseruatomrn
1327 1919 1461 1974 nusquam
1486 1902 1571 1960 uerba
1591 1903 1721 1961 iaciuntt.

289 2007 409 2077 deipsis
427 2007 598 2064 uersionibns
616 2023 752 2079 exponere
770 2023 821 2066 nec
843 2025 934 2064 meum
952 2013 996 2065 est
1013 2015 1043 2065 et
1060 2010 1188 2066 dixerunt
1200 2009 1346 2080 dicentque
1358 2011 1418 2066 alii:
1437 2025 1489 2082 ego
1506 2025 1596 2080 pauca
1613 2014 1721 2067 tantum

290 2113 390 2170 addam
409 2115 443 2170 de
462 2117 577 2186 cantela,
595 2130 651 2186 qua
668 2131 737 2186 opus
752 2121 795 2170 est
807 2116 843 2171 ad
855 2115 964 2187 digesta
976 2115 1155 2173 emaculanda
1166 2131 1214 2173 eas
1226 2115 1428 2173 adhibentibus.
1455 2117 1611 2174 uersionum
1624 2117 1720 2173 harum

290 2219 378 2277 forma
395 2221 541 2278 admodum
560 2223 638 2278 naria
655 2226 744 2278 estet
762 2238 824 2278 cum
843 2239 897 2279 non
914 2238 976 2279 raro
993 2238 1088 2294 presse
1100 2229 1249 2294 sequantur
1261 2223 1367 2294 Latina,
1385 2223 1449 2280 alibi
1466 2223 1548 2294 longe
1565 2223 1629 2279 inde
1646 2239 1721 2280 rece·

290 2327 360 2384 dunt
377 2329 458 2385 modo
476 2328 652 2386 deflectentes
670 2330 706 2386 ad
724 2331 860 2401 epitomae
875 2329 999 2400 formam,
1018 2329 1147 2386 modoad
1160 2331 1413 2387 commentariorum
1427 2331 1513 2387 instar
1525 2331 1720 2402 exspatiantes,

290 2440 322 2491 ut
339 2440 414 2491 recte
432 2436 466 2491 iis
484 2437 525 2492 uti
542 2452 598 2493 non
615 2436 704 2508 possit
725 2437 777 2492 nisi
801 2437 848 2507 qni
870 2438 1026 2493 uniuersam
1050 2452 1143 2493 earum
1166 2437 1285 2494 indolem
1308 2441 1390 2494 antea
1412 2436 1587 2509 perdidicerit
1609 2439 1722 2508 etquid

290 2541 389 2598 Latina
412 2542 452 2598 sio
474 2544 591 2599 uertenti
613 2543 695 2600 licere
719 2543 883 2599 crediderint
906 2544 1047 2616 Byzantii,
1071 2545 1139 2600 satis
1162 2544 1334 2602 intellexerit
1361 2544 1435 2616 quod
1458 2559 1623 2616 quamquam
1646 2545 1722 2603 cadit

290 2649 408 2705 maxime
425 2649 453 2704 in
471 2651 610 2722 Anonymi
627 2656 657 2706 et
674 2650 767 2723 cyrilli
786 2657 814 2706 et
831 2649 963 2721 Stephani
981 2652 1184 2722 commentaria,
1201 2657 1294 2708 tamen
1312 2666 1347 2707 ne
1364 2651 1539 2708 Dorotheana
1556 2653 1666 2724 quidem
1684 2652 1721 2710 ab

290 2755 475 2812 additionibus
496 2762 524 2812 et
541 2756 734 2814 omissionibus
751 2757 883 2813 immunia
901 2763 1068 2813 manserunt.
1096 2758 1195 2814 deinde
1217 2758 1372 2830 interpretis
1394 2757 1529 2830 officium,
1552 2761 1671 2817 maxime
1691 2761 1721 2818 iu

290 2862 424 2918 eiusmodi
441 2877 524 2935 opere
542 2865 630 2921 multa
646 2865 788 2936 complexo
806 2879 861 2920 non
879 2865 967 2920 solum
985 2863 1107 2922 difficilia
1130 2870 1158 2920 et
1175 2864 1319 2936 ambigua,
1342 2865 1392 2922 sed
1416 2866 1499 2922 etiam
1523 2865 1721 2924 inextricabilia

290 2972 319 3025 et
340 2970 489 3040 antiquitus
508 2975 644 3043 corrupta,
662 2971 740 3044 quasi
759 2971 877 3043 quadam
895 2972 1059 3028 necessitate
1078 2973 1251 3028 coniunctum
1270 2977 1314 3028 est
1330 2987 1392 3028 oum
1410 2973 1632 3043 interpolatione:
1656 2991 1720 3031 nem

290 3077 334 3132 cui
352 3077 484 3133 uertenda
501 3082 567 3134 sunt
584 3091 655 3148 quiae
672 3078 794 3148 intellegi
812 3080 962 3149 nequeunt,
985 3078 1044 3136 lieri
1067 3095 1122 3136 nou
1144 3085 1249 3150 potest,
1272 3079 1337 3150 quin
1356 3081 1385 3135 ui
1403 3084 1451 3135 aut
1468 3080 1538 3135 clam
1556 3081 1645 3152 magis
1661 3096 1720 3137 rem

289 3183 419 3255 expediat
435 3200 517 3255 quam
536 3186 641 3242 ratione
658 3192 687 3242 et
704 3186 825 3243 coneilio.
853 3187 935 3242 etiam
953 3187 1080 3259 Byzantii
1103 3187 1266 3258 interpretes
1284 3201 1449 3256 quamquam
1468 3201 1551 3258 saepe
1568 3187 1643 3258 ipsas
1661 3203 1720 3246 cor·

289 3291 411 3361 ruptelas
433 3296 491 3347 tam
515 3297 642 3349 accurme
660 3293 850 3365 reddiderunt,
874 3299 906 3350 ut
928 3293 1044 3350 mendae
1068 3291 1209 3366 archetypi
1228 3294 1331 3364 pariter
1348 3309 1383 3350 ex
1400 3293 1525 3350 mersione
1543 3298 1719 3368 appareanti,

289 3395 353 3452 abbi
370 3404 499 3469 corrupta
516 3405 565 3455 aut
582 3401 707 3456 omisisse
723 3401 899 3457 inueniuntur
917 3404 966 3457 ant
982 3401 1142 3457 immutasse
1159 3401 1317 3458 coniectura
1327 3401 1486 3472 plerumque
1497 3401 1619 3457 uiolenta
1629 3417 1720 3473 neque

289 3503 325 3560 ad
343 3504 460 3561 traditae
477 3506 602 3562 lectionis
620 3507 756 3564 elementa
773 3508 841 3564 satis
858 3511 961 3579 aptata,
979 3513 1011 3562 ut
1029 3507 1183 3564 emendatio
1201 3507 1270 3564 adeo
1289 3521 1344 3564 non
1357 3523 1419 3564 raro
1437 3507 1617 3578 degeneraret
1633 3510 1662 3566 in
1679 3510 1719 3566 in·

287 3771 348 3804 num
364 3755 420 3821 ipse
438 3753 536 3808 Graece
553 3741 642 3808 ¹iecerit
659 3773 690 3809 ex
708 3757 804 3810 Latinis
826 3775 858 3810 an
877 3758 980 3812 buerit
1002 3774 1032 3810 ex
1055 3759 1171 3812 nersione
1194 3759 1345 3826 antiquiore,
1370 3760 1437 3825 quod
1459 3761 1539 3828 magis
1561 3760 1718 3824 crediderim,

288 3851 410 3908 quaerent
427 3861 530 3910 quorum
547 3846 660 3898 interest.

343 3933 351 3966 ¹
371 3932 464 3984 Uerum
482 3943 522 3986 est
538 3935 642 3987 huiusce
659 3935 871 4002 interpretationis
889 3935 1024 4004 particulas
1042 3935 1188 4003 plerumque
1206 3937 1231 3988 in
1250 3936 1350 3990 scholiis
1361 3936 1524 3990 Basilicomm
1541 3937 1593 4005 logi
1611 3938 1718 3991 auctoris

288 4021 388 4073 nomine
405 4023 560 4090 praescripto
578 4023 660 4076 nullo:
683 4025 730 4076 sed
747 4025 791 4076 ubi
807 4041 898 4076 nomen
921 4025 1077 4087 enuntietur,
1100 4035 1257 4092 nuncupatur
1273 4026 1424 4080 Dorotheus.
1451 4029 1509 4080 uide
1527 4027 1718 4080 Heimhachinm

287 4109 305 4162 l.
318 4127 339 4161 o.
358 4128 383 4178 p.
397 4111 440 4164 43.
533 4113 544 4146 ¹
562 4113 644 4165 Etiam
662 4121 765 4181 propter
782 4115 820 4165 ius
839 4115 937 4166 interim
954 4121 1075 4165 rnutmum
1094 4114 1217 4179 quaedam
1240 4114 1370 4167 immutata
1392 4125 1464 4178 sunt,
1487 4126 1516 4167 ut
1537 4134 1583 4184 pro
1606 4116 1718 4182 legitima

287 4207 377 4266 quarta
399 4201 520 4267 portionis
544 4202 576 4254 ab
600 4203 719 4256 intestato
740 4203 840 4254 tertiam
861 4203 915 4256 fere
938 4201 1119 4254 substituerunt
1136 4215 1239 4271 propter
1261 4205 1385 4256 nouesssm
1409 4206 1441 4257 18
1459 4207 1527 4272 (u.l,
1542 4205 1601 4268 176,
1616 4205 1717 4272 itala:

288 4287 338 4340 alia
355 4288 445 4340 similis
462 4290 521 4342 uida
539 4292 607 4359 apud
625 4291 817 4344 Heimbachium
834 4291 865 4354 6,
886 4291 945 4344 126.
972 4292 1006 4343 ad
1028 4292 1123 4344 scholia
1142 4293 1347 4361 interpolationes
1366 4311 1412 4346 eae
1429 4294 1471 4346 uix
1489 4312 1607 4361 umquam
1624 4312 1716 4361 perue-

287 4387 379 4430 nerunt
396 4387 423 4430 et
439 4387 573 4446 praeterea
589 4380 626 4432 ita
642 4389 803 4448 comparatae
821 4391 887 4444 sunt,
905 4389 933 4433 ut
950 4381 1067 4434 facillime
1085 4382 1306 4449 deprehendantur
1323 4399 1370 4435 nec
1387 4393 1502 4436 noceant.
1572 4384 1584 4418 ⁸
1603 4383 1717 4451 Exempli

287 4483 364 4518 eausa
381 4466 411 4518 B.
423 4467 467 4529 22,
483 4469 535 4531 1,8
559 4469 654 4522 sch.2:
678 4467 806 4533 areston
832 4469 847 4524 ὃ
869 4481 929 4534 tacu
953 4469 985 4524 τὸ
1003 4470 1083 4541 parba
1108 4471 1194 4541 npiop,
1220 4472 1287 4538 quod
1309 4472 1419 4539 pertinet
1441 4473 1474 4524 ad
1492 4473 1524 4524 D.
1538 4471 1580 4534 22,
1593 4473 1619 4534 3,
1631 4473 1656 4524 8.
1685 4471 1717 4524 cf.

287 4555 428 4608 Heimhach
446 4557 471 4620 6,
490 4557 525 4610 20
543 4577 568 4610 n.
584 4559 624 4610 14.
652 4542 700 4625 ego
723 4559 784 4611 talla
801 4577 851 4612 uon
871 4561 1004 4623 adnotaui,
1028 4561 1077 4612 nisi
1100 4561 1143 4611 ubi
1161 4577 1226 4626 quae
1244 4561 1280 4612 sic
1298 4561 1434 4612 afferuntur
1452 4561 1486 4613 ad
1503 4570 1598 4613 textum
1621 4563 1717 4614 consti-

287 4646 407 4697 tuendum
426 4647 520 4713 aliquid
537 4647 656 4699 momenti
674 4647 768 4700 habere
785 4649 841 4702 uisa
858 4659 924 4701 sunt.
1004 4650 1015 4684 ⁴
1033 4650 1114 4701 Aliter
1132 4650 1216 4701 estin
1234 4649 1335 4702 scholiis
1352 4651 1540 4714 recentioribus,
1558 4652 1601 4703 ubi
1619 4651 1716 4718 aliquo-

287 4735 335 4786 ties
352 4745 467 4788 mouetur
484 4737 517 4788 de
532 4735 673 4788 differentia
685 4737 862 4805 exemplarium
875 4739 945 4804 (uide
957 4740 990 4791 ed
1002 4739 1023 4801 l,
1038 4740 1096 4801 110,
1109 4739 1151 4790 20.
1170 4739 1230 4802 640,
1246 4739 1286 4791 16.
1304 4739 1337 4802 lI,
1350 4739 1410 4802 211,
1422 4739 1465 4793 37.
1484 4741 1545 4802 215,
1557 4741 1582 4792 2.
1600 4741 1662 4802 143,
1677 4741 1717 4794 ll.

287 4824 349 4888 806,
361 4825 386 4877 5.
405 4825 526 4889 808,10,
550 4826 610 4877 item
628 4825 819 4880 Heimhachium
836 4827 916 4881 uol.6
934 4847 959 4895 p.
975 4829 1059 4896 168).“
1072 4827 1224 4895 exemplaria
1242 4837 1326 4880 autem
1346 4829 1380 4880 ihi
1398 4829 1517 4896 intellego
1535 4847 1586 4882 non
1603 4830 1716 4896 digesto-

287 4931 356 4977 rum,
380 4915 427 4966 sed
448 4923 493 4967 aut
514 4916 625 4984 ipsorum
647 4915 810 4968 Basilicarum
834 4925 877 4969 aut
899 4918 982 4984 potius
1000 4917 1142 4969 uersionuur
1166 4916 1319 4970 Graecarum
1342 4919 1407 4971 inter
1430 4935 1458 4970 se
1480 4919 1626 4972 colletmm
1649 4919 1716 4986 (sac.

286 5003 320 5068 ΙΙ,
333 5003 394 5068 806,
406 5005 442 5072 6).
548 5005 559 5039 ⁵
579 5005 869 5071 dissentirent.
896 5006 1058 5070 11,451,66.
