3812 5598
296 205 415 272 XXVII
439 206 616 270 1016-17
969 197 1058 278 814
1256 223 1302 268 nu
1326 220 1565 270 censueramus
1586 222 1732 270 rumoso

296 362 362 417 dere
381 361 465 416 debet
482 365 594 416 senatus
611 359 698 430 patris
716 360 900 416 uoluntatem:
925 365 1017 415 manet
1035 360 1106 414 enim
1126 373 1160 413 ea
1177 358 1253 414 datio
1271 360 1405 416 orrratoris
1423 359 1496 429 apud
1513 363 1681 430 praetorem,
1703 365 1735 414 ut

264 460 276 504 1
296 451 428 520 rescripto
446 449 504 504 diui
521 449 606 504 llarei
623 450 787 505 continetur.
823 450 873 504 His
891 463 1062 518 eonsequens
1081 446 1092 518 ss
1112 453 1167 518 eat,
1188 452 1220 503 ut
1236 453 1265 502 et
1282 449 1306 504 si
1323 447 1439 519 prodige
1457 454 1612 504 erratorem
1630 448 1735 504 dederit
1751 455 1767 501 l.
1778 455 1823 502 ιιι

296 546 382 610 pater,
401 540 571 594 uoluntatem
590 538 649 593 eius
668 539 746 608 sequi
764 537 865 594 debeat
883 543 993 608 praeter
1007 552 1124 607 eumque
1137 536 1202 592 dere
1216 541 1377 593 curatorem.
1405 537 1454 594 ssd
1465 541 1558 593 etrum
1570 537 1735 606 omnimodo,

296 643 331 683 au
349 629 400 696 ita,
420 627 444 682 si
460 625 582 682 futurem
600 632 689 698 esset,
709 633 748 698 ut,
766 627 819 682 uisi
837 633 915 697 pater
934 627 1037 695 aliquid
1054 630 1221 682 testamento
1240 627 1367 697 cauisset,
1385 631 1495 696 praeter
1513 627 1539 682 ei
1557 626 1637 682 bonis
1650 627 1735 681 inter-

263 725 277 770 2
296 716 420 774 dicturus
438 716 532 771 esset?
559 719 588 770 et
605 716 724 771 maxime
742 717 766 772 si
783 714 854 772 tilios
872 715 973 772 babeat
990 717 1043 770 iste
1062 715 1213 785 prodigus?
1242 716 1335 770 Potuit
1352 722 1446 771 umen
1462 719 1542 786 pater
1554 721 1583 771 et
1594 714 1663 770 alias
1674 731 1736 785 pro
1753 725 1766 766 s

296 806 391 861 uidere
409 804 555 876 nepotibus
574 805 644 874 suis,
663 806 687 860 si
704 821 753 861 ees
770 806 897 860 iussisset
915 804 1031 860 heredes
1048 820 1111 859 esee
1129 809 1157 858 et
1175 803 1370 860 exheredasset
1386 803 1471 860 filium
1488 805 1569 874 eique
1588 804 1664 873 quod
1681 803 1736 860 sui-

295 893 390 950 fleeret
408 894 598 950 alimentorum
616 894 726 949 nomine
744 893 779 949 ab
798 895 838 949 eis
857 899 962 949 eertum
979 895 1102 963 legasset
1119 893 1213 948 addita
1231 909 1316 979 quasa
1334 895 1554 964 necessitatequo
1571 893 1666 948 iudicii
1680 893 1735 948 sui:

296 989 345 1039 aut
366 985 390 1038 si
413 999 468 1040 uon
491 981 588 1038 hebuit
609 983 637 1038 in
661 988 797 1053 potestate
815 988 946 1054 nepotes,
971 983 1100 1053 quoniam
1118 983 1289 1052 emancipato
1308 983 1362 1037 iam
1380 981 1435 1039 filio
1453 984 1511 1038 uati
1528 981 1661 1052 tuissent,
1685 981 1737 1037 sub

262 1084 277 1128 e
296 1072 456 1127 conditione
474 1088 522 1127 eos
540 1071 655 1126 heredes
674 1073 823 1142 instituere,
844 1078 875 1128 ut
893 1072 1131 1141 emmeipmentur
1148 1087 1166 1126 a
1183 1077 1261 1140 patre
1278 1071 1402 1140 prodigo.
1431 1071 1487 1128 Sed
1504 1071 1572 1140 quid
1589 1072 1614 1126 si
1631 1085 1683 1126 nea
1700 1071 1738 1126 ad

295 1161 348 1218 hoo
370 1177 553 1218 eonsensums
577 1165 651 1216 esset
672 1161 824 1231 prodigus?
856 1160 905 1216 sed
928 1175 979 1230 per
1001 1160 1095 1216 emnia
1116 1160 1247 1215 iudieium
1264 1162 1405 1216 testatoris
1423 1159 1594 1230 sequendum
1613 1165 1669 1229 est,
1692 1175 1736 1229 ne,
1755 1167 1781 1208 tt

296 1263 376 1318 quem
400 1254 479 1319 pater
500 1263 567 1305 uero
591 1249 704 1305 oonsilio
721 1249 866 1320 prodigum
886 1249 1015 1319 eredidit,
1039 1265 1103 1306 eum
1120 1250 1297 1320 magistratus
1314 1255 1427 1322 propter
1444 1248 1548 1319 aliquid
1565 1246 1637 1304 forte
1655 1264 1737 1304 suum

295 1339 393 1392 uitium
411 1337 540 1394 idoneum
557 1339 704 1408 putauerit.

240 1428 277 1486 17
348 1426 442 1486 Gerus
465 1427 534 1482 libro
556 1427 644 1496 prime
664 1426 699 1482 de
718 1426 986 1483 manumissionibus.
1022 1427 1139 1482 Curatur
1155 1424 1252 1482 sudori
1269 1425 1345 1482 nullo
1362 1424 1445 1480 modo
1461 1423 1542 1480 liber·
1562 1421 1738 1508 [Qum-j}
1755 1428 1781 1482 P

295 1519 381 1570 tatem
399 1522 539 1586 praestare
556 1519 663 1587 potest,
688 1516 762 1586 quod
780 1532 814 1572 ea
831 1531 875 1572 res
894 1533 928 1572 ex
946 1516 1181 1572 administratione
1200 1529 1255 1570 ueu
1272 1518 1330 1570 est:
1353 1531 1418 1571 uam
1435 1515 1464 1572 in
1481 1514 1617 1570 tradendo
1636 1515 1676 1568 ita
1693 1529 1739 1568 res

294 1602 391 1662 brrioei
414 1605 527 1674 alienat,
552 1606 575 1659 ai
598 1605 627 1660 id
650 1604 686 1659 ad
704 1605 966 1662 administrationem
985 1606 1158 1675 negotiorum
1176 1605 1324 1674 pertineat:
1349 1609 1377 1660 et
1394 1604 1453 1660 ideo
1471 1604 1496 1660 si
1514 1603 1635 1660 donandi
1653 1618 1740 1658 eausa
1757 1613 1784 1654 rs

295 1693 402 1762 alienet,
424 1709 514 1764 neque
531 1692 643 1751 traditio
661 1694 807 1765 quiequam
826 1694 938 1766 ualebit,
959 1695 1066 1750 nisiex
1084 1709 1186 1764 magua
1203 1693 1321 1750 udlimte
1338 1691 1434 1749 fumosi
1450 1692 1504 1750 boo
1522 1693 1680 1764 neguitioua
1697 1693 1739 1748 iu·

294 1781 363 1838 dieis
381 1781 473 1838 faeiat

294 1887 520 1958 HWDQEIO)

295 2049 328 2102 11
348 2053 459 2117 propter
477 2047 579 2118 aliquid
597 2046 667 2104 torte
689 2063 768 2103 suum
791 2047 899 2118 uitium]
922 2048 987 2104 inec
1039 2047 1138 2104 idonee
1150 2047 1224 2102 FW:
1244 2047 1307 2104 dees
1323 2047 1472 2118 Morere]
1486 2047 1738 2120 tmpoiaesoorpa·

294 2117 327 2174 Δι’
339 2117 712 2200 eisaioe'salnmaaBS(ut.)
731 2119 986 2189 15id001DQEld
1040 2119 1143 2191 tetrice
1164 2119 1212 2174 BS
1229 2117 1296 2191 (ul.)
