3720 5544
846 225 891 294 XI

154 401 235 470 igibm
257 401 287 457 in
310 399 460 474 archetypo
477 403 621 460 Iustiniani
643 404 753 475 singula
774 407 904 475 excerpta
928 403 1058 460 distincta
1079 401 1165 460 fuisse
1188 418 1243 458 nou
1261 401 1381 459 numeris
1398 402 1581 475 praescriptis,

154 507 201 562 sed
216 509 278 566 solo
295 509 406 565 nomine
423 511 544 566 aucturis
561 525 648 581 eoque
666 512 780 568 miniato
798 511 946 568 accedente
963 510 1062 583 capitis
1077 509 1252 580 iudicatione,
1270 509 1375 566 scilicet
1391 515 1423 566 ut
1436 510 1474 566 ibi
1486 525 1601 568 uenus·

154 616 284 686 inciperet
299 617 443 688 primaque
460 618 552 673 littera
568 622 598 673 et
614 619 701 676 maior
718 617 797 675 fieret
814 623 844 674 et
861 633 895 674 ex
914 633 1043 675 uersuum
1064 617 1158 674 ardue
1176 617 1204 673 iu
1222 617 1372 687 marginem
1390 617 1533 674 emineret:
1555 617 1583 674 id

154 722 224 792 quod
241 737 294 779 nos
313 737 423 795 quoque
441 725 612 794 aliquatenus
630 725 730 782 imitati
748 741 843 783 sumus
866 731 1008 783 auctorum
1031 723 1188 780 nominibus
1209 724 1347 796 expressis
1365 724 1463 780 litteris
1480 722 1584 782 lormae

154 829 270 885 uniaris.
284 830 460 887 nibilominus
472 845 600 888 numeros
613 832 816 904 adscripsimus,
825 831 926 903 quibus
937 833 966 888 iu
977 831 1110 888 eiusmodi
1123 846 1206 902 opere
1218 831 1273 886 mm
1285 846 1378 888 carere
1387 831 1539 902 nequimus.
1549 861 1582 872 -

153 935 277 1007 capsam
296 937 449 1008 longiorum
468 937 618 994 diuisioues
635 940 663 996 in
681 939 868 1011 paragraphus
886 954 958 1010 quae
975 938 1053 996 nobis
1067 938 1206 1008 dicuutur,
1225 936 1323 994 essars
1337 951 1404 994 uaso
1415 939 1584 1010 Byzantiis²‚
1602 942 1737 1002 paragraphi

151 1043 239 1099 latim
259 1051 337 1100 certe
354 1044 463 1100 codioes
481 1046 555 1102 nullo
573 1050 698 1118 tempore
716 1046 898 1103 admiserunt:
917 1062 1082 1118 quamquam
1100 1049 1204 1117 puncta
1221 1049 1278 1100 tam
1296 1045 1324 1102 in
1343 1045 1499 1102 Florentino
1514 1045 1584 1102 libro

151 1165 229 1222 quam
249 1150 280 1206 iu
297 1150 432 1208 similibus
449 1167 504 1208 uon
522 1168 584 1209 raro
601 1152 640 1209 ibi
657 1154 762 1225 posita,
786 1153 835 1210 ubi
859 1154 1001 1211 araneam
1023 1152 1122 1210 linium
1143 1158 1173 1209 et
1194 1152 1330 1224 expositio
1353 1152 1389 1208 ad
1407 1153 1461 1208 alia
1477 1153 1583 1223 bausit,

150 1257 286 1314 dusmodi
303 1257 465 1315 diuisionem
484 1259 686 1330 quodammodo
704 1264 876 1330 praeparant.

199 1363 294 1420 Unum
314 1364 447 1422 addemus
465 1365 500 1422 ds
519 1365 607 1423 forma
623 1367 714 1438 operis
731 1367 861 1424 uniuersa
878 1383 941 1423 cum
958 1367 992 1424 iis
1004 1381 1076 1438 quae
1087 1365 1177 1422 adbuc
1189 1363 1397 1422 obseruauimus
1409 1365 1584 1423 coniunctum
1602 1371 1696 1446 bigartu
1712 1376 1760 1420 tou

149 1475 176 1526 et
198 1471 406 1542 quedammodo
428 1475 627 1530 consectarium
651 1473 729 1544 inde,
752 1474 858 1530 scilicet
874 1473 984 1546 digesta
1001 1474 1131 1530 uniuersa
1147 1473 1250 1542 scripta
1267 1487 1329 1528 esse
1347 1473 1444 1529 Ludna
1462 1479 1490 1530 et
1507 1473 1585 1543 quid·
1640 1434 1720 1482 hm

149 1577 214 1648 quid
237 1577 279 1634 ibi
301 1579 442 1634 inuenitur
463 1595 622 1650 expressum
641 1579 759 1652 Graece,
783 1581 836 1637 etsi
858 1581 948 1653 primo
970 1581 1104 1652 adspectu
1128 1579 1164 1636 sd
1184 1579 1260 1650 ipsos
1282 1579 1473 1650 compilatores
1496 1579 1585 1638 redire

150 1685 291 1755 uideatur,
320 1691 413 1742 tamen
438 1701 504 1744 uere
530 1687 566 1744 ad
591 1703 691 1758 corpus
717 1693 815 1760 postea
841 1687 951 1745 demum
978 1687 1115 1744 adiectum
1141 1701 1211 1743 ssse.
1247 1691 1312 1742 sunt
1339 1691 1430 1744 autem
1457 1692 1585 1758 quattuor

150 1791 231 1848 baec:
249 1793 359 1848 numeri
377 1791 475 1850 Graeci
492 1793 580 1850 ludici
597 1795 737 1852 titulorum
756 1794 895 1867 adscripti,
914 1795 1084 1866 epigramma
1101 1794 1130 1850 in
1146 1793 1256 1850 laudem
1274 1793 1417 1850 Iustiniani
1433 1796 1472 1864 (p.
1484 1795 1586 1866 XXl'),

150 1900 313 1956 conutitutis
330 1897 466 1966 Δὲοωκεκ,
492 1900 579 1957 ludex
601 1905 752 1958 auctorum.
786 1907 815 1958 et
837 1901 1007 1973 epigramma
1030 1915 1110 1958 nemo
1128 1898 1251 1971 ambiget
1267 1899 1382 1971 digestis
1399 1899 1529 1972 perlectis
1545 1901 1585 1957 iu·

149 2009 283 2078 scriptum
308 2021 370 2062 essa
394 2008 483 2078 magis
506 2023 588 2079 quam
611 2014 717 2080 partem
735 2007 826 2066 iacere
845 2009 966 2080 corporis
985 2008 1060 2064 iuris.
1078 2037 1112 2049 -
1136 2007 1302 2064 constitutio
1319 2007 1419 2064 deinde
1437 2007 1472 2064 ds
1489 2005 1585 2064 confir

150 2114 258 2170 mandis
282 2114 402 2184 digestis
424 2131 487 2170 cum
510 2115 538 2171 iu
561 2115 717 2187 primordiis
738 2116 890 2188 perscripta
913 2115 950 2172 sit
970 2121 999 2172 st
1015 2115 1113 2171 Latine
1131 2120 1160 2171 et
1177 2113 1295 2186 Graece,
1319 2112 1433 2171 dublum
1451 2127 1513 2170 esse
1530 2128 1585 2171 non

150 2227 241 2290 potest
263 2221 417 2291 legitimam
440 2222 530 2292 megia
552 2223 639 2278 visam
662 2237 725 2278 esse
748 2239 809 2279 eam
832 2237 903 2294 quae
921 2223 1011 2294 priore
1028 2223 1090 2278 loco
1106 2223 1198 2293 posita
1215 2227 1271 2294 est,
1295 2222 1408 2279 alteram
1427 2225 1519 2278 autem
1537 2221 1585 2278 ad·

150 2330 248 2384 iectam
272 2327 402 2384 utilitatis
424 2343 509 2384 causa
531 2329 591 2385 siue
612 2331 640 2386 in
664 2330 726 2401 ipsa
743 2330 863 2386 editione
880 2329 1010 2401 primaria
1026 2329 1085 2386 siue
1104 2329 1185 2386 editis
1202 2328 1312 2386 demum
1331 2327 1445 2398 digestis
1463 2327 1498 2385 ab
1516 2329 1584 2386 anti·

152 2435 284 2506 quissimo
308 2435 449 2506 scriptore.
481 2450 533 2493 uec
554 2436 782 2507 praetereundum
806 2443 851 2493 est
868 2437 992 2493 similiter
1012 2435 1234 2493 constitutionem
1252 2435 1366 2492 Omnem
1384 2436 1585 2506 promulgatam

152 2558 210 2598 esse
237 2547 358 2612 utreque
382 2543 491 2614 lingua,
517 2543 568 2600 sed
594 2544 723 2600 minum
749 2549 857 2600 tautum
883 2545 1038 2615 exemplum
1063 2548 1204 2614 receptum
1231 2543 1260 2598 iu
1285 2543 1455 2613 digestorum
1486 2558 1585 2614 corpus

152 2648 276 2720 adeoque
308 2648 406 2705 Graeci
442 2651 726 2706 commemorationem
756 2651 885 2708 secundis
919 2652 992 2706 curis
1021 2666 1037 2706 e
1066 2649 1221 2721 primordiis
1250 2649 1419 2722 digestorum
1449 2649 1584 2706 sublatam

152 2759 188 2822 (n.
204 2775 232 2828 p.
245 2755 448 2828 XXXXVIll',
466 2758 521 2824 24).
540 2787 573 2796 -
592 2756 744 2814 Auctorem
769 2763 861 2815 summ
885 2757 968 2814 iudex
990 2773 1052 2814 cum
1074 2773 1138 2828 pars
1155 2759 1192 2814 sit
1209 2761 1239 2814 et
1255 2758 1368 2830 sequela
1384 2757 1586 2814 constitutionis

152 2863 185 2920 de
206 2863 417 2920 confirmatione
440 2863 609 2934 digestorum
633 2867 672 2934 (u.
690 2881 718 2936 p.
730 2865 902 2935 xxxxv1·,
927 2867 985 2936 19),
1012 2865 1070 2921 iure
1095 2865 1248 2936 quaeritur,
1275 2881 1324 2922 cur
1350 2878 1405 2922 uon
1432 2868 1508 2921 extet
1533 2864 1586 2920 uisi

153 2970 271 3028 Graece:
296 2987 353 3042 qus
373 2971 402 3026 iu
424 2985 454 3028 re
476 2986 512 3028 ue
533 2971 736 3042 neglegentiam
760 2972 896 3028 editorum
919 2987 1080 3043 arguamus,
1106 2988 1161 3028 nou
1183 2973 1243 3029 sine
1266 2971 1359 3043 speeie
1381 2972 1440 3028 ueri
1464 2969 1586 3043 suspica·

153 3094 209 3134 mur
235 3083 268 3134 et
295 3078 386 3150 ipsum
412 3078 477 3133 olim
504 3077 638 3149 prodiisse
664 3079 759 3149 lingua
784 3085 915 3150 utraque,
940 3079 988 3136 sed
1017 3079 1156 3149 exemplar
1176 3079 1304 3135 Manum
1332 3083 1454 3149 spretum
1480 3093 1543 3134 esse
1569 3093 1586 3135 a

152 3183 260 3241 librario
287 3184 390 3240 codicis
407 3184 556 3241 llorentini
579 3189 674 3256 utpote
697 3185 732 3241 ab
756 3187 842 3242 altero
864 3187 911 3242 uix
936 3186 990 3242 alia
1009 3201 1040 3242 re
1057 3185 1197 3242 diuersum
1216 3201 1298 3258 qoam
1315 3185 1467 3242 litterarum
1486 3183 1585 3256 ligura-

153 3291 233 3348 tiona.
250 3321 287 3332 -
305 3291 431 3362 Denique
453 3293 558 3347 numeri
576 3291 676 3348 Graeci
693 3292 794 3348 Iudicis
812 3293 952 3350 titulorum
970 3293 1023 3348 etsi
1041 3309 1058 3349 a
1075 3293 1164 3364 prima
1181 3309 1264 3350 mauu
1281 3292 1376 3364 scripti
1394 3296 1472 3364 suut,
1493 3297 1587 3350 umen

153 3405 247 3468 postes
273 3397 387 3454 demum
410 3399 575 3454 accesserint
596 3413 711 3456 necesse
734 3403 789 3454 est:
812 3401 972 3456 nouaclum
991 3400 1064 3456 enim
1081 3406 1207 3472 pugnant
1223 3415 1285 3457 oum
1302 3399 1401 3456 illude
1419 3399 1587 3470 compendiis

153 3505 306 3576 scripturae
328 3505 522 3561 interdicendis
543 3506 606 3576 lege
630 3506 784 3577 iustiniani,
807 3506 857 3562 sed
878 3507 963 3563 etiam
985 3506 1185 3564 accommodati
1205 3507 1322 3563 suntad
1339 3513 1430 3562 errata
1447 3508 1588 3578 complure

153 3617 179 3666 st
195 3611 373 3682 granbdms,
392 3627 463 3682 quse
480 3612 508 3668 iu
525 3613 586 3683 ipso
604 3613 754 3685 archetypo
773 3611 894 3670 adfuisse
911 3614 959 3670 uix
977 3615 1029 3670 erit
1046 3614 1093 3685 qui
1111 3613 1270 3686 persuaderi
1287 3612 1340 3671 sibi
1357 3613 1486 3685 patiatur.

202 3719 255 3776 His
279 3719 315 3774 de
334 3718 501 3790 digestorum
520 3717 608 3776 iorma
625 3720 741 3791 pristina
758 3718 996 3776 obseruationibus
1013 3721 1108 3777 licebit
1124 3722 1270 3779 adnectere
1287 3719 1422 3792 quaedam
1441 3720 1476 3776 de
1493 3717 1587 3776 archs-
1605 3731 1728 3790 smhaqpl

154 3825 210 3898 typi
232 3825 402 3896 exemplaris
419 3841 547 3883 uersuum
566 3841 693 3898 numero,
716 3842 798 3898 quem
816 3827 983 3884 lastinianus
1000 3828 1245 3899 p.xxxlr11·,1l
1263 3826 1358 3884 scribit
1374 3826 1460 3884 fuisse
1477 3831 1586 3884 centum
1627 3807 1707 3841 Μ

154 3933 357 4005 quinquaginta
377 3947 463 4004 paene
487 3934 599 3990 milium.
633 3934 784 3990 secuudum
809 3934 884 4006 quod
907 3935 1007 4006 singuli
1025 3949 1122 3992 nemus
1139 3935 1260 4007 primarii
1277 3933 1338 3990 libri
1355 3933 1523 3990 numerariut
1540 3948 1586 3989 ue·

154 4055 227 4097 cesse
253 4044 302 4096 est
323 4039 428 4095 liberm
452 4041 559 4098 circiter
575 4041 743 4098 XXXIHI’:
765 4055 850 4112 quare
868 4045 924 4098 tres
942 4041 1003 4098 libri
1021 4042 1127 4114 antiqui
1144 4057 1206 4098 cum
1224 4043 1253 4098 in
1270 4056 1353 4099 uersu
1370 4042 1475 4098 litteras
1494 4055 1586 4096 nume·

156 4291 174 4351 1,
184 4291 247 4354 431,
261 4289 307 4342 29.
326 4290 359 4350 11,
372 4289 424 4342 832
442 4299 468 4342 et
484 4292 591 4345 maxime
609 4294 642 4346 ad
659 4294 680 4356 1,
693 4293 755 4356 455,
767 4293 816 4356 31,
834 4293 878 4344 ubi
896 4309 951 4346 cum
969 4293 1051 4360 legem
1070 4293 1136 4346 tituli
1156 4293 1226 4357 lue
1244 4293 1316 4346 uobis
1334 4301 1448 4360 quartam
1465 4292 1588 4345 decimam

155 4379 293 4434 florentini
310 4379 404 4432 codicis
421 4379 536 4432 librarius
553 4399 599 4449 pro
617 4381 675 4450 lege
693 4393 820 4446 numeret,
843 4383 989 4436 emendator
1009 4383 1043 4434 ad
1060 4385 1254 4450 praecedentem
1270 4383 1354 4451 legem
1372 4383 1506 4449 adiungat,
1532 4399 1587 4434 eam

157 4471 232 4536 ipsam
252 4469 426 4522 diuersitatem
444 4486 474 4520 ex
492 4471 593 4524 diuersa
612 4471 764 4524 Graecorum
781 4473 953 4525 numeratione
972 4482 1079 4539 apparet
1096 4474 1165 4540 apud
1181 4474 1228 4526 hos
1247 4490 1345 4540 quoque
1363 4472 1507 4526 obtinuisse.

206 4562 216 4596 ¹
242 4559 338 4612 Graeci
363 4559 487 4610 interdum
512 4560 609 4613 addunt
634 4561 795 4629 principium:
823 4562 859 4614 ita
886 4561 916 4615 Β.
937 4560 983 4624 ll,
1004 4562 1033 4624 1,
1051 4561 1086 4614 42
1110 4563 1206 4614 subl:
1232 4559 1360 4627 &adsumtis
1384 4559 1417 4616 τὸ
1440 4559 1469 4615 ὲκ
1493 4560 1533 4629 τῷ
1557 4559 1588 4615 b's

158 4648 273 4710 τογτὲλοο
300 4647 458 4714 aoaoereslqr
486 4667 533 4704 τιτ.
552 4649 569 4704 z'
597 4659 644 4714 ers.
662 4649 699 4704 ab'
728 4651 848 4706 ssiassos
876 4659 946 4715 θειο,
976 4648 1008 4712 oi
1036 4649 1050 4704 is
1077 4649 1140 4723 ἆρχὺ
1169 4651 1281 4714 ΛοῨκιοο
1304 4652 1398 4707 Tirsos.
1434 4651 1587 4719 intellegitur

158 4737 186 4788 11.
198 4738 242 4800 211,
256 4735 283 4800 ’1,
295 4736 341 4798 32,
355 4737 380 4790 6.
491 4737 502 4772 ²
519 4738 668 4808 Exemplum
685 4739 857 4792 Florentinum
875 4757 931 4792 cum
948 4749 1063 4793 numeret
1080 4741 1188 4808 demptis
1206 4742 1346 4809 primordiis
1364 4741 1425 4794 folia
1442 4737 1494 4792 887
1511 4742 1586 4808 pagi-

158 4843 242 4880 nsrmu
261 4835 439 4894 quaternarum
450 4845 566 4880 uersuum
579 4830 725 4896 plerumque
736 4829 888 4881 XXXXIIII
899 4829 941 4880 uel
952 4829 1085 4892 XXXXV,
1103 4829 1242 4882 litterarum
1259 4849 1280 4883 c.
1290 4831 1399 4894 XXXII,
1417 4829 1517 4897 singula
1527 4829 1588 4883 solia

159 4915 278 4983 neglectis
303 4915 382 4968 titrrlis
405 4925 431 4968 et
453 4917 559 4969 rubricis
582 4919 719 4986 spatiisque
742 4919 768 4970 in
791 4919 841 4972 fine
864 4918 949 4986 legum
971 4937 1023 4972 uon
1046 4920 1144 4987 scriptis
1167 4919 1264 4974 litteras
1286 4921 1382 4973 habent
1404 4938 1426 4973 ο.
1438 4905 1587 4974 ῨΒΟΟΙΚι

160 5004 218 5059 inne
234 5005 263 5058 iu
277 5021 343 5074 opus
354 5007 497 5060 uniuersum
508 5007 646 5060 litterarum
658 5007 743 5076 paullo
756 5025 833 5078 supra
844 5009 1008 5078 quinquagies
1021 5005 1102 5078 (5760
1116 5018 1141 5072 ><
1155 5009 1206 5064 set
1216 5029 1249 5060 =
1260 5010 1394 5081 5109120)
1411 5027 1463 5063 οοο
1474 5011 1588 5065 deductis
