3766 5554
185 312 225 358 sn
245 308 437 357 nascamus
850 284 937 365 635
1386 287 1476 357 XXII
1499 293 1513 356 l
1535 297 1615 352 3-8

185 465 269 504 rorum
288 464 397 518 quoque
415 447 547 504 bonorum
566 447 767 516 deminuuntur,
785 447 825 502 ita
842 447 916 516 quod
934 462 968 502 ex
982 445 1117 502 fructibus
1131 447 1265 518 supererit
1277 447 1335 502 iure
1347 446 1496 502 uoluntatis
1508 445 1616 502 restitui

158 536 324 608 asportabit.
361 537 429 592 Cum
449 537 577 592 Pollidius
602 553 619 592 a
640 537 795 606 propinqua
818 551 868 590 sua
891 534 971 590 heres
994 537 1135 592 institutus
1159 541 1272 606 rogatus
1289 535 1388 591 inisset
1404 534 1476 590 filiae
1494 535 1615 590 mulieris

184 626 312 696 quidquid
330 641 364 681 ex
383 626 462 681 bonis
480 627 540 680 eius
558 625 593 680 ad
606 642 636 680 se
648 625 829 696 peruenisset,
847 641 909 679 cum
921 629 1024 680 certam
1036 631 1155 680 aetatem
1168 625 1259 696 puella
1271 625 1444 694 complesset,
1462 624 1615 693 restituere,

184 715 262 784 idque
280 715 332 770 sibi
351 721 439 770 mater
456 714 518 769 ideo
536 716 672 784 placuisse
691 718 857 769 testamento
875 713 1136 784 comprehendisset,
1155 731 1190 770 ne
1207 713 1279 770 filiae
1297 713 1441 782 tutoribus,
1460 713 1510 768 sed
1523 713 1615 783 potius

184 804 375 859 necessitudini
398 819 443 859 res
465 805 711 873 committerentur,
736 802 907 872 eundemque
930 802 1074 858 Pollidium
1096 799 1211 858 fundum
1233 803 1350 858 retinere
1375 802 1512 857 iussisset:
1537 811 1647 872 prae-s

184 891 258 948 lectis
276 893 404 962 praetorii
422 894 497 948 suasi
514 891 635 962 fructus,
659 893 706 963 qui
724 889 869 946 bonafide
887 907 904 944 a
921 891 1036 947 Pollidio
1058 907 1093 948 ex
1111 891 1190 947 bonis
1208 889 1354 946 deiunctae
1372 891 1495 960 percepti
1513 895 1614 960 ament,

182 983 285 1036 restitui
304 981 413 1050 debere,
432 982 491 1036 siue
510 981 584 1050 quod
602 980 715 1036 fundum
734 981 883 1035 sitantum
902 981 1110 1050 praelegauerat
1127 981 1187 1036 siue
1205 979 1279 1049 quod
1296 979 1401 1035 lubrico
1419 981 1521 1034 tutelae
1539 976 1614 1035 fidei·
1639 1029 1645 1040 .

155 1071 317 1126 loommissi
335 1071 485 1126 remedium
505 1075 593 1124 mater
610 1071 785 1140 praetulerat.
821 1067 851 1123 Si
869 1082 937 1124 auro
955 1069 1000 1123 uel
1018 1074 1132 1137 argento
1156 1067 1231 1124 sacto
1248 1084 1299 1138 per
1315 1067 1555 1124 fideicommissum
1573 1083 1614 1122 re·

181 1160 242 1215 licto
261 1176 338 1216 mora
355 1159 539 1228 interuenerit,
559 1175 594 1213 an
613 1174 757 1213 usurarum
775 1157 929 1212 aestimatio
947 1154 1074 1211 iacienda
1091 1157 1135 1226 sit,
1153 1158 1265 1212 mactari
1283 1159 1360 1212 solet.
1388 1157 1469 1228 plane
1487 1157 1511 1212 ai
1530 1161 1614 1211 mate-

181 1250 246 1303 riam
266 1249 346 1304 istam
364 1247 426 1302 ideo
451 1247 602 1316 relinquit¹,
626 1253 658 1302 ut
680 1263 714 1302 ca
737 1246 868 1302 distracta
891 1245 1062 1316 pecuniaque
1086 1244 1189 1300 reiecta
1210 1244 1421 1300 fideicommissa
1444 1246 1616 1300 soluerentur
1635 1254 1663 1296 ro

182 1343 227 1392 ant
245 1337 374 1392 alimenta
387 1337 397 1406 ll
410 1341 621 1406 praestarentur,
640 1351 695 1391 non
709 1341 835 1405 oportere
853 1333 1056 1390 frustrationem
1069 1333 1231 1404 impunitam
1248 1349 1310 1390 esse
1321 1335 1481 1404 responderi
1494 1337 1614 1403 oportet:
1632 1337 1648 1382 l.
1660 1335 1713 1383 ιιι1

181 1425 252 1494 quod
272 1425 295 1480 si
314 1423 383 1480 forte
401 1425 463 1479 idco
482 1425 634 1495 relinquit¹,
653 1429 684 1479 ut
701 1424 744 1479 his
762 1424 837 1478 uasis
854 1427 985 1494 uteretur,
1004 1438 1058 1478 non
1077 1423 1136 1478 sine
1153 1421 1252 1478 rubore
1270 1423 1498 1478 desiderabuntur
1516 1435 1615 1478 usurae

181 1513 296 1583 ideoque
313 1529 369 1568 nou
386 1513 538 1582 exigentur.

148 1596 165 1654 4
231 1604 310 1657 [nnn
333 1601 401 1657 libro
424 1603 556 1656 uicesimo
579 1601 696 1671 septimo
720 1599 921 1670 quaestionum.
951 1599 993 1673 ¹Si
1016 1600 1164 1669 stipulatus
1187 1601 1306 1656 aierem
1329 1593 1616 1681 darius-[unae]
1633 1601 1660 1654 P

127 1743 132 1753 ,
180 1705 313 1759 cuamque
331 1691 533 1760 possessiouem
552 1691 632 1758 tradi,
653 1688 758 1744 tructus
775 1695 874 1759 postea
892 1692 988 1757 captos
1005 1688 1114 1744 actione
1131 1689 1228 1745 incerti
1246 1705 1280 1744 ex
1298 1689 1429 1758 stipulatu
1447 1693 1559 1758 propter
1575 1689 1614 1742 in·
1635 1695 1676 1737 η’

180 1775 279 1832 seriora
295 1779 382 1834 uerba
400 1784 611 1834 consecuturum
629 1783 657 1832 te
675 1779 745 1834 ratio
763 1777 872 1833 suadet.
898 1793 933 1832 an
951 1777 1023 1830 idem
1042 1777 1077 1830 de
1101 1781 1181 1848 partu
1204 1777 1319 1832 ancillae
1342 1775 1501 1846 responderi
1519 1776 1615 1845 possit,

180 1865 407 1921 considerandum
426 1873 477 1922 est.
504 1885 567 1922 narn
591 1867 664 1936 quod
688 1868 723 1922 ad
747 1866 833 1922 uerba
856 1865 996 1936 superiora
1018 1866 1149 1935 pertinet,
1173 1867 1233 1922 slue
1255 1865 1358 1920 iactum
1380 1865 1419 1920 rei
1440 1863 1616 1934 promittendi

180 1955 237 2008 siue
257 1955 385 2008 effectum
403 1971 452 2025 per
469 1955 643 2010 traditionem
663 1955 775 2011 dominii
793 1954 974 2010 transferendi
993 1955 1140 2023 continent,
1158 1961 1254 2026 partus
1266 1969 1321 2010 non
1333 1955 1501 2010 continetur:
1519 1969 1614 2009 uerum

178 2043 201 2096 si
218 2047 327 2112 emptor
345 2059 361 2098 a
379 2043 521 2099 uenditore
539 2044 659 2099 nouandi
679 2045 770 2098 auimo
788 2045 827 2098 ita
844 2045 991 2114 stipulatus
1009 2047 1065 2111 est,
1083 2041 1187 2098 iactum
1205 2044 1331 2099 tradendi
1349 2043 1494 2112 stipulatus
1511 2042 1615 2098 intelle·

178 2132 265 2200 gitur,
290 2132 355 2200 quia
373 2147 428 2187 non
446 2139 489 2186 cst
506 2133 652 2188 uerisimile
671 2134 733 2202 plus
753 2133 923 2187 uenditorem
942 2131 1129 2201 promississe,
1153 2147 1234 2202 quam
1254 2133 1353 2188 indicio
1372 2133 1458 2202 empti
1474 2137 1615 2201 praestare
1633 2139 1661 2178 ²⁰

179 2221 394 2289 compelleretur.
423 2221 472 2274 sed
495 2227 587 2276 umen
611 2229 724 2292 propter
744 2221 791 2276 illa
814 2220 899 2275 uerba
922 2219 1100 2288 'uacuamque
1123 2221 1324 2290 possessionem
1349 2219 1428 2276 tradi‘
1451 2225 1544 2291 potest
1561 2219 1616 2276 dici

176 2313 273 2377 partus
291 2324 401 2378 quoque
419 2310 551 2364 rationem
571 2311 704 2366 committi
721 2310 818 2364 incerti
836 2308 1041 2384 stipulatione&
1061 2309 1162 2364 etenim
1175 2310 1387 2365 ancillatradits
1398 2315 1505 2380 partum
1518 2313 1616 2379 postca

148 2403 159 2447 1
177 2397 281 2451 editum
300 2397 327 2452 in
346 2396 425 2452 bonis
443 2399 501 2453 sais
518 2415 582 2453 reus
600 2399 748 2469 stipulandi
767 2397 867 2452 habere
884 2397 1029 2467 potuisset.
1059 2396 1089 2452 Si
1106 2402 1170 2467 post
1188 2404 1355 2454 contractam
1368 2399 1533 2467 emptionem
1551 2401 1615 2452 ante

176 2486 366 2555 interpositum
385 2487 588 2556 stipulationem
606 2493 702 2558 partus
720 2487 811 2542 editus
829 2489 879 2540 sut
896 2485 997 2554 aliquid
1020 2499 1069 2556 per
1091 2501 1202 2541 seruum
1222 2487 1359 2542 uenditori
1378 2486 1544 2556 adquisitum
1564 2487 1614 2553 est,

176 2575 250 2644 qnod
270 2590 304 2630 ex
323 2575 454 2643 stipulatu
472 2576 602 2644 consequi
620 2591 675 2630 non
692 2575 801 2643 poterit,
819 2573 921 2629 iudicio
939 2574 1023 2643 empti
1041 2575 1230 2645 consequitur:
1248 2576 1277 2631 id
1290 2576 1362 2632 enirn
1374 2575 1449 2646 quod
1461 2588 1516 2630 non
1527 2579 1614 2628 trans·
1633 2581 1662 2623 tt

176 2661 263 2718 fertur
280 2663 309 2718 in
327 2679 438 2718 eausam
458 2665 612 2719 nouationis
629 2665 688 2718 inre
705 2663 821 2733 pristino
838 2663 896 2734 peti
913 2667 1014 2733 potest

142 2747 159 2806 5
230 2753 308 2806 lnnn
325 2751 395 2807 libro
413 2753 543 2807 uicesimo
562 2758 661 2808 octauo
680 2753 879 2822 quaestionum.
917 2751 1086 2808 Generaliter
1103 2751 1244 2808 obseruari
1264 2751 1393 2808 conuenit
1411 2751 1458 2808 bc·
1491 2763 1615 2818 uruat
1633 2754 1661 2808 P

176 2855 229 2896 nae
248 2839 312 2895 fidei
330 2840 460 2896 iudicium
479 2857 533 2896 non
551 2842 673 2912 recipere
690 2841 913 2910 praestationem,
931 2855 1002 2911 qnae
1020 2844 1116 2896 contm
1133 2840 1220 2896 bonos
1238 2855 1329 2896 mores
1347 2827 1614 2898 calderon?-

141 2925 158 2982 6
229 2929 309 2984 inum
325 2929 395 2985 libro
414 2930 544 2985 uicesimo
567 2945 639 2985 nono
663 2930 863 2999 quaestionum.
900 2929 970 2986 (lum
994 2930 1029 2985 de
1051 2930 1079 2984 in
1101 2945 1159 2984 rem
1177 2943 1258 2984 uerso
1277 2945 1339 2984 curn
1358 2929 1458 2986 herede
1476 2924 1614 3012 [l't‘aeTaJE
1632 2930 1660 2984 Ρ

175 3019 263 3088 patris
281 3019 325 3073 uel
344 3017 446 3072 domini
465 3023 593 3087 ageretur
609 3024 639 3073 et
657 3033 800 3073 usurarum
819 3019 945 3088 quaestio
963 3023 1127 3089 moueretur,
1146 3020 1294 3090 imperator
1308 3018 1465 3074 Antoninus
1481 3019 1545 3074 ideo
1562 3019 1614 3074 sol·
1634 3025 1662 3066 ιι

175 3107 282 3162 uendas
307 3121 404 3162 usurae
426 3107 572 3177 iudicauit,
600 3107 673 3176 quod
696 3122 743 3162 aas
765 3107 825 3176 ipse
849 3107 977 3163 dominus
1003 3109 1049 3163 uel
1072 3111 1151 3178 pater
1172 3109 1255 3176 longo
1277 3112 1399 3178 tempore
1421 3107 1614 3178 praestitisset.

145 3205 156 3248 ι
174 3196 330 3266 imperator
347 3210 455 3264 quoque
473 3203 567 3251 noster
584 3195 704 3250 Seuerus
721 3193 792 3250 filiae
811 3195 899 3251 Flauii
916 3195 1125 3265 Athenagorae,
1149 3196 1227 3252 cuius
1251 3195 1324 3252 bona
1341 3195 1451 3252 inerant
1468 3195 1615 3266 publicata,

176 3284 210 3339 de
235 3283 304 3338 fisco
328 3285 390 3339 ideo
413 3285 550 3340 numerari
570 3284 663 3340 decies
686 3289 802 3340 centena
826 3285 898 3341 dotis
921 3285 1030 3341 nomine
1053 3286 1147 3356 iussit,
1170 3285 1245 3357 quod
1268 3301 1303 3340 ea
1318 3291 1425 3356 patrem
1443 3283 1615 3355 praestitisse

175 3373 251 3430 dotis
268 3389 366 3428 usuras
384 3373 538 3442 allegasset
1634 3381 1664 3422 ιι

140 3458 158 3515 'i
229 3463 309 3517 insu
327 3461 394 3517 libro
412 3462 533 3518 seeundo
552 3477 753 3532 responsorum.
782 3461 897 3518 Debitor
907 3463 1048 3518 usurarius
1061 3462 1188 3518 creditori
1204 3463 1349 3534 pecuniam
1361 3463 1460 3532 optulit
1477 3455 1616 3545 [ᾗῇ]
1634 3464 1662 3518 Ρ

175 3556 299 3620 etcum,
323 3565 385 3606 eum
404 3553 528 3622 accipere
547 3553 692 3622 noluisset,
716 3551 874 3621 obsignauit
897 3567 931 3606 ac
953 3551 1093 3621 deposuit:
1117 3565 1153 3606 ex
1175 3567 1209 3606 eo
1233 3551 1278 3606 dic
1299 3552 1369 3606 ratic
1392 3567 1447 3607 non
1470 3551 1617 3606 habebitur

175 3656 331 3696 usurarum.
359 3641 475 3710 quodsi
492 3647 591 3712 postea
609 3645 762 3696 conuentus
779 3645 811 3695 ut
828 3641 949 3696 solueret
966 3655 1069 3695 moram
1088 3637 1191 3710 iecerit,
1210 3640 1314 3696 nummi
1331 3640 1438 3696 steriles
1456 3655 1491 3696 ex
1502 3655 1536 3696 co
1548 3645 1615 3696 tem·

174 3745 244 3800 pore
262 3745 316 3785 uon
334 3734 423 3784 erunt

139 3813 157 3870 8
229 3819 309 3873 Iners
326 3817 395 3873 libro
413 3819 530 3888 septimo
548 3833 750 3889 responsorum.
787 3818 873 3888 Equis
896 3831 946 3888 per
968 3815 1210 3872 fideicommissum
1233 3818 1335 3873 relictis
1353 3813 1615 3902 [ῇιῖὄὲῖιιᾟ
1633 3821 1660 3874 P

174 3911 242 3978 post
259 3923 364 3962 moram
382 3907 454 3963 istus
472 3923 582 3978 quoque
599 3907 785 3978 praestabitur
802 3912 834 3963 ut
850 3903 965 3976 fructus,
984 3905 1033 3961 sed
1045 3903 1118 3962 l'etue
1130 3907 1267 3962 secundus
1279 3912 1311 3963 ut
1322 3894 1616 3978 causafficffirartus
1635 3915 1663 3957 ⁴0

175 3997 324 4052 mulieris⁸.

173 4085 342 4155 FlP(VU)l

176 4221 185 4254 ¹
205 4217 317 4286 reliquit
334 4217 435 4282 (Helii
506 4218 518 4252 ¹
535 4218 640 4272 ratione
659 4218 792 4272 committi
810 4218 906 4272 incerti
924 4217 1128 4288 stipulationem
1153 4217 1256 4284 (detti‘l
1325 4218 1336 4253 ⁸
1360 4217 1455 4288 [Equis
1473 4233 1522 4288 per
1540 4215 1617 4272 fidei·

175 4291 354 4344 commissum
373 4289 474 4343 relictis
492 4294 523 4344 ut
541 4288 646 4343 fructus
663 4295 728 4358 post
745 4289 859 4357 moltam
878 4287 950 4344 ictus
967 4304 1075 4359 quoque
1095 4288 1290 4358 praestabitur:
1310 4289 1360 4344 sed
1377 4287 1450 4344 istus
1469 4289 1616 4359 [secundus

175 4365 208 4414 ut
226 4377 319 4430 causa,
339 4361 409 4414 sicut
427 4366 522 4428 partus
540 4361 679 4428 mulieris]
698 4361 723 4415 si
740 4375 853 4428 gregem
868 4361 984 4430 reliquit,
1003 4361 1047 4416 uel
1059 4375 1152 4415 morae
1165 4361 1283 4430 actiolne
1295 4361 1415 4417 nondum
1428 4366 1534 4432 coepta,
1553 4375 1615 4416 curn

175 4433 335 4486 omnimodo
353 4432 397 4486 ille
416 4432 538 4500 gregem]
558 4433 683 4486 relictum
702 4439 833 4500 sequatur
854 4431 911 4486 Uel.
930 4435 973 4503 (es.
986 4433 1012 4486 t.
1024 4440 1041 4486 t.
1053 4435 1068 4485 l.
1080 4433 1126 4498 39)

176 4562 350 4632 2pollidius]
370 4563 511 4624 roinrltoe
528 4563 577 4616 BS
594 4563 660 4634 (ul.)
718 4564 870 4650 iplaouis·
923 4565 1061 4634 subligata
1083 4566 1119 4620 de
1138 4565 1181 4630 Ψ,
1207 4563 1329 4634 obligata
1344 4565 1388 4630 Vl,
1412 4563 1559 4633 subiugata
1581 4563 1616 4619 de

175 4638 222 4688 set
239 4635 310 4688 P⁶U
354 4635 542 4704 apollicidius
561 4636 600 4688 P⁰
648 4635 789 4690 sssua‘esi
807 4634 868 4702 ΡΙ
924 4635 1008 4701 P‘Ut,
1021 4637 1169 4706 subiugata
1179 4635 1255 4691 P0U⁶
1293 4635 1618 4691 eadeaenseentena

175 4705 316 4774 pollicidic
329 4705 377 4768 1²⁶,
390 4705 549 4775 pollodioU
590 4707 773 4776 ilusurarum]
787 4723 872 4762 usura
923 4708 963 4762 Ρ
978 4709 982 4775 Ι
999 4707 1244 4777 quodeapatrern]
1260 4709 1364 4762 Fam
1376 4705 1616 4778 BS(na.):ineuir

176 4776 220 4830 P·
265 4779 299 4831 12
317 4777 381 4845 nou]
401 4794 464 4832 uam
479 4777 560 4830 ΡΨ
608 4779 640 4832 13
659 4777 785 4846 ideoque]
801 4793 871 4847 eque
926 4779 1042 4850 bnarup
1059 4779 1156 4841 tarrac
1174 4778 1274 4844 ἐπὲιιιω
1298 4781 1450 4834 κιτιΒιλεῖιι
1469 4783 1616 4849 (lepraru-

176 4847 241 4902 ideo
252 4849 299 4913 P·,
308 4847 370 4902 ideo
386 4849 416 4913 V,
425 4849 577 4916 etidecquc
591 4848 625 4902 U‘
661 4847 872 4904 lbsructumP⁶
927 4850 1035 4919 saror),
1054 4850 1128 4920 quod
1147 4865 1181 4904 ca
1198 4857 1305 4920 partem
1322 4851 1347 4904 F
1350 4851 1369 4916 ¹,
1388 4850 1461 4920 quod
1473 4849 1527 4903 dca
1538 4853 1616 4918 parte

178 4919 214 4972 17
231 4919 446 4975 considerandus
458 4921 497 4974 P·
513 4921 517 4988 Ι
533 4920 692 4989 superiora*
704 4922 823 4990 pertinet
833 4921 872 4974 Ρ
924 4922 997 4987 P·U,
1016 4923 1090 4993 quod
1103 4921 1188 4992 (quod
1200 4941 1249 4977 cm.
1262 4923 1306 4990 θ’)
1319 4921 1354 4976 de
1366 4937 1400 4977 ea
1410 4927 1490 4991 parte
1503 4919 1541 4974 Ρ*
1549 4919 1616 4984 ΨΠ,

177 4991 215 5042 18
225 4991 346 5045 continet
356 4991 436 5045 PVU
463 4990 696 5060 iopromi's'sisse
705 4992 742 5044 F’
774 4994 871 5046 iitra·
926 5001 974 5048 inc.
987 4993 1023 5048 V⁰

178 5059 280 5116 dita'm'
290 5059 327 5114 F*
373 5061 407 5116 ³2
419 5061 559 5132 publicata
571 5063 615 5133 de]
628 5061 767 5132 subugata
779 5063 813 5118 de
825 5063 871 5127 Ρη
