3738 5550
170 289 299 340 ισιιοιιιι
320 290 389 340 uuo
410 289 549 339 oourns
820 267 909 348 413
1333 271 1407 340 xm
1429 275 1447 340 ‘l
1469 279 1586 336 ιιι-ιι

169 427 257 498 fodru,
274 443 331 484 uon
347 425 436 484 iurem
453 441 525 484 esse.
552 427 602 484 sed
618 433 648 484 et
664 426 715 484 bio
725 431 794 499 puto
811 428 1019 498 pigneratioium
1037 428 1168 485 iudicium
1185 429 1276 485 locum
1288 427 1398 500 babere,
1417 434 1446 485 et
1456 430 1496 486 its
1507 431 1586 485 Pom·

169 519 249 588 penius
270 517 374 574 scribit.
406 516 457 572 sed
479 521 507 572 et
530 521 609 572 extre
625 515 750 572 ordinem
767 517 938 574 stellionatus
955 519 1066 574 nomine
1083 519 1232 588 plectetur,
1257 522 1288 574 ot
1305 521 1349 574 est
1366 519 1526 588 saepissime
1544 533 1585 573 rs·

146 607 291 676 lsoriptum.
328 605 384 662 Sed
406 609 436 660 et
456 605 560 675 siquis
577 619 634 660 reru
653 605 769 662 alienam
787 605 853 662 mibi
870 606 979 677 pignori
996 606 1103 662 dederit
1120 607 1210 662 scions
1227 607 1401 677 prudensque
1419 608 1465 662 uel
1482 607 1506 664 si
1523 606 1586 677 quis

169 696 204 750 ni
218 694 361 764 obligatam
380 695 446 750 mibi
463 693 598 764 obligauit
614 708 666 749 uec
683 709 727 750 me
745 693 781 750 de
799 693 851 750 hoo
868 695 1069 764 cerb'orsuerit,
1088 695 1185 752 eodem
1203 696 1315 752 crimim
1333 696 1477 768 plectetur.
1504 695 1585 764 plane

167 785 186 838 si
204 798 232 838 es
253 797 298 838 res
320 783 413 854 smpla
432 786 477 838 est
493 788 523 839 et
540 781 576 838 cd
593 781 731 839 modicum
749 785 820 840 eerb
837 781 920 840 fuerit
937 785 1094 854 pignorare,
1118 783 1172 840 dioi
1190 783 1303 841 debebit
1320 799 1428 840 cessus
1447 778 1586 867 [ι’]ῇῖῷ
1603 793 1617 836 ι

166 887 210 928 ιιι
225 873 310 928 solum
328 873 498 928 stellionatus
516 871 628 941 crimen,
645 872 696 926 sod
713 872 796 926 etism
813 872 1020 942 pignoratitiam
1039 877 1068 928 et
1085 871 1120 928 de
1138 871 1201 930 dolo
1219 873 1363 944 uodonem,
1381 873 1460 944 quasi
1472 873 1501 928 in
1511 873 1585 930 nullo

166 965 247 1031 captus
264 961 309 1030 sit,
327 961 376 1029 qui
393 959 501 1030 pignori
518 959 640 1017 wouodo
657 960 719 1018 ioco
736 961 851 1032 accepit.

126 1048 153 1106 tl
207 1050 321 1106 Pronus
337 1048 407 1104 libro
424 1049 521 1118 quinto
538 1048 574 1103 sd
591 1048 738 1106 Plautium.
765 1047 795 1104 Si
810 1049 911 1120 pignus
922 1049 989 1105 mihi
999 1048 1130 1104 traditum
1143 1049 1276 1106 locassem
1290 1049 1410 1119 domiuo,
1429 1043 1585 1132 [BTtn—ts
1604 1056 1632 1110 E

164 1153 205 1208 per
222 1137 383 1194 locstiouem
404 1139 508 1194 retineo
531 1137 748 1208 possessionem,
772 1139 839 1208 quia
860 1143 1007 1208 auoequam
1025 1137 1329 1208 conduceretdebitor,
1353 1154 1408 1194 non
1426 1125 1585 1196 sieut-eris

164 1227 301 1298 possessio,
325 1229 404 1283 ιιιιιιιι
427 1232 457 1284 et
479 1227 586 1282 animus
609 1225 676 1282 mibi
698 1226 833 1283 retinendi
850 1227 888 1282 sit
904 1231 934 1282 et
950 1225 1113 1282 couduoeuti
1132 1241 1187 1282 non
1205 1227 1241 1284 sit
1259 1227 1366 1282 animus
1383 1228 1585 1298 possessiouem
1605 1241 1633 1282 ro

165 1315 298 1384 splsoeodi.
1207 1349 1211 1356 ·

122 1403 150 1461 tt
205 1405 393 1458 lioousrnsus
410 1401 479 1460 libro
496 1403 586 1474 primo
602 1401 825 1460 differentiarum.
851 1403 959 1472 Popilio
976 1403 1094 1474 capienti
1112 1403 1212 1474 pignus
1229 1410 1340 1475 propter
1354 1419 1409 1460 me
1428 1399 1586 1488 [Q
1603 1412 1631 1467 Ε

163 1497 211 1548 mm
227 1492 422 1562 piguersticise
440 1493 554 1551 eodonis
572 1492 728 1548 necessaria
745 1497 788 1548 cst
805 1492 903 1546 tutoris
922 1491 1079 1548 auotoritas.

121 1581 148 1639 tt
205 1581 278 1636 Ιιιιιιι
296 1580 366 1636 libro
383 1585 481 1650 quomo
497 1595 699 1651 responsorum.
735 1581 821 1636 Gaius
839 1579 919 1636 Seius
937 1578 973 1636 ob
989 1581 1135 1649 pecuniam
1154 1585 1276 1637 mutuem
1295 1579 1409 1638 fundum
1428 1577 1585 1666 [etEt-s
1603 1590 1648 1664 Es

162 1685 230 1725 suum
246 1669 333 1725 Lucio
351 1669 424 1725 Titio
446 1669 555 1740 pignori
577 1669 667 1726 dedit:
689 1675 788 1740 postea
809 1674 921 1738 pactum
944 1669 1081 1726 intereos
1099 1669 1202 1726 iactum
1220 1674 1275 1740 est,
1299 1675 1331 1726 ut
1349 1669 1468 1725 creditor
1484 1672 1585 1741 pignus
1603 1685 1631 1726 ιι

161 1775 229 1814 suum
251 1760 280 1814 iu
305 1758 545 1828 conpensationem
566 1759 700 1828 pecuniae
723 1773 791 1814 suae
815 1763 890 1813 certo
913 1763 1037 1829 tempore
1059 1758 1225 1829 possideret:
1249 1773 1344 1814 uerum
1363 1761 1427 1814 ante
1445 1759 1583 1830 expletum

160 1855 256 1916 tempus
273 1848 395 1902 creditor·
410 1861 473 1902 oum
490 1861 619 1917 suprema
636 1862 688 1904 sua
704 1847 850 1916 ernnust,
868 1851 1035 1903 testamento
1053 1848 1135 1917 cadit,
1153 1851 1185 1902 ut
1199 1847 1268 1902 slter
1279 1862 1315 1903 ox
1327 1845 1389 1902 filiis
1401 1848 1459 1902 suia
1471 1845 1585 1904 baberet

159 1949 213 1990 eum
234 1934 350 1992 mudum
373 1941 401 1991 et
424 1934 531 1991 addidit
549 1935 637 2006 'quem
661 1935 696 1992 de
713 1935 800 1992 Lucio
817 1936 891 1991 Titio
915 1935 990 2006 emi',
1012 1951 1075 1992 eum
1099 1951 1154 1992 nou
1171 1936 1297 1992 emisset:
1319 1935 1372 1992 boc
1389 1939 1583 1991 testamentum

159 2025 220 2080 iuter
241 2031 350 2080 ceteros
367 2025 488 2094 riguam
504 2029 533 2080 et
550 2023 637 2080 Gaius
655 2023 749 2096 Seius,
772 2025 819 2095 qui
837 2023 890 2080 init
907 2023 1021 2080 debitor.
1054 2039 1171 2094 quaero,
1195 2041 1231 2080 an
1249 2039 1284 2080 ex
1302 2023 1354 2080 hoo
1371 2024 1446 2094 quod
1463 2024 1585 2094 signauit

158 2113 344 2181 praeiudicium
362 2113 473 2182 aliquod
490 2113 544 2170 sibi
560 2111 665 2183 iecerit,
683 2128 747 2168 oum
764 2113 867 2169 nullum
885 2113 1094 2170 instrumentum
1113 2113 1279 2170 conditionis
1296 2111 1458 2184 proferetur,
1477 2112 1526 2168 sed
1540 2127 1583 2168 sc·
1602 2123 1631 2164 ao

157 2201 205 2256 lum
221 2208 346 2272 pactum,
370 2207 403 2257 ut
424 2201 543 2257 creditor
564 2201 632 2258 certi
653 2202 783 2272 temporis
803 2199 909 2258 metus
927 2209 1046 2272 osperet.
1083 2201 1236 2258 Herennius
1253 2201 1424 2256 llodestiuns
1441 2199 1584 2270 respoudit

158 2291 299 2346 memnoni
321 2291 443 2360 pignoris
465 2305 520 2346 nou
543 2289 655 2360 obesse,
678 2288 754 2360 quod
776 2289 883 2346 debitor
905 2295 1097 2346 testamentum
1121 2291 1276 2360 creditoris,
1299 2289 1328 2344 iu
1351 2303 1406 2359 quo
1428 2304 1460 2344 se
1483 2289 1584 2344 emisse

156 2379 246 2448 pignus
264 2380 410 2450 expressit,
429 2379 553 2449 signasse
570 2380 738 2450 proponitur.

115 2470 144 2528 til
201 2469 383 2524 Peenameus
399 2467 469 2524 libro
486 2468 567 2524 tertio
584 2483 786 2538 responsorum.
812 2465 1101 2524 Debitoracrsditore
1118 2467 1220 2538 pignus
1237 2465 1311 2537 quod
1330 2465 1406 2522 dedit
1426 2461 1583 2550 [ffl
1602 2474 1629 2528 Ρ

155 2553 247 2612 mnus
264 2558 347 2627 emit,
370 2571 432 2613 cum
450 2557 490 2612 rei
508 2572 575 2612 ause
598 2557 672 2612 nulls
693 2557 796 2628 emptio
820 2557 869 2612 sit:
893 2571 945 2612 neo
968 2556 993 2612 si
1015 2557 1127 2612 minoris
1151 2556 1247 2612 emerit
1270 2561 1298 2611 ot
1321 2555 1422 2625 pignus
1439 2561 1517 2626 petet
1535 2560 1583 2611 aut
1601 2570 1631 2610 ss

155 2642 295 2701 enimam
315 2645 443 2716 uindicet,
461 2647 487 2702 ei
505 2645 561 2702 uou'
577 2649 666 2702 totum
684 2643 806 2700 debitum
824 2644 949 2700 offerenti
961 2645 1077 2701 creditor
1089 2645 1290 2716 possessionem
1303 2645 1447 2699 restituere
1459 2649 1582 2714 cogetur.

130 2731 284 2790 :Debitoris
302 2733 385 2804 filius,
399 2735 451 2814 'qni
468 2739 561 2790 msuet
578 2734 606 2788 in
623 2734 709 2804 putris
727 2737 873 2804 potestate,
892 2731 994 2790 trustra
1009 2734 1111 2804 pignus
1128 2733 1291 2789 acreditore
1302 2733 1388 2804 petris
1399 2731 1582 2802 peculiaribus

154 2824 263 2880 nummis
281 2829 438 2892 comparat:
456 2826 485 2878 et
502 2823 564 2880 ideo
582 2822 606 2878 si
624 2826 755 2891 patronus
772 2821 905 2878 debitoris
923 2827 1018 2878 contra
1034 2821 1142 2878 tabulas
1153 2823 1213 2878 eius
1224 2823 1426 2892 possessionem
1439 2822 1583 2891 acceperit,

153 2907 257 2967 dominii
274 2916 385 2984 partem
402 2911 551 2982 optinebit:
568 2927 631 2966 nam
649 2911 779 2981 munia,
798 2925 880 2982 qoam
898 2909 970 2967 filius
988 2926 1023 2968 ex
1041 2926 1070 2967 re
1087 2912 1174 2982 patris
1191 2912 1220 2966 iu
1237 2911 1355 2980 pretium
1373 2909 1450 2964 dedit
1456 2949 1464 2978 ,
1482 2910 1597 2992 pignus,

129 2997 283 3056 alberatur.
322 2998 419 3056 Soluta
435 3001 553 3072 pecnnia
569 2999 687 3056 creditor
704 3001 906 3070 possessiouem
924 3000 1059 3070 pignoris,
1082 3015 1153 3070 quae
1176 2999 1324 3069 corporalis
1347 2997 1421 3068 apud
1439 3012 1502 3053 eum
1521 2995 1581 3066 init,
1602 3013 1631 3054 so

151 3087 288 3146 :adurere
307 3088 393 3145 debet
410 3089 625 3160 necquicquam
643 3088 759 3158 amplius
775 3093 916 3158 praestare
937 3089 1070 3159 mgitmt.
1097 3089 1190 3158 ithue
1204 3089 1228 3143 si
1242 3087 1334 3142 medio
1345 3089 1469 3157 tempore
1482 3087 1582 3157 pignus

151 3176 263 3234 meditor
280 3178 392 3250 pignori
409 3177 529 3248 dederit,
547 3177 657 3234 domino
675 3176 799 3234 uoluente
815 3177 960 3246 pecuniam
979 3191 1060 3247 quam
1079 3177 1174 3234 debuit
1191 3175 1305 3232 moundi
1324 3177 1335 3244 ll
1353 3175 1475 3246 pignoris
1493 3189 1582 3245 umus
1600 3184 1617 3234 t.
1628 3182 1681 3234 ιη’

150 3267 301 3332 pemeoutio
320 3265 431 3322 debitur
448 3281 537 3338 neque
553 3266 671 3322 retentio
688 3265 863 3335 relinquetur.

109 3353 136 3411 41
196 3353 320 3412 Pronus
338 3354 407 3411 libro
425 3357 507 3411 turdo
525 3356 725 3425 qusestionum.
760 3355 829 3410 Rom
848 3354 964 3410 slieucm
981 3354 1090 3424 pignori
1108 3353 1222 3426 dedisti,
1241 3352 1340 3410 deiude
1358 3353 1406 3410 do·
1438 3364 1583 3436 aar&
1601 3361 1643 3417 P·

152 3441 234 3498 miurus
251 3444 293 3500 rei
312 3444 374 3500 eius
392 3459 453 3500 esse
471 3443 600 3513 coepisti:
625 3443 706 3498 datur
724 3444 798 3498 utilis
816 3444 888 3499 cotio
906 3444 1087 3514 pignoraticia
1104 3443 1239 3500 creditori.
1266 3458 1322 3498 non
1339 3447 1383 3498 est
1399 3441 1473 3498 idem
1491 3443 1582 3498 diceu-
1602 3457 1631 3500 ss

149 3529 216 3598 dum,
235 3533 331 3602 siege
342 3533 425 3603 litio,
443 3533 490 3602 qui
508 3547 565 3588 reru
578 3547 666 3588 metm
680 3530 851 3602 obligauerat
867 3532 927 3588 siue
945 3547 1007 3588 mea
1025 3533 1174 3602 uoluntate,
1193 3531 1272 3586 heres
1290 3531 1421 3588 extitero:
1439 3531 1492 3588 hoo
1509 3531 1582 3588 euim

150 3619 224 3676 nodo
240 3621 370 3692 pignoris
387 3621 542 3692 pemecmio
560 3619 736 3678 concedenda
753 3636 807 3677 nou
825 3625 869 3677 est
886 3619 1023 3692 creditori,
1042 3621 1198 3691 secutique
1211 3619 1360 3676 sufficited
1373 3619 1581 3690 competendam

149 3709 236 3764 un'lem
253 3710 468 3782 pignoraticiam
486 3709 622 3766 actionem
640 3709 759 3767 eundem
777 3725 838 3766 esse
857 3709 1011 3780 dominum,
1033 3709 1080 3779 qui
1102 3711 1185 3765 etiam
1208 3711 1354 3778 pecuniam
1372 3709 1463 3764 debet
1491 3708 1582 3765 sedsl

149 3799 322 3854 conuenisset
340 3798 375 3854 de
392 3799 521 3870 pignore,
542 3802 575 3855 ut
591 3814 628 3855 ex
644 3814 695 3856 suo
713 3797 855 3856 mendacio
873 3803 1017 3869 arguatur,
1041 3798 1165 3868 improbe
1187 3799 1303 3870 resistit,
1327 3813 1381 3868 quo
1400 3799 1490 3855 miuus
1508 3797 1582 3853 utilis

148 3887 213 3942 sotio
231 3892 390 3944 moueatur.
1600 3901 1630 3942 ro

105 3974 133 4032 ll
193 3977 382 4034 Pmmssus
398 3975 468 4032 libro
485 3976 567 4032 tertio
584 3989 785 4047 responsorum.
813 3975 939 4032 Credite:
955 3975 1064 4046 iudicio,
1083 3975 1157 4047 quod
1169 3975 1204 4031 de
1215 3976 1330 4046 pignore
1342 3973 1408 4030 dato
1426 3970 1583 4059 Q
1599 3984 1643 4062 ps

146 4068 321 4137 proponitur,
340 4071 372 4120 ut
389 4065 556 4136 superfluum
574 4066 655 4137 pretii
673 4080 735 4121 oum
753 4065 844 4120 usuris
862 4067 1002 4135 restituet,
1025 4065 1083 4120 iure
1101 4065 1222 4134 cogitur,
1241 4079 1293 4119 nco
1310 4063 1463 4120 audiendos
1481 4065 1540 4135 crit,
1559 4064 1583 4120 si

147 4154 208 4209 uelit
223 4161 383 4228 emptorem
400 4155 543 4228 delegare,
566 4171 628 4212 cum
651 4155 680 4210 in
704 4153 876 4226 uenditioue,
900 4169 971 4225 quae
988 4152 1021 4210 tit
1037 4169 1071 4210 ex
1089 4152 1190 4226 iacto⁸‚
1209 4169 1289 4210 suum
1307 4153 1425 4210 creditor
1443 4153 1583 4225 negotium

146 4482 154 4515 ¹
171 4497 232 4538 tum
251 4486 304 4539 dei·
376 4484 389 4518 ²
406 4482 514 4540 debitor
532 4493 579 4538 ins.
598 4482 672 4550 (Ans
683 4483 777 4552 Faber)
848 4484 860 4519 ⁸
877 4487 960 4553 patto
979 4483 1122 4549 (Galatiae,
1140 4485 1232 4559 os.l.4
1248 4483 1335 4552 Icili

146 4612 218 4670 ised
231 4614 456 4686 ethedPVLU
497 4615 835 4686 2sedet1sedPVLUl
890 4617 926 4672 30
943 4613 1142 4672 fueritPVLU
1188 4618 1222 4673 31
1240 4616 1301 4686 nec]
1320 4631 1355 4672 ne
1373 4617 1421 4672 ΡΙ,
1469 4617 1582 4686 34qne-

146 4687 326 4812 :reem
344 4684 841 4814 rpppepppucpppp
1086 4687 1121 4744 ι
1134 4687 1485 4816 :temeritati
1501 4692 1505 4755 ¹
1521 4687 1584 4812 ”el

146 4757 380 4901 lizlufflffls'
424 4831 457 4885 19
470 4829 514 4900 an]
529 4773 695 4886 auteffimssffn
715 4775 753 4885 ι21
766 4829 836 4886 truc
889 4774 1071 4886 ggqligsia‘iitil
1085 4763 1138 4885 {an
1183 4767 1222 4888 Ἠ
1242 4833 1339 4901 preetii
1356 4832 1384 4884 F
1403 4775 1582 4886 offimligbdi·

144 4900 326 4958 bamPVLU
371 4901 406 4956 tt
424 4916 442 4956 a
459 4902 596 4957 omP‘L·
638 4903 674 4957 25
691 4907 720 4958 et
735 4903 837 4972 pignus
889 4904 992 4958 tionem
1011 4903 1075 4956 ΡΨ
1091 4905 1095 4970 Ι
1110 4917 1182 4973 quae
1198 4901 1230 4958 fit
1245 4919 1280 4958 ex
1293 4901 1375 4974 lecto]
1393 4903 1421 4967 F,
1440 4902 1530 4971 querit
1547 4916 1583 4955 ox

146 4987 190 5026 oss.
203 4973 244 5028 P·
302 4973 339 5028 26
361 4979 476 5042 cogetur
493 4991 542 5028 cm.
555 4974 594 5028 1³⁶
647 4975 681 5028 27
700 4980 837 5043 potestate
889 4971 964 5029 iacto
981 4973 1065 5039 ΡΨ,
1084 4989 1137 5044 quc
1155 4974 1207 5030 rite
1224 4980 1268 5032 est
1285 4972 1359 5031 iaots
1377 4972 1461 5042 (iacta
1478 4977 1522 5029 eat
1537 4970 1583 5042 ys)

145 5045 226 5116 pctus
241 5046 267 5102 Ρ
313 5045 349 5100 29
360 5043 463 5102 domiui
475 5045 572 5100 ΡΜ·
587 5046 592 5115 Ι
607 5046 749 5116 pecuniam
762 5046 838 5100 PL·
890 5044 929 5100 1³⁸
936 5044 1043 5113 thtti,
1061 5053 1109 5102 inc.
1126 5046 1162 5100 V·
