3690 5558
143 277 372 327 sxronrsrmrs
801 255 887 337 543
1213 301 1215 306 .
1305 261 1407 330 XVIII
1430 264 1447 327 7
1467 271 1566 325 9-10

142 415 244 486 iugitiao
261 431 317 472 non
334 421 379 472 est
396 415 576 472 dubitandum
599 415 665 472 nihil
688 419 783 472 eontra
804 417 894 488 legem
917 415 1021 472 tantum
1039 417 1140 488 uideri,
1164 418 1230 487 qula
1252 433 1304 474 neo
1326 418 1437 474 domino
1460 417 1567 476 auferre

142 520 166 560 se
180 509 269 575 petest
286 521 337 562 neo
354 505 419 576 qui¹
438 505 467 561 in
484 504 553 576 iuga
570 510 614 560 est
631 504 669 560 ibi
688 511 817 562 moratur.
844 505 918 575 quod
936 506 960 560 si
978 521 1013 561 ex
1030 506 1171 562 uoluntate
1189 507 1302 562 secundi
1320 509 1453 579 emptoris
1471 513 1567 563 eontra

140 593 218 663 legem
236 599 358 650 moratus
377 595 421 664 sit,
439 595 530 665 potior
547 594 690 651 habendus
708 601 751 650 est
768 593 814 664 qui
832 599 928 650 auctor
945 592 998 650 t'uit
1015 594 1093 665 legIs,
1112 602 1141 650 et
1153 597 1288 666 posterior
1300 599 1388 668 magis
1401 596 1565 652 admonendi

141 685 259 754 emptoris
277 688 306 739 st
323 683 456 739 liberandi
474 699 504 740 se
522 685 638 740 eandem
656 683 745 754 legem
763 684 920 754 repetierit²
944 699 995 738 nee
1014 685 1115 754 poterit
1137 685 1227 755 aliquo
1253 685 1334 740 modo
1354 683 1458 740 auferre
1476 686 1565 754 legem

141 773 176 828 sui
191 772 341 828 uenditoris
359 773 437 828 euius
461 773 586 829 eondioio
609 773 727 828 exstitit:
751 789 814 828 nam
838 777 867 828 et
888 772 912 828 si
933 787 1050 841 poenam
1073 773 1257 844 promisisset,
1281 779 1402 846 tenetur,
1425 775 1489 828 lioet
1507 774 1598 844 ipses

140 876 238 932 qnoque
255 862 402 932 stipulatus
420 867 506 918 esset:
526 862 621 918 sedin
639 860 970 932 poenapromissaduas
989 863 1110 917 sahenas
1129 869 1205 932 runt,
1229 879 1326 918 manus
1345 867 1436 918 autom
1455 863 1565 918 inieetio

140 951 163 1005 in
178 966 284 1006 semum
304 951 442 1021 oompetit.
469 951 543 1022 quod
561 952 585 1006 si
602 953 676 1022 prior
700 951 739 1007 ita
762 951 900 1020 uendidit,
923 954 956 1005 ut
977 951 1124 1020 prostituta
1146 950 1232 1006 libera
1254 957 1340 1021 esset,
1364 953 1511 1022 posterior,
1535 957 1566 1006 ot

139 1056 226 1095 manus
243 1041 345 1096 inioers
361 1040 469 1110 haeret,
492 1041 583 1110 potior
607 1047 650 1096 est
672 1039 785 1096 libertas
808 1055 890 1110 quam
915 1055 1012 1094 manus
1029 1039 1148 1094 inisotio.
1175 1041 1255 1111 plane
1274 1041 1298 1097 si
1315 1041 1390 1110 prior
1406 1042 1451 1096 lex
1468 1055 1565 1096 manus

139 1127 229 1184 haheat
246 1129 429 1199 iniectionem,
447 1129 581 1198 posterior
598 1129 760 1200 libertatem,
780 1127 957 1184 iauornbihus
976 1127 1082 1182 dicetur
1097 1128 1211 1184 liberam
1223 1128 1289 1198 iore,
1308 1131 1436 1199 quoniam
1449 1135 1565 1198 utraque

138 1217 253 1274 eondioio
270 1233 321 1288 pro
338 1218 474 1289 mancipio
493 1217 604 1274 additur
621 1225 650 1274 st
667 1219 740 1274 siout
756 1235 854 1274 manus
872 1218 990 1288 Inieotio,
1008 1219 1048 1274 ita
1065 1217 1177 1274 libertas
1195 1219 1291 1274 exImit
1307 1234 1368 1273 eam
1386 1219 1538 1273 iniminm'.
1586 1232 1613 1270 ro

96 1309 125 1367 10
183 1305 341 1362 &anneus
359 1306 427 1362 lihro
446 1308 563 1377 septIme
582 1307 760 1378 dIgestornm.
789 1307 859 1364 Cum
878 1307 1010 1362 uenderet
1025 1307 1194 1378 Pamphilam
1213 1313 1241 1362 et
1258 1307 1390 1376 Stichum,
1409 1303 1565 1390 [effi
1585 1315 1611 1368 A

137 1396 279 1452 uenditioni
297 1396 412 1451 Inseruit
429 1403 540 1467 paetum
559 1401 740 1466 oonuentum,
763 1397 804 1452 uti
823 1412 858 1453 ne
875 1397 971 1452 esdsm
991 1395 1128 1466 mancipia
1145 1395 1286 1466 Pamphila
1304 1402 1333 1450 et
1350 1395 1472 1466 Stiohus,
1495 1412 1564 1466 quos

137 1485 262 1540 minorato
287 1486 375 1554 pretio
399 1485 536 1557 uendidit,
560 1487 672 1543 alterius
695 1485 855 1541 seruitutem
873 1499 955 1553 quam
974 1483 1030 1541 Seii
1053 1491 1211 1556 paterentur
1231 1490 1296 1554 post
1318 1490 1487 1556 mortemque
1505 1487 1564 1542 eius

136 1573 159 1628 in
174 1573 298 1628 hhertate
322 1581 504 1631 morarentur:
528 1576 683 1646 quaesitum
699 1579 758 1645 est,
780 1591 816 1630 an
840 1573 908 1630 haee
931 1574 1079 1644 mancipia,
1105 1574 1139 1630 de
1163 1573 1262 1643 quibus
1280 1575 1518 1644 interemptorem
1537 1580 1565 1630 et

135 1661 297 1718 uenditorem
320 1664 462 1734 conuenit,
486 1669 550 1734 post
572 1667 687 1720 mortem
707 1663 838 1734 emptoris
860 1663 918 1718 iure
939 1663 1001 1734 ipso
1023 1663 1139 1718 liberata
1162 1664 1222 1720 sint.
1249 1662 1392 1734 respondit
1414 1663 1563 1719 seeundum
1584 1678 1611 1718 rs

135 1753 350 1808 consttutionem
369 1751 426 1808 diui
445 1752 577 1808 HadrIani
594 1767 677 1824 super
694 1753 746 1810 hoo
764 1753 897 1824 prolatam
915 1751 1084 1822 Pamphilam
1102 1757 1132 1807 et
1149 1751 1285 1822 Stiehum,
1309 1751 1462 1822 dequibus
1480 1767 1563 1818 uuae·

135 1845 244 1911 reretnr,
264 1841 288 1896 si
306 1840 466 1896 manumissi
484 1857 539 1897 non
557 1843 620 1913 sint,
639 1841 739 1898 liberos
758 1857 813 1898 non
831 1857 900 1898 esse.
937 1841 1102 1898 Cmunrus:
1125 1841 1214 1896 Diuus
1231 1842 1340 1898 hiareus
1358 1857 1393 1896 ex
1411 1841 1472 1909 lege
1490 1839 1565 1895 diota

133 1927 259 1984 libertatis
277 1930 306 1985 iu
325 1930 469 1987 uendendo
486 1931 613 2002 quamuis
636 1947 690 1988 non
711 1931 893 1988 manumissos
910 1927 968 1986 iore
991 1928 1090 1985 hberos
1108 1929 1137 1984 in
1155 1931 1352 1989 semenstribus
1371 1926 1413 2013 [ct.
1425 1923 1562 1998 effossi}

133 2019 276 2089 eonshtnit,
294 2018 361 2074 lieet
378 2020 406 2076 in
425 2021 521 2076 mortts
539 2023 649 2090 tempus
666 2019 796 2091 emptoris
815 2019 920 2074 distulit
937 2017 1063 2074 uenditor
1081 2018 1243 2076 libertatem.

133 2123 156 2176 F
159 2122 289 2196 [1³(VU)]

134 2283 205 2339 ¹nee
223 2285 280 2355 qni]
299 2299 352 2340 nee
370 2283 418 2340 uhi
435 2287 480 2354 (=
498 2287 560 2341 uni:
578 2307 603 2340 ιι
617 2285 665 2354 tii
735 2286 748 2321 ¹
764 2285 892 2356 repetiit?
962 2286 974 2322 ⁸
992 2286 1090 2342 inlunis
1107 2286 1268 2354 (Emeruit

132 2439 280 2512 liugitImo
293 2444 423 2520 Heras)
438 2445 444 2512 Ι
460 2445 511 2514 est]
525 2459 587 2501 esse
600 2445 682 2500 PVU
718 2446 817 2502 tneo⁴
870 2445 973 2515 utine]
998 2449 1030 2501 ut
1052 2446 1080 2501 in
1098 2445 1145 2511 Ρ·,
1170 2451 1202 2502 ut
1224 2461 1259 2501 ne
1276 2445 1346 2502 P‘U
1363 2447 1367 2513 Ι
1387 2443 1516 2517 panfilam
1534 2449 1563 2500 et

131 2515 172 2582 qni
190 2514 234 2580 Fi,
252 2529 342 2585 neque
356 2515 434 2570 P·U·
479 2517 546 2572 ise
561 2517 686 2586 eandem]
704 2518 816 2572 tandem
870 2518 987 2574 stiehum
1005 2519 1045 2572 P·
1099 2518 1133 2572 14
1155 2517 1290 2586 libertate]
1314 2517 1388 2582 FP,
1409 2517 1562 2572 libertatem

131 2583 171 2648 P·,
193 2587 311 2641 eandem
335 2587 383 2653 Vi
404 2584 553 2642 auferret*
601 2589 775 2643 {iteneretur
794 2590 822 2642 P
869 2585 944 2642 perp
958 2593 962 2656 Ι
978 2587 1156 2657 morarentur]
1175 2593 1325 2644 moreretur
1343 2587 1401 2642 1²⁶?
1451 2590 1484 2643 15
1501 2589 1561 2658 ipso

130 2655 145 2707 6
159 2655 278 2727 intentio}
296 2658 399 2728 ingenti
410 2658 452 2711 Ρ·
499 2659 516 2713 8
535 2675 645 2714 manum
659 2660 702 2726 ΡΙ
718 2659 815 2730 potior]
869 2660 927 2715 iure
944 2659 1024 2714 PVU
1043 2663 1047 2727 Ι
1068 2660 1134 2728 siut]
1152 2660 1195 2714 siu
1212 2661 1239 2713 F
1251 2661 1387 2734 (suppts)
1408 2660 1414 2727 Ι
1434 2658 1562 2729 respondi

129 2731 260 2794 posterior
277 2729 317 2783 P·
369 2727 488 2784 tihsbet
505 2729 587 2784 PVU
599 2733 603 2798 Ι
619 2729 778 2786 Iahoruilius
796 2733 822 2785 F
869 2731 926 2786 PV
982 2732 1015 2786 16
1041 2731 1147 2786 adriani
1174 2733 1200 2784 F
1255 2731 1289 2786 18
1315 2731 1452 2802 quamuis]
1479 2745 1561 2800 quam

130 2803 160 2862 (a
176 2803 279 2875 ade)
334 2801 737 2872 lteonuantum100nuenim
754 2803 816 2868 ΡΙ
869 2801 942 2858 P·V
991 2803 1025 2858 19
1044 2801 1173 2859 eonstitui
1191 2803 1231 2857 P·
