3720 5544
932 254 1063 322 LXXVI

277 440 369 506 pratos
388 434 424 490 ad
441 433 611 504 digestorum
630 432 853 489 instaurationem
872 431 957 487 utilia·
984 432 1067 488 immo
1085 432 1212 488 idoneam
1230 432 1258 488 iu
1270 432 1384 504 digestis
1403 433 1580 491 emendandis
1598 451 1708 507 operam

278 544 444 599 collocatum
464 555 573 611 semper
595 540 764 596 redeundum
789 540 841 595 erit
864 538 898 594 ad
923 539 1146 610 ipsaBasilica1.
1176 539 1242 610 quid
1260 545 1351 596 autem
1370 546 1482 597 secutus
1500 541 1551 597 sim
1569 543 1597 597 in
1616 557 1708 600 excer-

277 649 375 722 pendis
393 649 505 706 Graecis
523 647 724 719 interpretibus,
743 647 797 702 iam
816 644 951 702 indicabo.
979 646 1095 717 primum
1115 646 1218 717 curaui,
1236 649 1268 702 ut
1285 645 1339 714 ubi¹
1350 661 1433 704 uerae
1445 649 1622 705 auctoritates
1638 650 1710 707 iuter

278 773 309 814 se
327 757 469 827 dissident,
488 755 606 811 maxime
624 753 671 810 ubi
683 754 840 810 Florentius
857 769 955 809 manus
972 753 1047 825 prior
1063 754 1252 824 posteriorque
1263 753 1292 809 in
1304 754 1413 810 diuersa
1425 753 1537 826 abeunt,
1554 771 1615 812 eam
1632 757 1707 813 litem

277 865 301 920 si
319 861 378 920 fieri
396 867 489 935 potest
510 861 614 918 linirem
640 861 722 917 allato
740 861 907 918 Graecorum
930 860 1096 916 testimonio.
1128 858 1222 917 finitur
1244 865 1335 917 antem
1360 876 1453 918 eorum
1473 862 1628 920 interuentu
1651 865 1708 936 ple-

277 986 391 1041 mmque
414 970 465 1040 ita,
490 973 521 1024 nt
539 968 715 1040 appellationi
732 968 808 1024 locus
826 983 881 1024 nou
899 968 948 1022 sit:
971 983 1136 1038 quamquam
1153 983 1237 1038 snpra
1255 970 1293 1038 (p.
1305 968 1379 1037 Llll)
1401 969 1520 1025 uidimus
1544 970 1708 1041 qurirnsdam

276 1079 342 1136 locis
361 1077 481 1134 Graecos
504 1075 667 1147 interpretes
689 1075 729 1130 ita
750 1074 946 1145 praeuaricari,
970 1079 1002 1129 ut
1024 1074 1121 1131 eadem
1144 1075 1317 1146 interpolatio
1338 1074 1374 1131 ob
1391 1076 1435 1131 ins
1452 1077 1630 1133 lastinianum
1649 1094 1708 1135 mn·

276 1189 363 1242 tatum
387 1189 443 1239 tam
469 1182 543 1253 apud
563 1181 724 1259 interpretes
743 1180 866 1237 obtineat
883 1197 965 1252 quam
984 1181 1057 1252 apud
1075 1181 1223 1237 Florentiui
1240 1181 1301 1237 libri
1319 1183 1531 1240 emendatorem.
1562 1199 1617 1240 nou
1634 1184 1707 1241 idem

276 1289 329 1348 feel
353 1289 400 1346 ubi
424 1289 558 1346 dissident
581 1290 652 1345 iuter
668 1303 699 1345 se
717 1288 826 1344 codices
843 1288 1030 1345 Bououieuses
1049 1293 1078 1344 et
1095 1288 1256 1358 Florentiui,
1280 1303 1343 1345 cum
1360 1289 1467 1346 illorum
1485 1291 1632 1348 auctoritas
1649 1297 1707 1347 tam

275 1398 376 1470 exigna
394 1397 431 1452 sit
449 1397 492 1452 uel
509 1395 601 1466 potius
619 1395 701 1466 nulls,
719 1399 752 1451 ut
769 1395 815 1466 qui
829 1393 994 1451 Graecorum
1010 1395 1111 1450 auxilio
1124 1395 1306 1452 Florentinum
1319 1401 1447 1452 tueantur
1460 1396 1591 1454 aduersus
1603 1397 1706 1454 Accur-

275 1505 345 1560 slnm
364 1503 409 1560 uel
427 1503 496 1559 adeo
514 1501 708 1573 Beloandrum,
726 1502 746 1557 ii
764 1502 829 1556 mibi
847 1500 964 1572 probare
982 1501 1128 1557 uideantur
1142 1501 1255 1557 meridie
1273 1503 1359 1559 solem
1376 1503 1477 1560 lucere.
1504 1509 1603 1560 contre·
1618 1504 1706 1561 sicubi

274 1610 388 1667 secundi
410 1609 513 1667 ordinis
533 1607 595 1664 libri
618 1610 728 1679 praeter
745 1607 971 1664 cousuetudinem
993 1623 1088 1664 uerum
1106 1607 1235 1664 uidentur
1252 1623 1378 1666 seruasse
1396 1610 1479 1681 idque
1497 1608 1706 1668 confirmatura

274 1716 401 1788 Graecis,
426 1715 560 1772 eiusmodi
584 1729 746 1772 consensum
771 1719 803 1770 ut
820 1730 870 1786 per
888 1719 947 1771 erat
965 1709 1266 1786 diligenter'adnotani.
1297 1721 1440 1788 praeterea
1456 1717 1505 1774 ubi
1522 1717 1705 1776 Florentinum

273 1825 419 1880 lectionem
442 1826 490 1880 aut
512 1827 620 1878 constat
643 1827 691 1879 aut
713 1827 787 1878 certe
810 1821 943 1892 suspicari
964 1821 1030 1878 licet
1052 1820 1127 1878 hiare
1151 1821 1195 1878 nel
1212 1829 1367 1894 corruptam
1385 1839 1460 1896 esse,
1484 1825 1509 1880 si
1526 1839 1582 1896 qua
1598 1826 1705 1898 repperi

274 1929 348 2003 apud
367 1929 487 1986 Graecos
504 1928 540 1985 ad
558 1928 692 1986 eiusmodi
708 1929 831 1985 locorum
849 1927 931 1984 crisin
948 1929 1121 2001 perb'uentia,
1140 1929 1199 1986 sine
1217 1946 1234 1985 a
1250 1929 1352 1986 tradita
1362 1930 1479 1987 lectione
1491 1931 1619 1988 recedere
1629 1932 1705 1989 uide·

274 2037 374 2094 bantur
391 2037 450 2096 siue
469 2051 529 2092 eam
548 2034 754 2108 confirmabant,
772 2035 864 2092 omnia
880 2035 1021 2107 adscripsi,
1038 2037 1145 2094 ratione
1160 2035 1255 2094 habita
1271 2037 1523 2108 interpretationum
1536 2039 1705 2096 diuersarum

274 2148 410 2216 quotquot
433 2148 538 2200 extant.
569 2146 612 2199 est
635 2143 707 2199 enim
733 2141 801 2199 baec
823 2141 921 2198 barum
938 2143 1095 2200 sessionum
1113 2159 1168 2200 non
1186 2144 1297 2200 minima
1314 2145 1431 2215 utilitas,
1454 2145 1528 2216 quod
1545 2147 1706 2219 saepissime

273 2252 337 2308 inde
359 2250 469 2324 probari
489 2255 582 2323 potest
603 2249 694 2307 locum
718 2249 836 2319 aliquem
859 2248 905 2305 uel
926 2254 1084 2321 suspectum
1108 2251 1153 2306 uel
1176 2251 1258 2307 etiam
1283 2256 1357 2308 certe
1380 2257 1537 2323 corruptum
1554 2266 1609 2310 non
1627 2254 1706 2312 aliter

272 2359 453 2431 perscriptum
471 2356 557 2414 inisse
575 2356 603 2413 in
621 2357 681 2428 ipso
699 2355 869 2427 digestorum
887 2355 1051 2429 archetypo:
1069 2373 1133 2414 nam
1151 2357 1198 2414 ubi
1216 2358 1390 2414 consentiunt
1401 2358 1573 2417 Florentinus
1589 2359 1659 2417 liber
1676 2366 1705 2418 et

272 2467 435 2538 interpretes
453 2463 552 2522 Graeci
575 2465 620 2521 nel
642 2464 725 2519 etiarn
749 2464 927 2535 interpretum
944 2479 1029 2536 uuus,
1053 2463 1090 2521 ibi
1107 2465 1137 2521 iu
1154 2479 1188 2520 ea
1205 2465 1323 2522 lectione
1340 2470 1454 2522 eatenus
1472 2466 1704 2537 adquiescendum

273 2579 330 2645 est,
354 2577 397 2644 ut,
421 2571 530 2642 siquid
548 2572 576 2627 iu
594 2587 628 2627 ea
645 2573 764 2627 erratum
783 2585 845 2628 esse
862 2571 1087 2642 deprehenditur,
1105 2571 1143 2628 ibi
1162 2572 1353 2643 compilatores
1371 2573 1500 2630 credendi
1517 2574 1573 2630 siut
1590 2580 1639 2632 aut
1656 2575 1704 2631 sd·

271 2679 394 2737 babuisse
411 2679 495 2736 libros
512 2693 608 2748 parum
626 2677 787 2734 emendatos
806 2683 855 2734 aut
870 2679 923 2751 ipsi
940 2693 1055 2735 errasse.
1088 2678 1205 2750 denique
1223 2680 1246 2736 si
1264 2693 1319 2750 qua
1335 2680 1442 2751 repperi
1459 2680 1488 2735 iu
1506 2682 1631 2738 nersione
1648 2697 1703 2740 non

272 2787 434 2859 explicanda
451 2785 502 2843 uisi
519 2800 555 2841 er
572 2783 664 2841 uerbis
679 2784 757 2840 aliter
775 2785 931 2842 constitutis
948 2791 1031 2856 atque
1048 2786 1175 2857 leguntur
1193 2787 1221 2842 iu
1238 2787 1403 2858 Florentius,
1420 2801 1455 2843 ea
1472 2791 1504 2845 ut
1519 2804 1570 2859 par
1584 2795 1644 2845 crat
1655 2790 1702 2846 sd-

271 2894 379 2966 notaui,
402 2893 510 2950 etiamsi
532 2905 729 2962 saepenumero
751 2892 886 2949 eiusmodi
909 2891 1063 2949 differentia
1085 2894 1246 2965 explicanda
1268 2900 1312 2951 est
1331 2909 1366 2950 ex
1384 2894 1476 2952 uerbis
1494 2909 1549 2952 nou
1566 2896 1644 2952 lectis
1663 2897 1702 2954 di-

272 3015 365 3072 uerse,
388 3001 438 3058 sed
459 3003 563 3056 temere
585 2999 706 3056 mutatis.
733 3014 788 3056 uon
813 2999 945 3072 adscripsi
969 3007 1074 3072 annm,
1098 3016 1170 3071 quae
1192 3003 1326 3073 interpres
1348 3017 1415 3058 casu
1438 3003 1586 3059 consilioue
1610 3005 1703 3061 omisit

271 3123 377 3180 quaeue
399 3107 553 3179 explicandi
571 3123 656 3166 cause
673 3106 709 3163 de
726 3122 777 3163 suo
795 3107 984 3179 interposuit¹,
1002 3123 1054 3164 neo
1074 3109 1163 3178 magis
1181 3107 1229 3164 ubi
1246 3108 1361 3164 errauit:
1384 3109 1412 3164 id
1431 3109 1503 3166 euim
1521 3115 1550 3166 et
1566 3109 1701 3168 inlinitum

271 3214 369 3272 fuisset
386 3220 416 3272 et
432 3231 528 3287 pamm
547 3215 622 3272 utile.
650 3214 768 3286 deniqne
787 3214 815 3270 iu
832 3215 899 3272 locis
916 3214 1088 3286 grauioriBus
1106 3220 1135 3270 et
1152 3215 1241 3286 magis
1258 3216 1404 3287 implicatis
1421 3218 1582 3289 plerumque
1595 3217 1702 3276 Grseca

195 3345 198 3354 ⁴
270 3323 363 3379 rettuli
386 3323 513 3394 apposita
530 3323 629 3378 Latina
652 3335 746 3378 eornm
772 3321 898 3378 nersioue
920 3323 960 3378 ita
982 3321 1128 3392 adornata,
1150 3325 1183 3378 ut
1202 3337 1273 3393 quae
1291 3322 1413 3380 Graecae
1431 3325 1561 3382 orationis
1578 3325 1702 3382 membra

270 3429 370 3501 quibus
382 3429 487 3485 Lebaia
504 3429 709 3501 responderent,
727 3428 791 3485 iude
809 3427 889 3485 laede
907 3429 1124 3500 intellegeretur:
1142 3429 1171 3484 id
1185 3429 1258 3500 qnod
1273 3431 1391 3487 mammo
1402 3429 1440 3486 ibi
1452 3429 1513 3503 ieci,
1532 3432 1579 3490 ubi
1596 3433 1700 3490 histum

270 3551 305 3594 ex
322 3535 435 3593 Graecis
454 3536 571 3607 expleui.
597 3537 638 3591 lta
654 3541 722 3608 puto
740 3536 840 3592 clarius
858 3550 941 3607 quam
958 3541 1040 3592 anna
1057 3535 1109 3592 bac
1127 3536 1246 3594 editione
1257 3515 1457 3610 demonstrari,
1476 3539 1542 3610 quid
1560 3539 1701 3598 conferant

270 3641 306 3700 ad
330 3643 498 3714 digestorum
516 3643 740 3700 instaurationem
759 3643 934 3715 prudentium
952 3643 1161 3715 Byzantiorum,
1186 3646 1232 3715 qni
1251 3649 1330 3702 serto
1348 3646 1457 3701 racemo
1480 3646 1533 3701 iuri
1550 3647 1700 3704 Iustiniano

270 3764 381 3820 operam
399 3748 548 3820 dederunt,
570 3749 714 3820 reliquiae:
738 3764 810 3820 quae
827 3750 852 3804 si
869 3765 964 3806 nemm
983 3747 1113 3823 fatemur,
1135 3752 1210 3808 sene
1228 3752 1329 3822 aliquid
1347 3753 1478 3809 momenti
1495 3751 1597 3809 babent
1613 3753 1642 3808 in
1659 3754 1699 3810 di-

269 3857 356 3927 gestis
374 3855 552 3913 emendandis
569 3860 679 3927 praeter
696 3855 794 3912 bbrum
808 3856 993 3913 Florentinum
1011 3858 1101 3928 ipsum
1119 3858 1234 3930 eiusque
1251 3863 1440 3940 conecterem,
1458 3858 1591 3916 baberent
1607 3865 1699 3917 antem

270 3963 355 4020 multo
373 3963 470 4034 magis,
489 3963 513 4019 si
532 3977 626 4019 eornm
644 3961 797 4020 subsidium
814 3969 977 4035 perpetuum
995 3971 1078 4022 esset
1108 3966 1162 4021 iam
1180 3982 1243 4022 cum
1260 3981 1316 4022 non
1334 3967 1421 4024 solnm
1440 3966 1618 4023 Basilicorum
1635 3981 1699 4024 cou-

270 4069 372 4128 ditores
390 4075 496 4142 partem
515 4085 570 4126 nou
588 4069 715 4142 exiguam
730 4069 898 4141 digestum
910 4071 1075 4128 excluserint
1086 4077 1197 4144 propter
1208 4074 1274 4130 iuris
1288 4073 1380 4130 studia
1391 4073 1613 4131 condicionemue
1630 4074 1699 4131 inte·

269 4177 321 4233 rim
333 4178 463 4248 mutata⁸,
482 4175 532 4233 sed
550 4177 632 4233 etiam
650 4178 770 4248 ipsorum
782 4177 961 4234 Basilicarum
973 4194 1075 4250 magua
1084 4195 1149 4249 pars
1166 4180 1206 4236 ita
1223 4181 1363 4252 interierit,
1380 4185 1412 4236 ut
1429 4179 1494 4237 alibi
1510 4183 1587 4238 uices
1604 4196 1699 4238 eorum

323 4413 332 4446 ¹
357 4411 392 4463 Ut
410 4411 442 4464 de
460 4411 693 4479 interpretationum
711 4411 864 4464 Graecarum
886 4419 977 4464 natura
998 4421 1025 4464 et
1047 4413 1193 4465 diuersitate
1214 4413 1311 4465 facilius
1333 4423 1360 4465 ct
1383 4414 1475 4466 certius
1492 4413 1570 4466 cuiuis
1588 4415 1697 4467 iudicare

268 4499 351 4563 liceat,
370 4517 524 4568 magnopere
541 4501 679 4567 optandum
698 4509 745 4564 est,
764 4509 792 4552 nt
809 4511 963 4570 proponatur
980 4503 1106 4570 specimen
1124 4511 1192 4554 certe
1203 4503 1325 4555 edoctum
1342 4520 1373 4555 ea
1391 4503 1421 4556 iis
1439 4503 1602 4556 Basilicarum
1618 4505 1697 4567 libris,

268 4588 311 4656 qni
328 4589 431 4656 plenum
448 4599 597 4656 apparatum
614 4589 722 4653 habent,
745 4590 780 4641 ita
799 4599 982 4658 comparatum,
1004 4601 1032 4644 ut
1055 4601 1106 4644 nes
1128 4592 1258 4645 mersiones
1282 4594 1350 4645 iuxta
1373 4601 1499 4660 ponantur
1522 4594 1620 4646 adiecto
1638 4595 1697 4646 item

268 4685 338 4729 textu
357 4677 460 4740 Latino,
478 4678 582 4730 abiectis
601 4688 685 4732 autem
702 4688 754 4732 tam
771 4681 971 4734 enarrationibus
988 4681 1167 4750 Stepbauianis
1185 4699 1260 4749 quam
1277 4683 1378 4736 scholiis
1396 4683 1589 4746 recentioribus,
1607 4685 1697 4751 qubus

267 4769 293 4818 in
313 4767 418 4834 digestis
436 4769 644 4834 mercandis
662 4785 743 4835 aequo
761 4770 843 4822 animo
861 4787 982 4823 ememus.
1011 4771 1183 4823 uniuersorum
1200 4773 1266 4824 enim
1278 4771 1441 4826 Basilicarum
1456 4773 1489 4825 ad
1503 4774 1568 4826 banc
1585 4791 1697 4826 normam

267 4857 412 4909 mtraontio
430 4865 458 4908 nt
474 4857 618 4924 perficiatur
635 4875 784 4925 quamquam
802 4876 905 4926 sperare
923 4877 973 4913 non
991 4860 1072 4913 audeo
1091 4861 1126 4926 (u.
1139 4879 1164 4928 p.
1177 4861 1347 4928 xxxxnn),
1364 4862 1472 4915 fortune
1484 4879 1534 4914 non
1548 4863 1636 4924 deerit,
1654 4863 1697 4930 qui

266 4946 412 4998 modestiori
429 4955 488 5000 notu
507 4945 651 5000 utisiacht.
757 4947 770 4982 ¹
791 4949 832 5000 Ab
849 4950 898 5002 hac
915 4948 972 5016 lege
995 4949 1119 5002 intertium
1137 4952 1230 5003 recessi
1252 4951 1350 5003 adiecta
1373 4953 1580 5020 interpretatione
1598 4953 1697 5006 Graeca

267 5035 445 5088 uocabulorum
462 5036 591 5102 rariorum,
609 5046 638 5089 ut
654 5037 747 5090 fictum
764 5047 804 5090 est
821 5056 844 5090 e.
857 5055 878 5090 c.
897 5039 1114 5104 11‚819,10.29.
1200 5041 1212 5074 ⁸
1230 5039 1270 5094 Ite
1286 5041 1423 5095 onaisernmt
1433 5041 1532 5095 titulum
1550 5042 1583 5094 de
1599 5041 1696 5110 urigine
