3734 5578
257 229 345 296 XXV
366 233 387 296 4
407 239 421 292 7
441 266 474 276 -
493 233 513 296 5
533 241 550 292 2
925 224 1010 302 742
1103 321 1106 334 1
1177 247 1208 294 77
1222 245 1368 294 ussurus
1383 245 1518 294 77777777
1533 245 1681 292 securene

257 388 319 442 darn
338 392 431 442 tamen
449 388 520 442 circa
537 393 645 456 partum
664 386 871 442 custodiendum
890 385 1001 440 arbitrio
1019 386 1152 454 praetoris
1176 400 1238 440 esse
1261 384 1444 440 concedenda.
1472 400 1555 453 quam
1580 389 1682 438 sentan

256 477 322 530 tiam
334 481 402 546 puto
415 492 521 530 ueram:
540 475 648 546 publice
661 475 732 530 enim
745 476 859 530 interest
869 479 965 544 partus
979 489 1034 528 non
1046 473 1141 542 subici,
1159 479 1191 529 ut
1203 475 1326 529 ordinum
1338 473 1458 542 dignitas
1470 470 1682 543 familiarumque

257 565 335 619 salua
352 565 400 618 sit:
423 565 539 634 ideoque
558 565 641 619 etiam
660 580 755 618 seruus
773 564 838 632 isto,
863 578 924 617 cum
944 563 980 617 sit
997 564 1025 618 77
1043 578 1091 632 spe
1110 564 1275 618 constitutus
1293 562 1488 631 successionis,
1510 563 1683 632 qualisqualis

210 655 306 722 77777,
329 653 412 713 debet
435 653 522 708 audiri
546 669 602 708 rem
627 660 654 708 et
677 653 813 722 publicam
837 657 866 706 ct
887 667 964 705 suam
987 667 1093 720 gerens.
1130 652 1292 707 Denuntiari
1315 658 1405 706 autem
1424 655 1533 720 oportet
1552 647 1683 734 [iffi]

257 742 307 810 his,
326 757 395 812 quos
413 742 537 810 proxima
556 757 619 811 spes
637 741 817 796 successionis
836 741 982 808 contingit,
1006 745 1122 810 utputa
1141 742 1230 809 primo
1248 740 1336 810 gradu
1358 740 1453 796 heredi
1475 741 1602 796 instituto
1625 745 1711 804 (7777

258 832 338 885 etiarn
358 830 516 897 substituto)
535 835 571 898 et,
591 831 615 885 si
632 831 777 884 intestatus
795 835 873 898 pater
884 827 1001 883 familias
1014 830 1056 898 777,
1077 838 1100 885 et
1112 830 1159 899 qui
1170 831 1287 899 primum
1299 831 1388 884 locum
1402 828 1438 884 ab
1451 830 1584 885 intestato
1602 835 1684 884 tenet:

210 927 238 972 77
257 921 281 974 77
299 935 364 974 7777
382 920 473 989 plures
492 919 547 974 sint
564 920 645 973 simul
662 919 828 986 successuri,
847 916 973 973 omuibus
991 916 1206 974 denuntiandum
1225 923 1277 973 777.
1313 903 1392 983 Quod
1410 923 1502 972 autem
1522 924 1634 987 praetor
1652 920 1687 973 ait

257 1025 342 1064 causa
359 1010 469 1077 cognita
487 1024 516 1063 sc
534 1009 734 1078 possessionem
754 1022 807 1062 non
825 1006 951 1060 daturum
969 1007 1013 1060 uel
1032 1007 1153 1062 actiones
1172 1008 1384 1076 denegaturum,
1403 1022 1436 1062 eo
1454 1008 1587 1076 pertinet,
1609 1013 1648 1077 ut,
1666 1008 1686 1062 si

257 1113 306 1167 per
329 1099 508 1152 ursticitatem
532 1097 633 1165 aliquid
655 1095 737 1151 fuerit
759 1095 890 1150 omissum
910 1094 919 1163 Η
939 1110 974 1148 ex
997 1094 1038 1149 his
1062 1110 1133 1164 quac
1157 1101 1266 1164 praetor
1288 1095 1392 1150 seruari
1413 1096 1514 1164 uoluit,
1537 1111 1593 1150 non
1618 1097 1688 1150 obsit
1702 1096 1765 1145 7757·

257 1188 356 1257 partui.
383 1187 463 1256 quale
481 1190 524 1240 est
542 1186 627 1254 euim,
651 1185 675 1239 si
692 1183 774 1254 quidl
793 1199 827 1238 ax
845 1182 900 1252 his,
925 1199 994 1252 quae
1012 1184 1110 1238 leuiter
1127 1182 1298 1240 obseruanda
1315 1189 1425 1254 praetor
1442 1183 1541 1253 edixit,
1564 1199 1621 1240 nou
1640 1181 1686 1267 [7)
1705 1193 1727 1231 1⁰

259 1277 295 1331 sit
312 1274 428 1344 facturn,
451 1275 542 1343 partui
559 1273 689 1341 denegari
706 1271 838 1327 bonorum
857 1272 1070 1341 possessionem:
1094 1272 1144 1328 sed
1162 1288 1221 1328 mos
1245 1273 1364 1340 regionis
1382 1272 1570 1342 inspiciendus
1588 1279 1646 1342 est,
1663 1278 1688 1328 77

258 1363 408 1419 secuudum
426 1378 487 1417 cum
507 1368 535 1416 et
552 1361 692 1417 obseruari
709 1366 832 1415 uentrem
851 1366 880 1415 et
896 1364 1004 1429 partum
1022 1367 1051 1415 et
1068 1359 1198 1416 infantem
1217 1363 1333 1430 oportet.

221 1448 240 1505 2
310 1453 451 1506 7777777777
474 1449 543 1505 libro
566 1451 696 1504 uicesimo
718 1453 815 1518 quarto
839 1448 1015 1517 digestorum.
1058 1449 1185 1504 Edictum
1209 1449 1243 1503 da
1266 1449 1446 1505 custodiendo
1468 1453 1551 1519 partu
1575 1444 1722 1519 deroga-S

226 1548 238 1592 1
258 1541 357 1595 7777777
375 1544 419 1594 777
435 1540 502 1608 7777,
521 1538 595 1608 quod
613 1537 649 1592 ad
663 1535 826 1592 Carboniani
838 1537 941 1591 decreti
954 1537 1108 1608 exemplum
1122 1543 1308 1607 comparatum
1327 1543 1378 1593 est.
1406 1538 1461 1594 Sed
1479 1539 1532 1593 hoc
1551 1535 1689 1619 [refesti

258 1629 403 1698 aliquando
421 1629 559 1682 remittere
577 1631 686 1697 praetor
703 1625 794 1695 debet,
812 1626 836 1680 si
854 1640 908 1680 non
927 1626 1043 1697 malitia,
1064 1626 1113 1682 sed
1131 1627 1266 1696 imperitia
1284 1627 1404 1682 mulieris
1422 1625 1526 1682 factum
1545 1615 1690 1698 777-77777
1708 1637 1731 1676 77

257 1722 353 1770 uenter
370 1716 550 1787 inspiceretur
568 1720 616 1770 aut
632 1720 727 1785 partus
746 1715 937 1770 custodiretur.

221 1803 239 1860 3
309 1805 428 1861 Pactus
445 1806 513 1861 libro
531 1811 628 1875 quarto
647 1805 752 1860 decimo
771 1803 807 1858 ad
824 1803 969 1859 Plautium.
1006 1802 1057 1868 Qui
1077 1805 1165 1858 uentri
1179 1802 1345 1860 substitutus
1363 1809 1407 1860 est
1420 1805 1533 1860 uel¹in·
1568 1817 1640 1872 777,
1649 1818 1670 1873 7,
1672 1808 1731 1886 ³eli

257 1893 378 1963 stitutus,
397 1895 420 1948 si
438 1900 561 1950 uentrem
579 1909 690 1949 seruarc
708 1895 783 1963 uelit,
801 1893 953 1949 audiendus
972 1897 1022 1947 cst.

220 1982 239 2037 4
311 1981 470 2037 Scardona
492 1983 561 2038 libro
584 1983 715 2036 uicesimo
739 1982 916 2052 digestorum.
952 1981 980 2035 ls
998 1997 1015 2034 a
1033 1995 1099 2050 quo,
1124 1980 1147 2034 si
1170 1981 1229 2036 77777
1249 1981 1341 2038 liberis
1359 1981 1533 2052 decessisset,
1553 1977 1689 2064 [7.
1601 1996 1641 2049 77,
1651 1996 1692 2048 77
1710 1985 1732 2039 A

257 2070 390 2140 quidquid
408 2070 443 2124 ad
462 2086 523 2125 enm
542 2086 577 2126 ex
594 2071 674 2126 bonis
691 2071 876 2141 peruenisset,
900 2070 986 2124 sorori
1008 2068 1247 2126 fideicommissum
1266 2071 1390 2125 relictum
1409 2075 1482 2139 erat,
1505 2070 1628 2126 decessit
1647 2087 1691 2142 pc·
1710 2081 1733 2118 2⁰

257 2165 349 2214 stnma
366 2158 465 2214 herede
484 2160 609 2214 instituta
626 2166 654 2214 77
671 2159 826 2214 substitutis
845 2159 918 2214 aliis:
941 2159 1093 2228 quaesitum
1117 2162 1173 2228 est,
1198 2174 1259 2214 cum
1282 2175 1351 2214 uxor
1372 2159 1495 2214 defuncti
1513 2167 1693 2229 praegnatem

257 2263 287 2302 ee
306 2247 388 2317 dicat,
408 2263 443 2301 an
461 2249 547 2303 sorori
564 2249 767 2318 procuratorias
786 2249 844 2304 eius
863 2248 1013 2303 secundum
1030 2244 1146 2302 formam
1164 2247 1247 2301 edicti
1258 2249 1403 2302 uentrem·
1395 2249 1530 2319 suspicere
1543 2253 1572 2303 et
1584 2257 1693 2319 partum

259 2336 396 2391 custodire
414 2336 626 2406 permittendum
645 2337 688 2392 sit.
717 2325 845 2406 respondi
862 2337 890 2392 iu
908 2335 1042 2392 eiusmodi
1060 2336 1159 2404 specie,
1178 2335 1213 2390 dc
1230 2351 1286 2406 qua
1303 2342 1488 2406 quaereretur,
1507 2351 1591 2407 posse
1607 2338 1694 2392 uideri

257 2424 294 2478 ad
311 2425 379 2495 eius,
398 2426 443 2480 cui
459 2423 698 2481 fideicommissum
711 2425 805 2481 datum
817 2432 899 2495 esset,
918 2424 1127 2480 sollicitudinem
1138 2424 1377 2494 perspiciendum·
1388 2425 1471 2496 idque
1485 2440 1572 2480 causa
1583 2427 1695 2495 cognita

257 2511 442 2570 7777777777.
1711 2520 1735 2560 ²⁵

257 2813 294 2890 77
336 2811 376 2888 77
410 2809 612 2888 77777777
645 2810 824 2887 nouum
859 2675 1066 2887 umfuuu
1100 2809 1147 2885 777
1175 2808 1526 2888 POSSESSIONEM
1553 2813 1694 2891 Missa

257 2935 423 3013 77777
469 2935 717 3014 77777777
766 2935 891 3015 nouo
937 2935 1066 3011 7777
1109 2934 1174 3010 nu
1215 2935 1694 3016 manumissurus

751 3061 883 3160 7777
901 3059 1113 3136 orcitus
1151 3061 1188 3136 77

222 3227 238 3282 1
312 3227 462 3282 umnam
479 3225 548 3281 libro
566 3225 706 3296 trigesimo
725 3231 822 3296 quarto
840 3225 876 3280 ad
894 3224 1022 3281 edictum.
1059 3227 1118 3282 Hoc
1137 3225 1227 3282 edicto
1246 3225 1397 3280 rectissime
1415 3230 1526 3296 praetor
1544 3227 1695 3298 prospexit,
1713 3226 1732 3278 S

258 3331 307 3385 ue,
326 3315 438 3370 (lumin
456 3313 577 3371 fauorem
602 3319 697 3384 partus
721 3315 922 3385 possessiouem
946 3314 1119 3384 polliccatur,
1143 3315 1203 3370 aliis
1220 3314 1339 3384 praedae
1357 3316 1530 3371 occasionem
1548 3316 1696 3387 praebeat:
1714 3329 1737 3368 77

226 3408 239 3453 1
257 3405 362 3460 Idcirco
380 3405 522 3460 constituit
540 3404 700 3459 actionem'
693 3421 721 3458 77
739 3404 894 3474 mulierem,
918 3419 989 3472 quac
1013 3404 1040 3458 in
1064 3404 1146 3458 alium
1166 3403 1236 3458 hanc
1253 3404 1455 3474 pussessionem
1473 3404 1537 3461 dolo
1556 3401 1691 3488 [7
1602 3421 1643 3472 77,
1652 3420 1674 3472 7,
1684 3420 1695 3463 7

259 3495 330 3550 malo
348 3495 494 3550 transtulit.
521 3509 575 3549 nou
593 3494 680 3547 solum
699 3493 838 3547 mulierem
856 3496 966 3562 praetor
984 3498 1100 3562 coercet,
1119 3507 1214 3548 uerum
1226 3507 1289 3547 eum
1302 3507 1411 3562 quoquc
1424 3494 1452 3547 in
1465 3494 1543 3548 cuius
1556 3501 1697 3564 potestate

259 3581 404 3652 caluerit,
427 3582 532 3636 scilicet
549 3581 573 3636 77
591 3580 798 3651 dolorpsorunr
817 3581 918 3636 alius·
910 3598 938 3636 77
955 3583 1157 3651 possessionem
1176 3579 1259 3638 fucrit
1276 3581 1427 3650 admissus,
1450 3583 1678 3652 actionemque
1669 3601 1697 3638 rn

227 3677 366 3728 stantum
383 3670 552 3740 pollicetur
544 3686 572 3724 77
590 3685 651 3739 777,
669 3670 764 3740 quanti
781 3668 935 3725 interfuerit
951 3670 1010 3725 eius
1028 3671 1075 3740 qui
1093 3671 1240 3740 experitus
1276 3671 1438 3726 Necessario
1455 3676 1566 3742 praetor
1584 3672 1697 3736 adiecit,
1715 3683 1741 3724 77

259 3764 303 3829 77,
322 3761 369 3829 qui
386 3775 435 3829 per
453 3759 545 3814 dolum
565 3759 640 3814 uenit
660 3759 688 3813 77
711 3757 926 3828 possessionem,
944 3763 1060 3828 cogatur
1081 3759 1228 3814 decedere:
1252 3764 1335 3828 coget
1356 3763 1449 3814 autem
1472 3775 1535 3814 eum
1559 3761 1697 3817 decedere

259 3864 313 3904 uon
331 3849 468 3917 praetoria
484 3851 621 3918 potestate
639 3848 685 3903 uel
703 3863 784 3902 manu
803 3846 1002 3916 ministrorum,
1025 3847 1075 3904 sed
1099 3849 1195 3903 77777777
1218 3851 1246 3902 77
1270 3848 1377 3903 ciuilius
1401 3847 1497 3916 faciet,
1521 3849 1545 3903 ai
1563 3863 1630 3904 eum
1648 3865 1698 3920 pcr

227 3945 241 3988 7
259 3937 433 3994 interdictum
451 3937 488 3991 ad
505 3938 547 3992 ius
565 3936 732 3992 ordinarium
750 3935 892 3991 remiserit.
928 3937 1047 3991 Interest
1064 3942 1156 3992 7777777
1175 3937 1299 4006 eiuquui
1317 3937 1456 4006 experitur
1470 3936 1625 3993 admissum
1645 3935 1697 4022 [et

260 4027 341 4082 alium
360 4027 389 4081 in
405 4026 606 4096 possessionem
625 4041 681 4082 nou
698 4024 792 4095 fuisse,
811 4041 871 4080 cum
891 4023 961 4080 forte
979 4024 1124 4081 bonafide
1142 4023 1247 4082 fructus
1258 4030 1404 4096 perceptos
1416 4027 1630 4097 consumpserit,
1649 4035 1698 4082 aut

259 4116 283 4172 77
301 4114 403 4186 praedo
422 4115 552 4169 uenerit·
544 4131 572 4169 rn
590 4115 806 4184 possessiouem,
829 4129 918 4184 aquo
936 4112 1041 4169 fructus
1059 4115 1189 4184 consequi
1208 4130 1261 4169 non
1279 4115 1380 4184 possit,
1405 4115 1471 4184 quia
1488 4115 1623 4170 soluendo
1642 4132 1698 4171 non
1716 4129 1743 4167 rc

196 4208 241 4255 77
260 4209 310 4260 777.
347 4204 422 4258 Haec
440 4203 513 4257 actio
531 4203 613 4258 etiam
637 4209 701 4273 post
723 4219 822 4258 annum
847 4201 970 4272 dabitur,
992 4203 1056 4271 quia
1078 4203 1117 4256 rei
1136 4201 1218 4256 habat
1235 4204 1463 4270 persecutionem.
1499 4204 1536 4258 Et
1555 4200 1696 4288 [13:31.
1651 4219 1674 4272 8,
1684 4220 1695 4262 1

163 4297 167 4304 '
260 4292 284 4348 77
301 4291 356 4347 filia
374 4289 491 4346 familias
509 4293 545 4346 sit
562 4307 633 4362 qnae
651 4291 713 4346 dolo
731 4289 832 4360 fecit,
823 4309 851 4347 ru
870 4295 974 4360 patrem
993 4290 1103 4346 dabitur
1120 4290 1201 4361 actio,
1220 4291 1244 4345 77
1261 4292 1328 4360 quid
1346 4292 1381 4347 ad
1400 4307 1463 4348 eum
1481 4295 1649 4364 peruenerit.

223 4375 241 4434 2
313 4382 431 4436 Pactus
449 4378 518 4435 libro
537 4381 676 4450 trigesimo
695 4379 810 4448 septimo
829 4379 865 4435 ad
883 4379 1010 4434 edictum.
1046 4380 1118 4434 Dolo
1136 4377 1202 4434 facit
1220 4380 1323 4450 mulier,
1342 4396 1396 4436 non
1414 4396 1486 4451 quae
1504 4382 1532 4437 in
1551 4379 1735 4467 ΜΒ

259 4487 407 4556 amulo)

261 4639 369 4722 ι777717
387 4642 431 4692 est
448 4637 518 4692 euim
539 4636 561 4692 77
579 4635 654 4706 quid]
674 4635 772 4724 durum
795 4641 838 4692 est
860 4635 932 4720 enim
956 4635 980 4689 77
998 4634 1064 4705 quid
1081 4635 1162 4704 quale
1180 4635 1262 4703 quale
1279 4633 1342 4689 est?
1418 4635 1430 4670 ²
1448 4652 1511 4691 cum
1529 4643 1658 4693 uentre·
1648 4659 1697 4694 ras.

259 4709 287 4780 (ὁ
304 4709 369 4764 77777
387 4709 436 4763 rric
455 4707 563 4778 racrpoc
582 4709 687 4778 spudela
706 4707 720 4760 fs
740 4705 917 4769 ructaracric
935 4703 999 4776 77777
1019 4705 1119 4778 Tipac.)
1192 4705 1420 4776 ⁸respiciendum
1440 4709 1541 4776 (decii

260 4860 368 4944 iputa
389 4859 426 4911 F¹
449 4860 453 4926 Ι
474 4856 724 4944 familiarumqu'ae
741 4853 789 4910 prr
835 4857 948 4914 tideo·
1002 4856 1092 4926 aper·
1094 4855 1313 4912 7777777777777
1323 4855 1359 4910 F*
1381 4860 1412 4913 11
1424 4857 1648 4929 possessiouem
1658 4861 1698 4914 Ρ

259 4945 345 4999 quae
364 4930 403 4984 F’
456 4929 660 5014 deonting'uit
677 4930 715 4982 F’
770 4930 831 4984 677
849 4930 948 4998 qui...
1004 4929 1037 4982 rt
1047 4928 1176 4983 7771777777·
1204 4931 1237 4983 18
1247 4928 1417 4984 audiendus
1430 4929 1478 4984 F‘*
1512 4930 1696 5000 adpostnma]

260 5001 364 5071 77777]
357 5001 468 5072 requi..
476 5001 646 5066 .tenetFtt'
639 5001 749 5070 aqui..
757 4971 952 5055 .tanentlilif
1001 5001 1154 5068 postcaF·
1205 5001 1241 5054 30
1257 5006 1367 5068 proctor
1381 5003 1414 5054 Ρ
1467 5003 1501 5058 31
1521 4999 1645 5057 fauorem
1659 5003 1695 5056 Ρ
