3734 5578
150 289 445 338 rxcusaruoumus
823 262 910 344 789
1288 273 1407 342 XXVII
1432 279 1447 341 l
1472 283 1588 338 16-21

96 429 131 487 16
203 429 281 484 loeus
300 428 367 485 libro
386 429 507 485 secundo
525 443 726 498 responsorum.
755 426 841 483 Gaius
858 430 1025 484 testamento
1044 428 1184 498 Nigidium
1202 428 1258 487 ilio
1276 447 1326 488 suo
1341 435 1412 489 tuto·
1432 429 1589 516 [imit
1608 443 1636 499 Ε

149 535 208 573 rem
225 519 302 573 dedit
319 518 491 588 eundemque
509 533 597 588 usquo
615 517 651 572 ad
669 517 849 572 uicensimum
868 517 992 586 quintum
1012 533 1114 573 aunum
1132 525 1285 576 curatorem
1304 522 1459 578 constituit:
1478 511 1589 595 nucero,

150 623 213 663 cum
232 609 314 663 liceat
331 607 440 676 Nigidio
459 625 476 662 a
494 607 634 662 curatione
652 607 734 662 otiam
754 606 823 660 citra
841 606 1051 674 appellationem
1070 622 1100 662 se
1118 623 1259 678 excusare,
1279 625 1313 664 ex
1331 626 1386 681 qua
1399 612 1444 666 die
1456 619 1589 684 tempora,

150 698 266 767 quaein
285 696 507 751 excusationibus
526 695 699 750 obseruanda
717 695 797 749 diuus
816 693 924 749 llarcus
942 696 1052 764 statuit,
1077 698 1262 767 computanda
1280 705 1358 768 sunt,
1381 705 1472 756 utrum
1491 717 1526 756 ex
1544 701 1589 756 dic

150 787 239 856 aperti
262 787 434 855 testamenti,
458 801 493 839 an
517 799 551 838 ex
573 783 681 854 quoted
700 784 812 853 negotia
828 783 950 852 garama
967 787 1095 854 uocatur,
1120 785 1147 840 id
1166 790 1210 840 est
1226 791 1290 856 post
1307 793 1434 857 quartum
1453 789 1589 845 decimum
1608 801 1622 843 ι

150 891 252 930 aunum
270 875 420 944 impletum.
454 873 624 929 Modestinus
642 871 784 942 rospondit
801 872 1006 926 excusationem
1025 888 1043 926 a
1060 886 1127 927 cura
1143 877 1210 928 trrnc
1227 877 1410 932 neeessariam
1429 893 1504 949 esse,
1526 893 1589 934 cum

150 963 261 1020 decreto
279 963 411 1034 praetoris
430 979 478 1018 sou
497 962 631 1032 praesidis
650 959 826 1016 confirmatus
844 967 954 1015 curator
971 959 1061 1016 fuerit

94 1053 130 1110 17
203 1053 429 1109 Gaunrsuunrus
454 1049 523 1108 libro
551 1054 657 1120 quomo·
675 1049 710 1104 de
737 1048 947 1118 cognitionibus.
985 1050 1046 1106 Nou
1069 1055 1175 1106 tautum
1216 1052 1357 1119 'Pontes
1372 1068 1419 1112 not
1441 1067 1513 1122 1138,
1526 1069 1589 1122 1‚1t
1607 1063 1636 1118 Ir'

149 1143 311 1212 magnitudo
334 1141 558 1211 patrimoniorum
582 1139 702 1194 ineunda
725 1145 768 1192 est
791 1145 980 1208 susceptarum
1003 1140 1085 1194 trium
1105 1142 1253 1198 tutelarum
1271 1130 1590 1214 quaeffiae's—useipie‘uda

150 1238 204 1300 est,
224 1232 273 1286 sed
292 1232 375 1286 etiam
394 1237 471 1286 aetas
489 1229 651 1299 pupillorum
671 1227 871 1282 consideranda
889 1233 944 1282 est:
964 1243 1027 1282 nam
1045 1230 1069 1284 ai
1087 1231 1208 1300 priorum
1226 1233 1390 1302 pupillorum
1408 1237 1485 1288 aetas
1503 1248 1589 1304 prope
1609 1247 1637 1288 ιο

148 1320 322 1392 pubertatem
341 1321 389 1388 sit,
413 1320 453 1375 ita
470 1325 501 1373 ut
518 1317 709 1373 tantummodo
728 1321 878 1371 aemonstre
896 1321 1005 1387 tempus
1023 1319 1156 1389 reliquum
1175 1319 1270 1390 luerit,
1295 1327 1344 1376 aut
1361 1335 1454 1376 eorum
1473 1337 1588 1390 quorum

150 1411 289 1479 suscipere
306 1411 420 1464 tutelam
440 1409 555 1478 cogitur,
575 1423 629 1463 non
648 1405 758 1460 dabitur
775 1406 931 1460 excusatio:
950 1405 1032 1475 idque
1050 1407 1245 1478 principalibus
1261 1411 1431 1466 constitutio·
1452 1397 1588 1496 [ipen—e)

116 1510 129 1554 1
150 1499 231 1554 nibus
250 1505 371 1554 cauetur.
403 1497 548 1552 Iliensibus
566 1501 595 1550 et
612 1500 725 1566 propter
742 1495 872 1550 inclutam
891 1493 1060 1550 nobilitatem
1075 1497 1195 1553 ciuitatis
1207 1505 1235 1553 et
1248 1505 1359 1569 propter
1370 1488 1589 1558 coniunctiones—n

150 1587 263 1657 originis
281 1587 420 1642 Romanae
444 1588 496 1640 iam
517 1585 666 1655 antiquitus
685 1587 714 1638 et
732 1587 844 1638 senatus
863 1584 996 1639 consultis
1014 1590 1042 1640 et
1060 1587 1301 1643 constitutionibus
1318 1589 1470 1658 principum
1488 1590 1589 1658 plenia·

150 1677 221 1730 sima
238 1675 396 1730 immunitas
414 1675 517 1729 tributa
535 1679 585 1744 est,
606 1679 636 1728 ut
654 1674 736 1727 etiam
755 1673 857 1726 tutelae
876 1673 1080 1730 excusationem
1100 1674 1226 1746 babeant,
1245 1675 1348 1731 scilicet
1366 1692 1459 1733 eorum
1473 1679 1588 1748 pupillo·
1608 1691 1636 1733 rs

115 1779 131 1822 a
150 1782 219 1835 rum,
238 1765 284 1834 qui
302 1765 415 1820 ilienses
432 1779 487 1819 nou
506 1763 573 1818 sint:
592 1763 675 1832 idque
693 1762 775 1817 diuus
793 1762 858 1816 Pius
876 1762 1024 1832 rescripsit
1052 1764 1117 1834 Eos,
1136 1765 1183 1835 qui
1195 1765 1223 1820 in
1235 1764 1393 1833 corporibus
1413 1762 1588 1848 [Βῖιέζιῖῖι

151 1860 215 1910 sunt
232 1854 318 1910 ueluti
336 1852 483 1922 labrorum,
502 1852 701 1907 immunitatem
721 1849 821 1905 babere
840 1849 956 1906 dicimus
974 1851 1056 1907 etiam
1076 1853 1148 1908 circa
1165 1853 1311 1908 tutelarum
1330 1859 1484 1910 exterorum
1504 1842 1590 1910 homi·

150 1959 216 1998 num
240 1943 502 1997 administrationem
525 1939 666 1995 babebuut
687 1939 918 2009 excusationem1,
942 1941 995 1996 uisi
1013 1941 1037 1996 si
1054 1939 1198 1996 facultates
1217 1957 1310 1997 eorum
1329 1943 1463 1998 mancias
1480 1941 1589 2015 fuerint,

150 2037 181 2087 ut
200 2031 234 2086 ad
254 2039 345 2086 cetera
363 2045 471 2101 quoque
490 2045 603 2086 munera
620 2028 730 2101 publica
748 2029 924 2098 suscipienda
942 2030 1152 2100 compellantur:
1175 2030 1257 2099 idque
1276 2030 1469 2102 principalibus
1487 2032 1589 2088 concti-

115 2135 130 2178 3
149 2120 302 2176 tutioribus
325 2126 446 2174 cauetur.
483 2120 544 2175 Nou
568 2117 660 2174 omnia
682 2122 775 2172 ιιοιιιι
796 2133 911 2188 οοιροιι
928 2119 973 2173 uel
992 2120 1107 2188 collegia
1124 2120 1295 2175 uacationem
1313 2122 1458 2177 tutelarum
1477 2121 1588 2192 habeut,
1608 2134 1637 2175 ao

150 2209 276 2279 quamuis
295 2208 452 2264 muneribus
470 2205 680 2278 municipalibus
698 2205 830 2262 obstricta
848 2221 901 2262 uon
920 2207 988 2277 sint,
1006 2208 1058 2262 uisi
1076 2208 1235 2264 nominatim
1254 2208 1282 2264 ld
1300 2210 1472 2280 priuilegium
1491 2211 1531 2266 eis
1549 2212 1589 2266 in·

114 2312 130 2356 4
150 2299 255 2353 dultum
275 2297 318 2352 sit.
347 2297 374 2352 ls
392 2298 439 2367 qui
457 2298 596 2353 aedilitate
614 2295 738 2364 iungitur
749 2299 840 2364 potest
852 2299 926 2351 tutor
937 2295 1010 2350 dari:
1028 2311 1091 2352 nam
1105 2295 1115 2366 ΙΙ
1129 2297 1254 2354 aedilitas
1266 2299 1338 2354 inter
1351 2315 1399 2355 eos
1411 2301 1589 2370 magistratus
1606 2307 1623 2356 t.
1634 2303 1688 2356 ιιιΙ

115 2399 130 2444 5
149 2387 267 2442 habetur
285 2387 332 2456 qui
349 2387 463 2456 priuatis
482 2383 640 2440 muneribus
659 2385 783 2440 excusati
802 2389 866 2438 suut
884 2385 1034 2440 secundum
1047 2385 1104 2440 diui
1116 2385 1200 2442 llaroi
1212 2387 1382 2458 rescriptum.
1410 2387 1481 2444 Saue
1494 2393 1588 2446 uotum

150 2481 206 2546 est,
231 2475 305 2545 quod
328 2474 487 2544 gerentibus
510 2475 640 2530 bonorem
659 2473 831 2528 siccationem
849 2474 996 2528 tutelarum
1016 2475 1130 2530 concedi
1147 2476 1263 2546 placuit,
1287 2493 1387 2533 uacare
1405 2479 1514 2534 autem*
1532 2493 1588 2549 eos,

150 2567 198 2634 qui
213 2569 280 2620 tunc
292 2565 408 2634 primum
422 2569 555 2618 uocantur
566 2563 602 2618 ad
615 2561 819 2632 suscipiendum
832 2559 951 2618 cilicium
964 2564 1080 2618 tutelae:
1098 2568 1219 2619 cetorum
1232 2579 1288 2635 eos,
1306 2567 1353 2636 qui
1364 2567 1418 2623 iam
1432 2583 1463 2623 se
1474 2568 1589 2624 miscue-
1609 2581 1638 2623 ac

116 2666 131 2710 e
150 2657 205 2710 rint
223 2652 460 2722 administrationi,
482 2667 517 2707 ne
535 2657 658 2722 tempore
676 2651 787 2720 qudem
806 2651 983 2720 magistratus
1001 2665 1100 2707 uacare
1119 2667 1205 2722 aequo
1223 2657 1318 2710 notum
1337 2659 1388 2709 est
1414 2655 1525 2712 Domini
1542 2672 1589 2712 nc·

150 2745 226 2799 uium
250 2758 304 2798 non
321 2741 451 2797 uidentur
467 2740 578 2797 haberi¹
595 2743 666 2796 inter
683 2739 839 2811 priuilegia,
863 2746 895 2794 ut
914 2755 931 2795 a
948 2741 1042 2795 tutelis
1060 2746 1173 2811 uacent,
1197 2741 1280 2812 idque
1298 2743 1378 2798 diuus
1396 2744 1531 2800 Traianus
1547 2761 1589 2800 re·

117 2845 131 2891 t
151 2833 271 2902 scripsit.
298 2831 424 2900 lnquiliui
443 2837 593 2886 castrorum
613 2847 630 2884 a
648 2831 741 2885 tutelis
760 2829 886 2884 excusari
905 2830 994 2884 solent
1011 2828 1063 2884 nisi
1081 2844 1183 2900 eorum,
1203 2831 1250 2900 qui
1268 2836 1296 2886 et
1313 2832 1366 2903 ipsi
1384 2833 1507 2902 inquilini
1525 2837 1590 2888 sunt

150 2927 180 2978 et
197 2923 225 2977 iu
244 2919 341 2977 eodem
359 2923 451 2975 castro
469 2919 621 2990 eademque
640 2919 798 2975 condicione
817 2922 890 2972 sunt
1608 2935 1637 2977 ,a

92 3013 131 3070 18
206 3010 357 3066 Uurmnus
374 3007 443 3063 libro
462 3008 610 3064 uicensimo
629 3008 665 3063 ad
683 3010 772 3078 legem
791 3007 887 3062 lulium
906 3011 934 3061 et
951 3006 1072 3076 Papiam.
1109 3007 1186 3063 Bello
1204 3008 1298 3064 amissi
1316 3007 1352 3064 ad
1370 3013 1412 3064 tu·
1445 3005 1588 3079 libitu]
1608 3019 1652 3092 Es
1694 3027 1698 3042 ’

148 3102 222 3156 telae
241 3098 446 3154 exeusationem
464 3104 591 3167 prosunt:
610 3097 764 3166 quaesitum
783 3099 944 3164 astantem,
962 3096 1009 3165 qui
1024 3100 1089 3150 suut
1101 3096 1155 3165 isti,
1173 3101 1264 3152 utrum
1283 3097 1319 3167 bi,
1337 3099 1384 3166 qui
1402 3099 1430 3155 in
1447 3101 1506 3154 acie
1524 3105 1590 3156 suut

149 3189 306 3258 interempti
329 3203 364 3242 an
381 3201 448 3242 uero
466 3202 561 3243 omues
579 3187 702 3255 omnino,
726 3185 774 3255 qui
790 3199 840 3255 per
858 3199 968 3240 causam
987 3183 1051 3240 belli
1068 3185 1227 3255 parentibus
1245 3193 1310 3242 suut
1328 3186 1447 3258 abrepti,
1470 3189 1499 3244 in
1516 3188 1589 3245 obsi-

150 3279 232 3334 dione
255 3276 335 3332 iorte.
369 3277 466 3331 melius
490 3275 573 3346 igitur
590 3273 750 3345 probabitur
768 3287 816 3328 eos
835 3274 920 3344 solos,
942 3274 1036 3343 quiin
1054 3275 1113 3330 acie
1131 3275 1305 3347 amittuntur,
1329 3276 1460 3348 prodesse
1479 3278 1588 3350 debers,

148 3369 347 3436 cuiuscumque
366 3381 449 3422 sexus
468 3367 511 3420 uel
530 3365 629 3420 aetatis
647 3364 734 3419 siut⁴:
752 3362 780 3419 hi
799 3363 870 3418 enim
889 3379 938 3434 pro
957 3378 986 3432 ro
1004 3362 1115 3434 publica
1132 3364 1298 3420 cecideruut
1606 3383 1637 3424 ιι

90 3461 130 3518 19
203 3456 281 3510 hau
299 3453 368 3510 libro
385 3455 527 3524 trigesimo
545 3455 641 3523 quinto
658 3453 693 3507 ad
712 3451 840 3508 edictum.
868 3453 939 3508 lllud
957 3453 1166 3508 usitatissimum
1184 3458 1235 3523 est,
1253 3457 1285 3508 ut
1297 3453 1348 3525 bis,
1366 3454 1413 3525 qui
1431 3451 1587 3540 [Γιιῖῖι
1606 3466 1627 3522 s

149 3545 276 3600 initalia
294 3543 460 3599 domicilium
479 3541 606 3611 babeant,
625 3541 824 3597 administratio
842 3557 932 3596 rerum
949 3542 1156 3612 prouincialium
1175 3543 1336 3599 remittatur.

88 3639 131 3698 20
203 3635 345 3689 luumaus
368 3631 437 3687 libro
455 3633 586 3686 uicesimo
605 3631 783 3701 digestorum.
816 3629 845 3684 Si
863 3631 996 3700 pupillum
1014 3635 1128 3702 patruus
1146 3632 1295 3688 contendat
1312 3631 1507 3688 exheredatum
1525 3639 1628 3694 osred

120 3773 123 3780 .
148 3729 179 3779 et
203 3738 234 3777 se
257 3722 385 3777 heredem
404 3721 548 3791 scriptum,
573 3735 690 3789 monum
709 3724 752 3774 est
769 3725 887 3776 tutorem
906 3720 1007 3789 pupillo
1026 3719 1084 3774 dari
1103 3727 1216 3791 recepta
1232 3723 1322 3792 patrui
1340 3723 1516 3778 excusatione
1533 3723 1589 3792 uel,

148 3813 173 3868 si
191 3811 260 3867 nolit
277 3811 481 3866 excusationem
499 3814 603 3880 petere,
622 3813 726 3864 minoto
745 3824 779 3864 eo
797 3825 813 3864 a
831 3807 935 3863 tutela⁵
953 3809 991 3862 ita
1008 3809 1083 3864 bum
1103 3809 1138 3865 de
1155 3809 1306 3866 hereditate
1324 3811 1462 3881 expedire.

87 3908 126 3964 21
204 3901 378 3956 Massurius
401 3899 470 3956 libro
489 3897 610 3954 secundo
629 3897 837 3953 institutionum.
871 3897 985 3966 Propter
1000 3897 1089 3968 litem,
1114 3914 1195 3968 quam
1214 3899 1275 3968 quis
1293 3914 1356 3954 cum
1374 3898 1476 3968 pupillo
1494 3897 1628 3970 babetss
1668 3913 1671 3918 ’

147 4005 282 4046 excursare
302 4005 331 4043 so
351 4005 367 4043 a
383 3989 470 4042 tutela
488 4003 542 4043 non
559 3993 659 4057 potest,
678 3987 730 4042 nisi
747 3984 818 4041 lorte
837 3986 871 4040 de
890 3985 1016 4041 omnibus
1033 3985 1112 4042 bonis
1131 3991 1179 4042 aut
1195 3987 1312 4057 plurima
1326 3989 1404 4056 parte
1416 4002 1509 4042 eorum
1523 4002 1586 4043 con·
1606 4001 1634 4041 ιι

114 4095 126 4136 1
148 4077 286 4134 trouersia
304 4078 348 4132 sit.
385 4077 436 4142 Qui
454 4093 484 4132 se
503 4077 563 4132 uult
579 4091 725 4144 excusare,
744 4077 769 4130 si
786 4075 877 4145 plures
895 4073 978 4130 habet
996 4077 1186 4132 excusationes
1206 4082 1235 4131 et
1266 4065 1283 4126 l.
1293 4063 1318 4134 1}
1327 4063 1419 4133 edis?
1435 4064 1461 4124 s.
1472 4063 1549 4150 ιε’ζι]
1542 4064 1587 4151 {o

114 4186 129 4230 ι
148 4169 185 4223 do
203 4166 368 4236 quibusdam
387 4181 441 4222 uon
459 4165 624 4236 probauerit,
643 4164 702 4220 aliis
720 4165 761 4220 uti
778 4165 850 4219 intra
866 4169 991 4235 tempora
1002 4180 1056 4222 nou
1067 4165 1234 4236 prohibetur.
1260 4167 1338 4222 Licet
1349 4165 1430 4221 datus
1443 4169 1517 4221 tutor
1535 4162 1585 4250 [OE

147 4257 185 4312 ad
205 4258 363 4312 uniuersum
381 4256 575 4326 patrimonium
593 4255 675 4309 datus
693 4258 744 4325 eat,
765 4259 857 4309 nmen
874 4269 1006 4310 excusare
1025 4268 1055 4309 se
1072 4259 1173 4324 potest,
1191 4269 1226 4310 ne
1243 4255 1315 4311 ultra
1333 4255 1530 4312 centensimum
1547 4243 1586 4311 1ιῖ-

145 4353 346 4424 musonio)

361 4457 414 4462 —.
429 4455 477 4462 υ...
484 4456 505 4460 -.
512 4453 614 4461 ——n-
624 4453 802 4461 -—-.-—-.—-.
1087 4454 1181 4461 ——

146 4458 242 4550 lbab.
256 4511 316 4550 exc.
329 4497 375 4550 del.
429 4496 551 4548 ’autem
570 4495 616 4548 det.
670 4491 821 4547 'haberet
874 4494 1196 4563 ⁴cuiuscumqueaexus
1213 4494 1259 4548 uel
1276 4493 1375 4549 aetatis
1393 4495 1450 4549 siut
1466 4503 1510 4548 uta
1527 4501 1587 4550 sant

151 4569 266 4639 Ulpiani,
284 4569 330 4620 sed
345 4574 434 4636 postea
454 4567 555 4620 adiecta
573 4566 609 4618 ad
626 4565 800 4635 replicandam
818 4578 951 4620 nomnen
970 4567 1097 4630 (similiter
1115 4564 1288 4620 Hotomanus:
1306 4587 1331 4620 u.
1344 4569 1372 4630 i.)
1444 4568 1454 4602 ⁸
1474 4570 1503 4620 et
1521 4574 1567 4620 ina.

149 4697 376 4766 lconfirmatus]
402 4698 447 4762 ΡΙ,
471 4695 657 4752 confirmatus
674 4697 713 4750 Β)
766 4697 841 4752 stn-
894 4698 1003 4764 (Aaou.)
1047 4699 1081 4752 23
1099 4696 1249 4752 babe'a'tur
1260 4698 1299 4750 F2
1343 4698 1586 4769 &cuiuscumque

148 4771 251 4840 cunda]
270 4770 374 4834 ΗΜΘ,
392 4769 419 4824 iu
438 4769 554 4824 eundem
569 4769 606 4832 D,
624 4768 755 4823 intuenda
770 4767 841 4822 WE‘
895 4769 1096 4838 (tuluscumque
1108 4769 1156 4836 Ρ)
1173 4784 1255 4824 sexus
1268 4770 1312 4825 uel
1326 4771 1380 4834 (uel
1393 4789 1441 4824 cm.
1451 4771 1497 4836 Ρ)
1510 4776 1586 4826 aeta-

150 4847 181 4898 11
208 4843 378 4896 semem⁴atre
403 4841 447 4905 F2,
474 4845 624 4896 semestre
650 4839 684 4892 F‘
744 4841 777 4894 13
801 4839 841 4894 iu·
894 4842 930 4894 tis
945 4839 1006 4908 sintl
1028 4842 1051 4894 oi
1066 4839 1095 4894 'ss
1110 4841 1245 4912 repartiri
1264 4841 1380 4905 ιιοιὲιιογ
1398 4842 1584 4907 retentatores,

148 4913 292 4984 clytamF
336 4913 370 4966 14
387 4917 416 4967 et
432 4911 554 4981 senatus]
573 4917 600 4966 ct
618 4927 675 4966 seu.
690 4911 725 4964 Ρ
771 4912 842 4965 22ἰι
895 4913 951 4966 οἵιι
968 4912 1000 4964 in
1019 4911 1072 4966 elsa
1092 4912 1198 4977 cicccc
1216 4915 1254 4968 rai
1274 4912 1531 4980 itraiacB(Anon.)
1547 4922 1584 4967 ιι·-

149 4987 197 5055 qui
208 4983 348 5038 aedilitate
360 4983 420 5056 sep]
432 4985 455 5038 oi
468 4982 624 5053 &reprobaret
639 4983 776 5037 ι’1ιωτιιιὼιι
789 4993 840 5037 let·
895 4985 1034 5054 viriliterque
1048 4983 1103 5048 BS,
1121 4992 1150 5038 et
1166 4986 1253 5039 eudem
1272 4986 1406 5058 eodemque
1423 4986 1478 5040 loco
1496 4986 1585 5058 legisse

149 5057 293 5128 τογρι-ιώιι,
325 5053 357 5117 oi
384 5055 435 5110 aba
463 5054 602 5126 'surrpouftc
628 5052 783 5115 &uotiuum
815 5055 842 5108 Β
896 5053 1010 5110 Graecos
1027 5062 1121 5109 cmutet
