3762 5544
270 280 362 348 llllll
382 281 402 347 3
424 285 538 342 15-23
940 271 1027 354 646
1356 295 1404 344 nn
1425 293 1701 346 raoasmorrrsus

270 439 347 494 missi
369 441 471 492 statum
495 437 567 507 eius,
590 437 638 506 qui
655 434 765 506 probari
781 441 875 507 potest
892 452 909 491 a
926 434 1055 491 fratribus
1073 435 1196 492 defuncti
1212 433 1284 492 filius
1301 439 1404 491 mortus·
1419 447 1475 490 non
1492 449 1569 506 csse,
1592 435 1703 490 minime

270 525 460 582 confirmatum
479 539 553 580 esse:
572 525 622 580 sed
639 525 691 580 hoc
709 525 798 595 ipsum
817 541 834 580 a
851 524 981 580 iratribus
998 524 1107 596 probari
1124 523 1216 580 debet.

215 617 252 674 16
323 616 495 670 raanan-ms
514 613 653 669 &munus
670 613 739 669 libro
756 614 838 668 tertio
856 614 892 668 ad
909 615 998 684 legem
1016 615 1112 670 luliam
1131 618 1160 668 et
1177 613 1297 684 Papiam.
1324 612 1415 668 Etiam
1434 613 1529 668 matris
1547 606 1704 698 Q
1722 620 1750 674 Ε

269 703 405 774 professio
422 701 538 757 filiorum
556 703 697 772 recipitur:
717 701 766 757 sed
785 707 814 756 et
832 703 876 756 aui
895 702 1052 774 recipienda
1069 708 1120 757 est.
1722 713 1738 754 s

215 795 252 853 17
324 791 437 847 Census
459 789 528 846 libro
553 795 631 845 sexto
654 790 832 859 digestorum.
869 790 938 846 Cum
963 792 997 846 de
1020 792 1081 860 lege
1098 790 1221 846 Falcidia
1242 791 1395 860 quaeritur,
1419 789 1528 846 heredis
1547 783 1703 874 Q
1722 798 1776 871 lis·

270 880 395 952 probatio
418 880 574 966 estslocum
597 878 698 934 habere
720 881 808 949 legem
827 879 990 936 Falcidiam:
1014 879 1086 950 quod
1106 875 1171 935 dum
1189 878 1306 950 probare
1323 894 1378 935 non
1395 883 1501 950 potest,
1524 880 1623 936 mento
1641 895 1704 935 con·

271 968 452 1025 damnabitur.

215 1062 253 1120 18
325 1057 474 1126 Umrsrrus
496 1055 565 1112 libro
589 1061 667 1112 sexto
691 1055 914 1126 disputationum.
951 1056 1081 1123 Quotiens
1104 1071 1204 1127 operae
1227 1055 1306 1126 quasi
1328 1070 1345 1109 a
1366 1054 1464 1110 liberto
1481 1071 1528 1126 pe
1546 1051 1705 1141 Q
1724 1065 1745 1118 s

270 1151 377 1216 tuntur,
396 1145 571 1216 probationes
589 1144 624 1200 ab
643 1160 677 1200 eo
694 1145 741 1214 qui
759 1161 790 1200 se
807 1151 952 1215 patronum
971 1147 1037 1201 dicit
1055 1147 1214 1215 exiguntur:
1236 1150 1265 1199 et
1281 1144 1344 1199 ideo
1362 1144 1483 1199 lulianus
1500 1146 1624 1216 scripsit,
1642 1149 1707 1202 licet

270 1235 299 1290 ln
316 1234 482 1305 praeiudicio
500 1248 642 1304 possessor
658 1239 791 1304 patronus
809 1249 871 1290 esse
888 1235 1004 1305 uidetur,
1022 1238 1134 1290 uernm¹
1153 1232 1278 1304 partibus
1296 1233 1396 1287 actoris
1414 1247 1470 1288 non
1485 1233 1614 1290 libertum
1629 1233 1707 1305 fungi
1725 1247 1754 1288 ss

239 1334 251 1379 1
271 1323 384 1392 debere,
407 1322 457 1377 sed
475 1337 538 1375 eum
557 1321 652 1390 quise
670 1329 814 1392 patronum
832 1339 894 1378 esse
913 1323 1062 1378 contendit.
1098 1322 1149 1389 Qui
1168 1322 1231 1378 dolo
1248 1321 1316 1376 dicit
1333 1319 1437 1376 iactum
1455 1322 1572 1391 aliquid,
1596 1324 1661 1378 licet
1678 1325 1707 1380 iu

238 1423 253 1468 a
271 1411 446 1481 exceptione,
468 1410 567 1466 docere
589 1408 680 1464 dolum
699 1409 849 1466 admissum
867 1411 958 1467 dehet.
995 1411 1219 1480 Interrogationis
1235 1408 1326 1465 iactae
1344 1407 1532 1480 probationem
1551 1413 1639 1467 actori
1656 1413 1706 1467 im-

270 1501 335 1571 poni
353 1499 467 1568 debere,
485 1499 514 1553 id
532 1503 575 1553 est
591 1499 631 1568 ei,
650 1499 697 1569 qui
715 1499 743 1553 ln
761 1500 820 1554 iure
838 1501 1034 1570 interrogatum
1053 1501 1122 1555 dixit
1139 1497 1313 1568 respondisse
1332 1513 1362 1552 se
1380 1498 1469 1553 solum
1486 1497 1616 1555 heredem
1635 1515 1706 1556 esse.

272 1590 315 1644 uel
338 1589 362 1643 si
384 1588 504 1642 tacuisse
528 1587 634 1642 dicatur
656 1587 853 1660 interrogatus,
877 1604 964 1659 acque
986 1587 1147 1644 tantundem
1172 1587 1224 1642 erit
1241 1585 1386 1642 dicendum
1404 1587 1561 1657 impositam
1579 1589 1706 1659 inproba·
1725 1601 1754 1641 rs

270 1677 372 1732 tionem
390 1691 446 1732 non
458 1677 488 1730 ei
507 1674 518 1746 ll
537 1676 584 1745 qui
600 1677 711 1746 excepit
728 1691 758 1731 se
776 1693 831 1732 non
849 1677 1031 1748 respondisse,
1050 1677 1099 1732 sed
1118 1675 1212 1731 actori.
1724 1681 1799 1732 tarr

215 1766 252 1825 19
323 1765 401 1820 lona
417 1763 487 1820 libro
505 1765 623 1834 septimo
642 1764 866 1835 disputationum.
893 1767 925 1821 ln
943 1765 1150 1836 exceptionibus
1167 1762 1312 1819 dicendum
1323 1766 1368 1817 est
1379 1777 1456 1818 reum
1467 1779 1529 1834 par·
1548 1759 1707 1850 Q
1725 1772 1746 1825 s

270 1853 344 1910 tibus
366 1854 466 1909 actoris
488 1851 566 1923 iungi
590 1858 715 1924 oportere
737 1855 881 1924 ipsumque
900 1855 1088 1925 exceptionem
1107 1854 1185 1909 uelut
1200 1851 1378 1907 intentionem
1396 1852 1523 1922 implero:
1548 1861 1580 1910 ut
1597 1857 1707 1924 putssl

239 1954 251 1999 1
270 1943 344 2014 pacti
362 1943 490 1998 conuenti
508 1943 669 2013 exceptione
687 1948 788 2012 utatur,
807 1943 907 1998 docere
924 1943 1008 1998 debet
1025 1947 1134 2013 pactum
1154 1945 1319 1998 conuentum
1336 1940 1441 1997 lactum
1459 1956 1530 1998 esse.
1559 1941 1629 1999 Cum
1645 1943 1707 2013 quis

270 2032 441 2103 promisisset
461 2031 561 2086 iudicio
584 2047 614 2086 se
639 2031 700 2086 sisti
718 2036 746 2087 et
763 2033 802 2087 rei
819 2031 944 2102 publicae
963 2048 1047 2087 causa
1064 2030 1167 2087 afuisse
1184 2030 1275 2084 ²dieat
1292 2034 1321 2084 et
1338 2029 1375 2086 ob
1391 2030 1420 2085 id
1438 2047 1494 2088 nou
1511 2031 1638 2101 stetisse,
1661 2033 1708 2090 uel

271 2119 334 2175 dolo
352 2120 423 2175 malo
441 2119 590 2174 adremaro
609 2118 711 2175 lactum
729 2135 784 2189 quo
803 2122 895 2176 minus
910 2121 1059 2191 sisteretur,
1079 2121 1123 2176 uel
1140 2118 1325 2175 ualetudinem
1344 2117 1396 2174 sibi
1412 2119 1610 2189 impedimento
1621 2119 1708 2176 fuisse
1726 2132 1754 2172 ss

239 2210 314 2266 auel
333 2212 530 2278 tempestatem,
548 2207 665 2276 probare
683 2224 746 2263 eum
763 2209 792 2264 id
810 2214 926 2280 oportet.
954 2211 1009 2266 Sed
1028 2216 1056 2266 et
1072 2212 1095 2266 si
1106 2207 1294 2279 procuratoris
1305 2207 1366 2277 quis
1378 2208 1541 2278 exceptione
1552 2212 1654 2280 utatur,
1673 2224 1708 2265 eo

271 2296 345 2367 quod
367 2313 422 2352 non
445 2296 568 2351 licuisset
590 2296 748 2353 aduersario
772 2297 838 2354 dare
855 2300 900 2355 uel
917 2299 976 2355 lieri
994 2305 1210 2370 procuratorem,
1233 2295 1350 2366 probare
1368 2296 1397 2351 id
1414 2301 1525 2366 oportet
1541 2295 1708 2353 obicientem

207 2398 221 2443 a
238 2397 254 2445 t
270 2386 468 2456 exceptionem.
505 2383 581 2438 ldcm
605 2385 657 2439 cr'lt
679 2385 825 2441 dicendum
848 2391 878 2442 et
898 2389 922 2443 si
946 2401 980 2443 es
998 2389 1114 2458 pecunia
1131 2390 1254 2458 petatur,
1279 2399 1350 2455 quse
1367 2389 1486 2455 pensata
1502 2385 1610 2441 dicitur,
1647 2385 1709 2442 Hoc

270 2475 395 2546 amplius,
414 2475 438 2529 si
455 2473 591 2529 iudicatae
608 2473 664 2529 rei⁸
682 2473 728 2528 uel
745 2474 920 2531 iurisiurandi
938 2476 1062 2532 condicio
1079 2476 1172 2530 delata
1189 2474 1296 2529 dicatur
1313 2473 1348 2528 de
1367 2487 1400 2529 eo
1418 2474 1493 2544 quod
1511 2491 1585 2530 nuno
1596 2475 1708 2548 patim,

271 2563 330 2619 siue
347 2563 376 2617 in
393 2563 455 2618 alea
471 2567 580 2632 gestum
598 2576 660 2617 esse
678 2562 867 2634 contendatur,
886 2569 967 2620 eum·
982 2565 1095 2637 implere
1112 2563 1286 2636 probationes
1304 2566 1420 2633 oportet
1724 2577 1753 2618 ss

214 2652 254 2712 20
322 2652 464 2707 lusurus
486 2650 554 2706 libro
577 2650 788 2721 quadragesimo
809 2654 892 2709 tertio
915 2654 1093 2724 digestorum.
1130 2651 1159 2710 Si
1181 2653 1243 2724 quis
1259 2651 1375 2707 liberum
1393 2650 1530 2708 hominem
1563 2662 1590 2710 a.
1597 2665 1636 2720 aa,
1646 2665 1707 2720 1‚ao
1723 2659 1745 2714 S

270 2739 299 2795 ni
315 2739 446 2810 rapuerit,
464 2739 492 2794 iu
509 2739 626 2794 uinculis
644 2739 777 2811 habuerit,
795 2741 819 2796 is
837 2742 1025 2813 indlgm'ssime
1037 2741 1209 2799 commodum
1222 2741 1388 2812 possessoris
1400 2747 1623 2812 consequeretur,
1643 2743 1708 2812 quis

268 2828 380 2900 probari
396 2843 451 2884 non
469 2827 570 2899 poterit
587 2827 723 2884 hominem
742 2843 774 2885 eo
793 2835 915 2901 tempore
933 2847 988 2901 quo
1004 2831 1122 2901 primum
1138 2830 1172 2885 lis
1190 2829 1361 2885 ordinaretur
1378 2829 1407 2883 in
1423 2828 1552 2884 libertate
1569 2828 1664 2886 laissa

213 2919 251 2978 21
323 2917 498 2973 llncrsuus
517 2911 585 2973 libro
597 2922 677 2972 sexto
689 2919 897 2975 institutionum.
927 2919 1024 2976 Ucrius
1042 2935 1104 2976 essa
1121 2918 1248 2973 existimo
1267 2912 1745 3004 ωε

269 3005 361 3077 ipsum
379 3005 425 3076 qui
443 3005 516 3076 agit,
539 3006 568 3060 iu
592 3010 635 3061 est
651 3007 827 3077 legatarium,
852 3006 968 3078 probare
991 3012 1117 3078 oportere
1139 3008 1225 3063 scisse
1247 3007 1364 3062 alienam
1387 3021 1445 3063 rem
1470 3009 1516 3062 uel
1539 3007 1706 3078 obligatam¹
1724 3021 1751 3062 sa

269 3095 363 3164 legare
385 3092 558 3165 defunctum,
583 3109 638 3150 non
655 3094 784 3152 heredem
802 3095 918 3165 probaro
936 3101 1063 3168 oportere
1085 3097 1227 3166 lahorasse
1244 3095 1360 3151 adanam
1379 3096 1425 3152 uel
1443 3094 1618 3166 obligatam,
1642 3097 1707 3167 quis

270 3197 380 3254 semper
396 3183 547 3239 necessitas
563 3182 697 3253 probandi
715 3183 847 3240 incumbit
864 3186 903 3240 illl
920 3186 967 3256 qui
984 3185 1051 3256 agit

213 3275 253 3334 22
325 3272 475 3328 llnersuus
492 3269 561 3327 libro
578 3271 666 3342 primo
684 3288 887 3344 responsorum.
922 3275 1007 3346 Eum,
1031 3274 1080 3344 qni
1103 3272 1273 3330 uoluntatem
1296 3277 1431 3329 mutum
1453 3273 1529 3346 utut,
1548 3269 1743 3360 Qu

290 3360 387 3418 robare
404 3359 456 3416 hoc
474 3359 584 3416 dobere.
1722 3376 1752 3418 ss

214 3376 289 3511 aap
324 3450 500 3505 Manermos
520 3447 590 3504 libro
614 3449 745 3520 singulari
769 3450 805 3505 sd
827 3448 972 3508 formulam
995 3449 1227 3523 hypothecariam.
1262 3448 1337 3505 Ante
1359 3451 1452 3506 omnia
1468 3467 1531 3521 pro-
1549 3447 1705 3536 Q
1722 3461 1761 3534 ss

270 3537 392 3595 bandum
411 3543 461 3608 est,
479 3538 553 3608 quod
571 3538 642 3594 inter
660 3543 787 3610 agonum
806 3545 835 3594 et
852 3538 1003 3596 debitorem
1021 3539 1162 3609 conuenit,
1184 3543 1216 3593 ut
1233 3539 1341 3610 pignori
1358 3538 1566 3610 hypothecaeue
1585 3542 1635 3596 sit:
1658 3541 1705 3596 ssd

271 3631 301 3683 et
318 3627 342 3681 si
358 3626 411 3682 hoc
428 3624 527 3697 probet
544 3632 628 3697 actor,
646 3628 713 3682 illud
731 3643 840 3698 quoque
858 3629 969 3698 implere
987 3626 1072 3684 debet
1089 3643 1145 3684 rom
1164 3629 1301 3700 portinere
1319 3627 1354 3684 sd
1373 3627 1525 3684 debitorem
1538 3644 1572 3686 eo
1584 3634 1706 3702 tempora

272 3730 328 3786 quo
346 3716 475 3771 conuenit
492 3715 528 3771 de
545 3717 669 3787 pignore,
688 3722 736 3772 ant
753 3717 832 3774 cuius
849 3719 990 3773 uoluntate
1007 3716 1164 3790 hypotheca
1181 3718 1247 3772 data
1264 3717 1309 3773 sit.

271 3813 416 3883 F[P(VU
430 3821 454 3868 et
471 3815 530 3869 ande
547 3835 564 3868 a
582 3835 606 3869 a
619 3815 655 3870 26
672 3815 696 3870 si
714 3815 775 3885 quis
794 3815 844 3886 L)]

273 3937 396 3990 luerum
421 3938 536 3992 ccedet.
560 3946 795 3994 antennarum
819 3955 881 3994 esse
961 3941 1024 3996 ¹se
1049 3948 1096 3994 tna
1120 3941 1198 4008 (edd.)
1278 3938 1434 3996 'iudicata
1454 3940 1521 3996 res?
1596 3941 1706 3996 ‘reum

272 4007 416 4079 (Krueperr
434 4005 466 4061 τὸ
485 4006 549 4070 sind
567 4007 627 4074 ὲετι,
649 4009 693 4064 ὅτε
712 4009 728 4064 ὁ
747 4011 808 4080 fatos
826 4010 906 4077 BS)⁴?
976 4013 987 4048 ¹
1006 4011 1049 4067 uel
1068 4009 1216 4080 obligatam
1235 4031 1284 4066 om.
1297 4009 1360 4066 Ima.

272 4122 287 4177 1
307 4123 415 4207 mortui]
429 4125 614 4190 mortusFP·,
632 4129 756 4180 mortuus
773 4124 811 4180 V:
829 4126 907 4180 teias·
927 4125 961 4180 ais
1015 4126 1097 4190 botta
1123 4126 1151 4179 td
1172 4133 1210 4180 est
1230 4128 1353 4201 retractio
1375 4128 1471 4181 athaia·
1489 4128 1645 4182 trutttmds
1663 4135 1706 4182 est

272 4191 336 4247 bars
355 4192 435 4256 ciros
454 4195 531 4248 usila
548 4196 598 4258 ῐοῨ
614 4197 821 4260 τελεγτὴωκτοε
835 4197 885 4252 BS
896 4196 963 4268 (ul.)
1015 4215 1168 4321 numquam
1186 4216 1273 4250 ces-am
1292 4203 1328 4252 est
1346 4205 1370 4251 et
1384 4197 1547 4268 improbandi
1559 4199 1707 4254 walam

271 4265 288 4320 6
316 4264 542 4320 condemnauitur
568 4267 606 4320 F²
674 4269 708 4322 10
734 4283 831 4322 uerum
858 4269 898 4323 bia
924 4270 962 4323 F¹
1051 4271 1263 4339 csiynfficutioae
1281 4271 1389 4322 incolens
1404 4271 1706 4340 eaasetproprs‘edieen-

272 4335 307 4390 14
324 4337 443 4406 inposita
460 4337 649 4406 probationem
663 4340 710 4402 Pl,
728 4339 848 4409 inposita
864 4339 963 4409 proba-
1016 4340 1074 4392 dum
1084 4341 1172 4412 scisse
1188 4336 1341 4410 'impositum
1358 4357 1409 4391 nors
1424 4340 1604 4409 predationem
1622 4349 1647 4394 ei
1663 4346 1708 4413 qu·

270 4407 346 4462 tione
370 4407 449 4473 P‘U,
470 4409 626 4478 impositam
644 4409 834 4481 probationem
856 4411 887 4465 V.
915 4412 963 4466 hoc
1016 4416 1113 4480 excepit
1138 4428 1165 4464 ae
1188 4427 1238 4462 non
1262 4410 1435 4480 respondisses,
1461 4411 1508 4464 sed
1528 4413 1705 4484 refutationem

270 4481 326 4532 cult
346 4479 483 4550 Ulpianus:
502 4481 546 4534 adt
564 4489 633 4552 quis,
651 4485 792 4553 lepctcrs'ua
807 4489 884 4552 putu,
902 4499 962 4537 eoa·
1016 4478 1106 4534 oetoei’
1151 4481 1185 4535 18
1196 4485 1358 4536 conuectum
1372 4480 1398 4534 P
1441 4481 1474 4534 19
1486 4479 1703 4546 oausamP'!

270 4550 358 4604 kndut
381 4559 406 4603 in
429 4558 485 4604 iure
509 4558 692 4622 interropctum
713 4571 786 4624 quen
804 4554 963 4624 respondisse
1015 4551 1139 4606 stetisset
1150 4551 1224 4605 1²¹0·
1268 4551 1427 4621 20sactum]
1440 4551 1542 4606 malum
1554 4550 1707 4608 factumP'

270 4621 386 4674 heredem
404 4639 431 4676 ee
449 4641 502 4675 esse
518 4624 612 4687 adum,
631 4641 687 4675 eum
704 4631 794 4678 contm
812 4643 884 4695 quem
902 4643 961 4677 eon-
1016 4623 1051 4676 21
1069 4626 1233 4692 tempestate
1246 4625 1278 4677 F:
1298 4623 1312 4676 ἢ
1331 4622 1382 4685 inb
1399 4621 1537 4678 icoeaeisc
1549 4623 1564 4675 s's
1577 4625 1707 4692 pesadsoe

270 4699 341 4746 stetit
356 4699 401 4746 act
418 4695 568 4764 aimpllctter
584 4711 679 4764 aspare
694 4712 770 4763 posse
786 4713 814 4748 ae
829 4714 915 4748 consue
932 4695 964 4748 de
1016 4691 1180 4748 tanclccaeic
1206 4694 1255 4747 BS
1278 4697 1287 4758 (
1352 4699 1373 4760 .)
1398 4695 1402 4760 Ι
1426 4696 1641 4763 procuratoriam
1669 4693 1708 4748 P·

271 4769 470 4834 quoepitneila
483 4771 736 4834 tctmoputumesse,
749 4773 963 4838 queaeramus-t
1016 4765 1277 4835 WoporterotPV
1327 4765 1471 4819 :iudicitur
1479 4765 1519 4819 P·
1554 4767 1588 4820 27
1602 4765 1707 4820 uimP'

272 4840 438 4906 interropatio
450 4835 586 4905 probando
602 4842 646 4900 est,
664 4837 962 4907 nutresponderstnter·
1015 4835 1051 4892 30
1080 4841 1228 4905 oportere„
1254 4837 1301 4901 P',
1330 4841 1457 4906 oportere
1486 4851 1542 4891 uon
1570 4837 1677 4892 P‘L‘U
1698 4841 1705 4898 Ι

270 4912 390 4975 repetam
408 4905 508 4977 quidem
520 4924 574 4960 esee
587 4925 621 4971 se,
638 4907 685 4965 aed
695 4913 812 4972 tueretsae,
830 4909 860 4961 td
870 4914 908 4961 eet
917 4927 961 4962 ne·
1015 4907 1100 4962 scisse
1110 4947 1117 4961 .
1128 4948 1135 4961 .
1146 4949 1153 4963 .
1166 4907 1200 4963 31
1213 4911 1340 4977 oportere
1351 4927 1400 4962 om.
1411 4907 1503 4962 P'VL
1508 4907 1550 4972 θ’,
1564 4915 1598 4960 im

268 4993 346 5048 paese
364 4976 414 5039 (D.
429 4977 656 5046 11,1,11,4.7)‚
679 4995 729 5050 quw
753 4997 816 5033 ecee
837 4980 962 5034 manao
1015 4977 1326 5050 eaffomaflxpleto‘
1370 4979 1405 5034 36
1423 4977 1523 5050 aedat]
1541 4983 1572 5036 at
1607 4979 1640 5045 L,
1657 4977 1706 5035 sod

271 5065 335 5112 eum,
354 5055 399 5119 qui
409 5055 447 5102 etc
459 5047 851 5121 ‘caespitesnoaeeepondtsee',
864 5057 960 5121 impro-
1017 5049 1048 5116 U,
1067 5058 1116 5106 tac.
1129 5049 1165 5104 V·
1216 5051 1251 5106 87
1269 5049 1321 5106 hoo
1340 5069 1390 5104 om.
1401 5050 1442 5106 P·
