3648 5564
295 266 353 332 llll
377 271 395 332 8
415 275 532 327 30-32
966 260 1051 339 156
1396 285 1442 330 ns
1464 283 1639 330 aucuerre:
1664 283 1728 341 our

295 424 458 480 sententiam
483 423 587 493 dicere,
611 423 677 496 quia
698 424 751 479 iam
770 439 858 494 poena
876 437 930 478 non
947 428 1039 493 potest
1057 438 1132 490 esso,
1155 427 1238 493 atque
1256 423 1280 478 si
1298 422 1416 478 solutum
1434 427 1476 478 est
1493 421 1725 493 compromissum.

295 514 344 568 sed
363 515 386 568 si
404 513 456 568 hoc
474 513 629 582 optinuerit,
647 511 767 568 futurum
786 518 836 581 est,
856 516 887 566 ιιι
904 512 932 566 in
949 517 1085 582 potestate
1103 513 1171 581 eius,
1190 528 1271 582 quem
1288 512 1410 582 paenitet
1427 513 1670 582 compromississe,
1688 513 1727 566 sit

296 604 520 672 compromissum
538 602 656 656 eludere.
691 617 756 671 ergo
775 601 908 655 aduersus
925 615 987 655 eum
1005 616 1096 670 poena
1113 601 1308 656 committenda
1325 605 1368 656 est
1384 600 1431 656 lite
1449 601 1522 671 apud
1538 601 1654 656 iudicem
1673 616 1725 657 suo

294 693 389 747 ordine
405 690 570 762 peragenda
1747 703 1765 742 4

237 782 274 840 31
348 780 498 836 Uuemuus
520 779 588 834 libro
611 779 691 833 tertio
714 777 821 832 decimo
844 776 880 831 ad
904 776 1032 832 edictum.
1068 778 1112 833 lta
1134 777 1243 832 demum
1267 783 1359 833 autem
1383 779 1565 834 committetur
1586 772 1725 861 Q
1745 785 1778 838 E

295 871 442 941 stipulatio,
460 885 522 924 cum
541 868 673 922 aduersus
692 883 752 922 eam
768 865 834 935 quid
847 864 886 935 fit,
905 865 929 920 si
942 866 1000 920 siue
1012 865 1075 921 dolo
1087 866 1159 922 malo
1171 867 1325 936 stipulantis
1338 865 1439 922 iactum
1451 871 1507 921 est:
1525 865 1577 922 sub
1588 866 1639 922 hac
1651 869 1725 922 enim

295 958 453 1014 condicione
472 957 649 1013 committitur
667 955 814 1025 stipulatio,
833 969 867 1009 no
885 955 946 1023 quis
964 954 1019 1009 doli
1037 956 1079 1010 sui
1097 956 1246 1025 praemium
1265 954 1343 1012 ierat
1371 955 1420 1010 sed
1438 955 1461 1009 si
1479 955 1587 1025 quidem
1601 970 1726 1026 compro·

295 1049 379 1103 misso
398 1047 531 1102 adiciatur
549 1045 587 1100 'ut
605 1044 644 1098 si¹
664 1043 729 1113 quid
748 1044 810 1099 dolo
829 1043 857 1098 in
874 1057 909 1097 ea
926 1059 956 1098 re
973 1042 1076 1098 iactum
1095 1043 1146 1114 sit',
1165 1059 1200 1100 ex
1218 1045 1347 1114 stipulatu
1366 1044 1503 1099 conueniri
1520 1045 1567 1114 qui
1585 1044 1647 1100 dolo
1660 1044 1727 1100 iecit

294 1140 400 1205 potest:
419 1140 448 1189 et
465 1134 527 1189 ideo
546 1135 569 1189 si
588 1132 718 1188 arbitrum
737 1134 798 1202 quis
816 1132 937 1202 corrupit
954 1132 999 1187 uel
1010 1134 1126 1202 pecunia
1139 1134 1182 1188 uel
1194 1133 1349 1202 ambitione,
1368 1133 1412 1188 uel
1423 1132 1587 1188 aduocatam
1600 1133 1726 1190 diuersae

294 1224 388 1294 partis,
407 1224 452 1278 uel
471 1223 587 1292 aliquem
605 1237 641 1277 ex
659 1221 715 1290 his,
734 1220 833 1291 quibus
851 1236 961 1275 causam
981 1237 1058 1277 suam
1077 1223 1263 1292 commiserat,
1282 1237 1317 1278 ex
1334 1221 1390 1276 doli
1408 1222 1529 1277 clausula
1544 1223 1645 1292 poterit
1662 1238 1725 1277 con-
1752 1235 1785 1272 ro

294 1313 388 1381 ueniri,
407 1313 452 1366 uel
470 1313 493 1366 si
511 1310 698 1366 aduersarium
717 1309 814 1364 callide
832 1309 1018 1378 circumuenit,
1036 1315 1065 1364 et
1082 1312 1192 1366 omnmo
1210 1312 1279 1366 siin
1297 1310 1349 1366 hac
1366 1310 1414 1365 lite
1431 1310 1524 1366 dolose
1535 1316 1661 1366 uersatus
1672 1316 1726 1380 est,

294 1403 383 1457 locum
407 1399 520 1457 habebit
541 1415 576 1454 ox
599 1399 730 1468 stipulatu
752 1399 838 1454 actio:
861 1403 890 1452 et
907 1398 970 1454 ideo
988 1399 1012 1454 si
1029 1400 1097 1455 uelit
1114 1399 1148 1454 de
1166 1399 1230 1455 dolo
1248 1400 1382 1454 actionem
1400 1413 1526 1455 exercere
1543 1399 1726 1469 aduersarium,

295 1506 350 1545 non
373 1488 509 1558 debebit¹,
535 1504 596 1543 cum
620 1487 721 1542 habeat
738 1501 773 1542 ex
791 1487 922 1557 stipulatu
939 1487 1083 1543 actionem.
1116 1488 1190 1558 quod
1207 1489 1231 1544 si
1248 1487 1402 1544 huiusmodi
1420 1489 1541 1544 cumula
1557 1489 1586 1543 in
1603 1503 1726 1558 compro

294 1579 378 1634 misso
397 1577 535 1648 adscripta
552 1592 606 1633 non
625 1581 682 1645 est,
700 1581 766 1630 tunc
784 1575 819 1630 de
837 1574 900 1631 dolo
919 1577 990 1632 ectio
1008 1577 1052 1632 uel
1070 1578 1194 1647 exceptio
1212 1579 1302 1632 locum
1319 1576 1439 1633 habebit
1470 1577 1523 1632 lsoc
1540 1582 1632 1632 autam
1650 1592 1726 1633 com-

293 1667 457 1738 promissum
474 1667 585 1736 plenum
604 1671 655 1735 est,
674 1665 748 1734 quod
765 1670 795 1719 et
811 1664 867 1719 doli
884 1664 1022 1720 clausulae
1040 1664 1123 1720 habet
1140 1667 1313 1722 mentionem.
1756 1677 1788 1720 re

237 1753 276 1811 32
347 1756 466 1811 Patruus
489 1753 557 1810 lioro
578 1754 658 1808 tertio
676 1752 782 1808 decimo
800 1752 836 1808 ad
854 1753 982 1808 edictum.
1018 1753 1080 1810 lion
1097 1754 1297 1824 distinguemus
1314 1755 1342 1810 in
1360 1753 1569 1824 compromissis,
1587 1747 1727 1838 Q
1753 1761 1786 1815 E

262 1854 274 1899 1
294 1845 382 1900 minor
399 1859 435 1899 aa
453 1843 540 1899 maior
557 1844 594 1898 sit
610 1858 700 1913 poena
717 1858 799 1913 quam
817 1857 862 1896 res
879 1842 914 1896 de
933 1858 987 1913 qus
1005 1843 1103 1913 agitur.
1132 1843 1193 1899 Non
1210 1849 1324 1914 cogetur
1338 1841 1439 1899 arbiter
1450 1843 1612 1899 senteutiam
1624 1842 1726 1914 dicere,

260 1943 276 1988 a
295 1933 318 1988 si
340 1947 431 2006 poena
454 1933 600 1988 commissa
617 1932 661 1987 sit.
698 1929 727 1986 Si
744 1931 841 1986 mulier
858 1930 946 1986 alierm
964 1932 1073 1986 nomine
1090 1933 1303 2002 compromittat,
1327 1947 1382 1988 non
1400 1932 1452 1987 erit
1468 1932 1584 2002 pecunia
1601 1946 1726 2002 compro·

261 2022 380 2076 ammas
401 2025 512 2092 proptor
533 2019 764 2076 intercessionem.
800 2018 914 2075 Summa
936 2019 975 2074 rei
998 2025 1052 2090 est,
1076 2025 1109 2076 ut
1130 2025 1240 2092 praetor
1259 2034 1291 2076 se
1308 2036 1362 2076 non
1380 2021 1548 2090 interponat,
1571 2021 1630 2076 siue
1646 2020 1726 2076 initio

295 2111 398 2166 nullum
417 2111 454 2165 sit
470 2109 709 2179 compromissum:
727 2109 786 2164 siue
804 2109 853 2177 sit,
871 2107 920 2162 sed
937 2107 1058 2178 pendeat
1075 2125 1110 2164 an
1128 2125 1163 2166 ox
1181 2125 1214 2165 eo
1231 2125 1322 2180 poena
1339 2109 1412 2180 exigi
1430 2113 1533 2180 potest:
1551 2109 1610 2165 siue
1627 2114 1728 2180 postea
1753 2123 1789 2163 ae

261 2209 277 2254 4
295 2196 406 2254 deficiat
428 2213 519 2269 poena
541 2198 737 2269 compromisso
760 2198 850 2253 soluto
867 2195 912 2252 dio
930 2201 1017 2252 morte
1035 2199 1241 2268 acceptilatione
1258 2199 1358 2255 iudicio
1375 2203 1465 2270 pacto.
1501 2197 1659 2254 Sacerdotis
1676 2195 1727 2253 oo

295 2288 423 2342 nements
440 2285 594 2342 uidebimus
612 2303 648 2342 an
665 2291 780 2356 cogatur
797 2283 899 2340 arbiter
916 2285 1078 2341 sententiam
1095 2285 1200 2342 dicere:
1220 2287 1249 2342 id
1267 2287 1338 2342 enim
1357 2302 1411 2344 non
1429 2291 1534 2344 mutum
1552 2285 1647 2344 honori
1663 2299 1728 2356 per·

295 2391 432 2446 summm,
450 2375 500 2430 sed
518 2379 547 2431 et
564 2375 701 2431 musculi
718 2374 763 2429 dei
781 2373 945 2444 indulgetur,
963 2373 1041 2430 cuius
1059 2375 1144 2430 sacris
1160 2390 1261 2431 cacam
1279 2375 1435 2432 sacerdotes
1452 2380 1568 2446 oportet
1604 2379 1728 2430 ceterum

262 2475 277 2522 o
295 2465 319 2521 si
336 2469 434 2536 postea
450 2465 582 2534 suscepit,
600 2465 653 2520 iste
670 2477 780 2533 quoque
797 2462 953 2518 omnimodo
971 2464 1133 2520 sententiam
1150 2463 1221 2520 ferre
1238 2462 1330 2520 debet
1355 2466 1425 2521 Item
1444 2479 1500 2522 non
1516 2469 1560 2520 est
1576 2463 1729 2534 cogendus,

295 2554 320 2610 si
343 2553 378 2609 de
401 2553 512 2623 negotio
534 2557 702 2608 tramactum
725 2556 780 2622 est,
804 2551 849 2606 uel
869 2551 951 2609 homo
968 2557 1091 2608 mortuus
1108 2558 1153 2608 est
1169 2553 1204 2608 de
1221 2568 1278 2624 quo
1295 2559 1355 2608 erat
1371 2555 1608 2625 compromissum:
1630 2553 1685 2608 nisi
1702 2553 1729 2607 si
1756 2567 1793 2609 ae

261 2642 445 2713 oposterioro
467 2657 534 2697 casu
556 2640 658 2711 aliquid
676 2639 840 2710 litigantium
858 2640 972 2696 intersit
1009 2641 1129 2698 lulianus
1146 2641 1302 2697 indistincte
1320 2641 1426 2698 senuit:
1448 2643 1472 2698 ai
1489 2657 1539 2712 per
1555 2657 1670 2698 errorem
1690 2641 1729 2697 de

296 2729 401 2788 ramoso
419 2729 519 2786 delicto
536 2729 572 2785 ad
591 2728 722 2784 arbitrum
740 2729 808 2784 itum
827 2733 878 2800 est,
896 2730 941 2785 uel
958 2729 994 2786 de
1011 2745 1045 2786 ea
1061 2750 1098 2800 re,
1117 2729 1152 2784 de
1169 2745 1224 2800 qua
1240 2730 1378 2801 publicum
1396 2731 1525 2787 iudicium
1542 2731 1579 2787 sit
1594 2730 1729 2787 constitu-

295 2825 367 2892 tum,
391 2819 477 2875 ueluti
497 2819 532 2874 de
551 2818 691 2874 adulteriis
709 2817 813 2872 sicariis
831 2822 860 2872 et
877 2817 1023 2889 similibus,
1047 2825 1141 2874 natiue
1159 2819 1242 2876 debet
1260 2825 1369 2890 praetor
1386 2820 1548 2876 sententiam
1566 2818 1656 2876 dicere
1673 2834 1730 2876 nec

262 2919 277 2965 ι
295 2909 360 2964 dare
381 2908 471 2965 dictae
489 2908 701 2964 suecudonem.
739 2907 780 2961 De
798 2905 904 2962 liberali
921 2922 1005 2962 eausa
1022 2909 1217 2978 compromisso
1235 2906 1309 2964 lacto
1326 2913 1400 2965 recte
1418 2925 1472 2965 uon
1490 2909 1666 2979 compelletur
1683 2924 1729 2963 ar-

294 2997 365 3054 biter
382 2999 545 3053 mutantium
564 2997 663 3066 dicere,
681 2995 746 3067 quia
762 2993 841 3050 iauor
859 2994 991 3051 libertatis
1009 3001 1060 3067 est,
1078 3001 1110 3052 ιιι
1127 2997 1242 3054 maiores
1259 2997 1363 3053 iudices
1379 2996 1480 3053 habers
1491 2996 1599 3053 debeat
1627 2997 1730 3052 οοᾱοιιι
1758 3013 1798 3053 se

294 3086 411 3142 desuda
433 3091 510 3156 sunt,
534 3086 594 3141 siue
617 3085 652 3140 do
673 3085 843 3154 ingenuitate
864 3085 924 3141 siue
942 3083 976 3140 de
993 3084 1169 3141 libertinitate
1186 3087 1310 3156 quaestio
1330 3088 1366 3142 ait
1383 3092 1412 3142 οι
1429 3087 1453 3142 si
1470 3102 1505 3142 ex
1522 3085 1731 3142 fideicommissi

261 3187 275 3234 o
294 3191 378 3231 causa
400 3175 512 3230 libertas
530 3173 625 3229 deberi
642 3173 756 3228 dicatur.
789 3172 862 3229 idem
880 3173 1026 3229 dicendum
1044 3179 1088 3229 est
1105 3173 1133 3229 in
1150 3175 1275 3245 populari
1292 3175 1407 3231 actione.
1444 3173 1473 3230 Si
1491 3189 1586 3230 seruus
1602 3189 1731 3244 compro—

294 3265 409 3334 miserit,
433 3279 488 3320 non
512 3261 666 3333 cogendum
689 3261 781 3318 dicero
803 3263 966 3318 sententiam
990 3261 1133 3332 arbitrum,
1158 3277 1208 3319 nec
1226 3264 1250 3319 si
1268 3263 1378 3334 dixerit,
1402 3277 1508 3334 poenae
1526 3263 1731 3318 exsecutionem

293 3353 412 3410 dandam
430 3353 465 3408 de
483 3351 590 3422 peculio
607 3355 688 3420 putat
699 3350 863 3406 Octauenus.
890 3350 940 3406 sed
958 3367 1001 3421 an,
1021 3353 1044 3406 si
1061 3350 1131 3407 liber
1148 3367 1210 3406 cum
1229 3367 1262 3407 eo
1280 3352 1502 3422 compromiserit,
1520 3351 1660 3408 exsecutio
1678 3352 1731 3407 sd-

260 3452 276 3499 a
294 3457 390 3497 uersus
408 3439 523 3496 liberum
541 3439 634 3508 detur,
653 3439 810 3496 uideamus:
831 3439 880 3495 sed
898 3441 987 3509 magis
1005 3445 1061 3511 est,
1080 3446 1184 3497 utnon
1201 3440 1289 3497 detur.
1324 3440 1393 3496 ltem
1412 3440 1436 3495 si
1453 3441 1515 3510 quis
1531 3440 1635 3496 Ιιοοιοο
1651 3455 1731 3495 com·
1758 3455 1799 3497 aa

292 3530 455 3600 promiserit,
474 3544 538 3585 mox
552 3528 666 3584 Βοιοιιιο
684 3529 713 3583 in
730 3529 894 3598 legationem
913 3529 1032 3585 uenerit:
1051 3545 1106 3584 non
1124 3533 1168 3585 ost
1185 3529 1325 3600 cogendus
1337 3527 1439 3584 arbiter
1450 3529 1612 3584 sententiam
1625 3527 1731 3600 dicere,

293 3632 348 3673 non
366 3618 454 3687 magis
472 3633 554 3688 quam
573 3621 726 3687 cogeretur,
746 3619 861 3673 ailitem
881 3623 944 3674 ante
963 3622 1132 3674 contestatus
1149 3622 1231 3688 esset,
1249 3633 1321 3674 nunc
1338 3633 1399 3672 eam
1419 3631 1557 3674 exercere:
1575 3631 1626 3673 nec
1644 3618 1732 3674 inter-

292 3710 348 3775 est,
366 3711 432 3761 tunc
450 3721 560 3776 quoque
577 3707 605 3761 in
624 3707 761 3776 legatione
779 3705 862 3763 merit
879 3723 914 3762 an
933 3721 996 3763 non.
1025 3705 1075 3762 sed
1093 3708 1117 3762 si
1134 3723 1207 3763 nuno
1224 3707 1253 3764 in
1270 3707 1407 3777 legatione
1425 3706 1639 3776 compromittat,
1657 3713 1732 3778 puto

293 3793 446 3864 cogendum
464 3794 596 3850 arbitrum
613 3795 776 3850 sententiam
788 3795 887 3868 dicere,
905 3797 971 3866 quia
982 3801 1010 3852 et
1022 3795 1045 3852 si
1056 3795 1186 3852 iudicium
1198 3801 1296 3866 sponte
1308 3796 1467 3866 accepisset,
1485 3799 1630 3865 cogeretur
1642 3796 1652 3865 ΙΙ
1665 3811 1733 3866 per-
1755 3807 1781 3854 t.
1797 3811 1817 3855 a

293 3897 384 3952 agere.
412 3886 477 3937 sunt
492 3887 583 3938 umen
601 3884 649 3954 qui
668 3884 703 3938 de
721 3884 774 3939 isto
793 3899 848 3940 non
865 3890 940 3939 recte
957 3883 1097 3940 dubitant:
1115 3885 1162 3954 qui
1179 3885 1274 3956 utique
1285 3884 1359 3940 nullo
1371 3884 1453 3941 modo
1464 3882 1637 3954 dubitabunt,
1654 3886 1681 3940 si
1693 3885 1733 3941 de
1757 3899 1802 3940 ao

292 3985 327 4026 ea
347 3986 377 4027 ro
395 3971 423 4027 iu
441 3971 577 4040 legatione
596 3972 793 4043 compromisit,
817 3989 899 4043 quam
919 3973 948 4029 in
964 3973 1101 4043 legatione
1119 3975 1268 4029 cunmaxit:
1290 3973 1355 4043 quia
1372 3977 1402 4028 et
1417 3972 1547 4028 iudicium
1564 3987 1598 4028 so
1616 3974 1733 4030 nomine

292 4060 415 4130 accipere
439 4065 592 4130 cogeretur.
624 4061 691 4117 illud
709 4063 737 4116 in
755 4061 843 4132 prima
860 4062 952 4133 specie
969 4067 1061 4132 potest
1078 4061 1188 4132 dispici,
1212 4077 1260 4132 an,
1283 4063 1307 4118 si
1324 4067 1388 4118 ante
1406 4061 1593 4132 compromisit
1608 4061 1732 4133 legatus,

290 4147 471 4218 llPlVLUll

293 4274 302 4308 ¹
321 4276 353 4327 ut
370 4272 402 4341 si]
422 4278 470 4326 aut
487 4273 511 4327 oi
530 4273 721 4346 (Depenkolbl‘i
792 4274 880 4330 'dari
899 4284 946 4330 ins.

291 4364 449 4464 ipsosmet
460 4367 762 4464 *compromississe—sit·
775 4413 923 4468 comprom.
936 4401 982 4465 Ρ,
1036 4400 1129 4467 H’Vl
1143 4398 1280 4470 publicam
1298 4398 1333 4450 Ρ
1384 4399 1419 4453 29
1438 4397 1528 4454 dictae
1546 4416 1595 4454 om.
1606 4399 1642 4451 F
1658 4399 1664 4466 l
1680 4413 1733 4453 ex-

290 4467 562 4592 pnffitcormp'raomizse
580 4469 617 4552 sit
631 4483 779 4594 Yampmm’
797 4470 852 4596 Pi).
867 4472 897 4555 .⁵
909 4486 982 4574 οοοιὶ
1035 4471 1208 4556 cusationem
1225 4471 1266 4524 P·
1280 4471 1285 4534 Ι
1290 4469 1475 4595 ᾒοοιροιιιικιέιθ
1488 4470 1572 4595 PV(l
1588 4469 1733 4596 ξέῐέἰιοοτ-

291 4609 327 4663 10
344 4607 485 4662 clausula
496 4606 533 4661 F*
559 4542 980 4682 qffltoimumgeffifflssffiff'
1035 4542 1339 4684 mgfflsaone]
1358 4541 1542 4682 ἰιξιῃριοοιιιιγιιξιὲ1
1552 4541 1733 4679 acetoso&

290 4676 426 4734 ha'u'cF’
442 4681 447 4746 Ι
462 4677 761 4748 dolose1doloPVLU
803 4685 837 4738 12
854 4698 982 4739 exercere
1035 4681 1600 4756 nspinosmllcpiacipmstchluctuumF
1616 4684 1733 4753 33906-

354 4750 389 4804 13
407 4749 542 4804 actionem
561 4753 692 4806 onsP⁰V
743 4755 778 4810 16
795 4755 983 4824 compromisit
1035 4756 1275 4811 naexsecutiouem
1288 4755 1341 4820 11,
1359 4769 1447 4824 penae
1465 4754 1673 4810 excusacionem
1687 4755 1734 4808 P·

290 4822 323 4883 F,
348 4821 573 4890 compromissum
596 4822 708 4888 ΜΠ,
735 4827 931 4895 compromisso
960 4826 986 4880 U
1035 4827 1070 4882 35
1088 4826 1194 4897 siquis]
1208 4825 1373 4890 F²P⁸VLU,
1390 4825 1472 4896 iqui
1485 4823 1563 4878 FP·
1597 4825 1631 4880 37
1645 4840 1731 4894 cogo

292 4893 325 4945 19
348 4892 408 4946 siue
432 4891 551 4946 ‘m'initio
574 4894 612 4946 Ρ
676 4897 712 4948 20
733 4897 793 4952 siue
817 4897 854 4952 sit
875 4917 924 4952 orn.
943 4897 982 4951 P‘
1035 4902 1128 4952 *retur
1136 4899 1174 4952 F’
1203 4893 1541 4966 ³8irreritlnoniueritP·
1565 4897 1732 4966 39's‘ponte

291 4961 556 5032 itnisisihisiP
596 4965 631 5020 26
684 4969 888 5034 morenaco
946 4971 982 5044 f)
1035 4965 1331 5038 F⁴lcogeturP⁴Vll
1362 4967 1598 5036 40tamentquiF
1626 4967 1731 5024 ιιοιι·

290 5029 324 5090 tt
344 5032 528 5090 atdarbitrum
546 5032 584 5087 Fi
607 5037 612 5103 l
655 5051 671 5092 ο
693 5051 728 5092 ea
749 5039 787 5108 re]
807 5039 870 5104 LU,
912 5053 927 5093 e
949 5053 983 5094 sa
1035 5039 1109 5110 gitur
1126 5040 1213 5105 PVU,
1230 5040 1368 5110 cogitetur
1385 5039 1409 5092 L
1425 5041 1430 5110 1
1446 5056 1481 5094 an
1498 5040 1522 5094 si
1541 5039 1580 5094 tu
1597 5039 1645 5092 F*
