<?xml version="1.0" encoding="UTF-8"?>
<!DOCTYPE html PUBLIC "-//W3C//DTD XHTML 1.0 Transitional//EN"
    "http://www.w3.org/TR/xhtml1/DTD/xhtml1-transitional.dtd">
<html xmlns="http://www.w3.org/1999/xhtml" xml:lang="en" lang="en">
 <head>
  <title>
</title>
<meta http-equiv="Content-Type" content="text/html;charset=utf-8" />
  <meta name='ocr-system' content='tesseract 3.04.00' />
  <meta name='ocr-capabilities' content='ocr_page ocr_carea ocr_par ocr_line ocrx_word'/>
</head>
<body>
  <div class='ocr_page' id='page_1' title='image "./digestaiustinia00mommgoog/digestaiustinia00mommgoog_1024.png"; bbox 0 0 3812 5598; ppageno 0'>
   <div class='ocr_carea' id='block_1_1' title="bbox 1041 0 1652 4">
    <p class='ocr_par' dir='ltr' id='par_1_1' title="bbox 1041 0 1652 4">
     <span class='ocr_line' id='line_1_1' title="bbox 1041 0 1652 4; baseline 0 0"><span class='ocrx_word' id='word_1_1' title='bbox 1041 0 1652 4; x_wconf 95' lang='lat' dir='ltr'><strong> </strong></span> 
     </span>
    </p>
   </div>
   <div class='ocr_carea' id='block_1_2' title="bbox 198 244 1634 350">
    <p class='ocr_par' dir='ltr' id='par_1_2' title="bbox 198 244 1634 350">
     <span class='ocr_line' id='line_1_2' title="bbox 198 244 1634 350; baseline -0.003 -28"><span class='ocrx_word' id='word_1_2' title='bbox 198 273 382 322; x_wconf 72' lang='lat' dir='ltr'><strong>cosmum</strong></span> <span class='ocrx_word' id='word_1_3' title='bbox 405 271 600 322; x_wconf 77' lang='lat' dir='ltr'><strong>soresmos.</strong></span> <span class='ocrx_word' id='word_1_4' title='bbox 668 341 671 350; x_wconf 65' lang='lat'><strong>.</strong></span> <span class='ocrx_word' id='word_1_5' title='bbox 875 244 962 328; x_wconf 84' lang='lat'><strong>855</strong></span> <span class='ocrx_word' id='word_1_6' title='bbox 1322 253 1455 322; x_wconf 77' lang='lat' dir='ltr'>XXVIII</span> <span class='ocrx_word' id='word_1_7' title='bbox 1476 259 1496 324; x_wconf 87' lang='grc'><strong>6</strong></span> <span class='ocrx_word' id='word_1_8' title='bbox 1518 261 1634 318; x_wconf 80' lang='lat'>24-31</span> 
     </span>
    </p>
   </div>
   <div class='ocr_carea' id='block_1_3' title="bbox 47 408 1733 4140">
    <p class='ocr_par' dir='ltr' id='par_1_3' title="bbox 198 408 1635 574">
     <span class='ocr_line' id='line_1_3' title="bbox 198 408 1635 484; baseline 0 -14"><span class='ocrx_word' id='word_1_9' title='bbox 198 419 261 470; x_wconf 87' lang='lat' dir='ltr'><strong>coto</strong></span> <span class='ocrx_word' id='word_1_10' title='bbox 278 417 371 482; x_wconf 87' lang='lat' dir='ltr'><strong>partes</strong></span> <span class='ocrx_word' id='word_1_11' title='bbox 389 413 436 482; x_wconf 92' lang='lat' dir='ltr'><strong>qui</strong></span> <span class='ocrx_word' id='word_1_12' title='bbox 454 427 490 468; x_wconf 84' lang='lat' dir='ltr'><strong>ex</strong></span> <span class='ocrx_word' id='word_1_13' title='bbox 507 411 588 468; x_wconf 89' lang='lat' dir='ltr'><strong>besse</strong></span> <span class='ocrx_word' id='word_1_14' title='bbox 606 410 748 467; x_wconf 73' lang='lat' dir='ltr'><strong>{nstitutus</strong></span> <span class='ocrx_word' id='word_1_15' title='bbox 766 408 864 482; x_wconf 83' lang='lat' dir='ltr'><strong>iuerat,</strong></span> <span class='ocrx_word' id='word_1_16' title='bbox 882 425 965 466; x_wconf 88' lang='lat' dir='ltr'><strong>unam</strong></span> <span class='ocrx_word' id='word_1_17' title='bbox 978 415 1082 481; x_wconf 87' lang='lat' dir='ltr'><strong>partem</strong></span> <span class='ocrx_word' id='word_1_18' title='bbox 1095 411 1190 482; x_wconf 82' lang='lat' dir='ltr'><strong>quiex</strong></span> <span class='ocrx_word' id='word_1_19' title='bbox 1202 412 1283 468; x_wconf 86' lang='lat' dir='ltr'><strong>uneia</strong></span> <span class='ocrx_word' id='word_1_20' title='bbox 1294 413 1413 484; x_wconf 88' lang='lat' dir='ltr'><strong>scriptus</strong></span> <span class='ocrx_word' id='word_1_21' title='bbox 1425 419 1481 470; x_wconf 89' lang='lat' dir='ltr'><strong>est:</strong></span> <span class='ocrx_word' id='word_1_22' title='bbox 1500 413 1553 470; x_wconf 90' lang='lat' dir='ltr'><strong>nisi</strong></span> <span class='ocrx_word' id='word_1_23' title='bbox 1565 411 1635 470; x_wconf 80' lang='lat' dir='ltr'><strong>torte</strong></span> 
     </span>
     <span class='ocr_line' id='line_1_4' title="bbox 199 498 1549 574; baseline 0 -16"><span class='ocrx_word' id='word_1_24' title='bbox 199 504 251 558; x_wconf 82' lang='lat' dir='ltr'><strong>aiis</strong></span> <span class='ocrx_word' id='word_1_25' title='bbox 268 517 346 558; x_wconf 91' lang='lat' dir='ltr'><strong>mens</strong></span> <span class='ocrx_word' id='word_1_26' title='bbox 365 500 448 558; x_wconf 80' lang='lat' dir='ltr'><strong>tuerit</strong></span> <span class='ocrx_word' id='word_1_27' title='bbox 463 501 619 557; x_wconf 90' lang='lat' dir='ltr'><strong>testatoris:</strong></span> <span class='ocrx_word' id='word_1_28' title='bbox 638 499 712 570; x_wconf 93' lang='lat' dir='ltr'><strong>quod</strong></span> <span class='ocrx_word' id='word_1_29' title='bbox 730 500 778 554; x_wconf 86' lang='lat' dir='ltr'><strong>uix</strong></span> <span class='ocrx_word' id='word_1_30' title='bbox 796 498 962 556; x_wconf 87' lang='lat' dir='ltr'><strong>credendum</strong></span> <span class='ocrx_word' id='word_1_31' title='bbox 980 504 1031 570; x_wconf 88' lang='lat' dir='ltr'><strong>est,</strong></span> <span class='ocrx_word' id='word_1_32' title='bbox 1050 501 1104 556; x_wconf 92' lang='lat' dir='ltr'><strong>uisi</strong></span> <span class='ocrx_word' id='word_1_33' title='bbox 1121 499 1263 556; x_wconf 88' lang='lat' dir='ltr'><strong>euidenter</strong></span> <span class='ocrx_word' id='word_1_34' title='bbox 1280 499 1363 558; x_wconf 79' lang='lat' dir='ltr'><strong>fuerit</strong></span> <span class='ocrx_word' id='word_1_35' title='bbox 1380 517 1549 574; x_wconf 83' lang='lat' dir='ltr'><strong>expressum.</strong></span> 
     </span>
    </p>

    <p class='ocr_par' dir='ltr' id='par_1_4' title="bbox 139 587 1690 929">
     <span class='ocr_line' id='line_1_5' title="bbox 139 587 1690 660; baseline 0.001 -9"><span class='ocrx_word' id='word_1_36' title='bbox 139 593 179 651; x_wconf 81' lang='lat'><strong>25</strong></span> <span class='ocrx_word' id='word_1_37' title='bbox 251 592 394 648; x_wconf 77' lang='lat' dir='ltr'><strong>lusuros</strong></span> <span class='ocrx_word' id='word_1_38' title='bbox 411 589 480 645; x_wconf 81' lang='lat' dir='ltr'><strong>dhre</strong></span> <span class='ocrx_word' id='word_1_39' title='bbox 497 589 631 644; x_wconf 90' lang='lat' dir='ltr'><strong>uicesimo</strong></span> <span class='ocrx_word' id='word_1_40' title='bbox 648 595 746 659; x_wconf 89' lang='lat' dir='ltr'><strong>quarto</strong></span> <span class='ocrx_word' id='word_1_41' title='bbox 764 588 943 658; x_wconf 81' lang='lat' dir='ltr'><strong>digestorum.</strong></span> <span class='ocrx_word' id='word_1_42' title='bbox 977 587 1006 644; x_wconf 86' lang='lat' dir='ltr'><strong>Si</strong></span> <span class='ocrx_word' id='word_1_43' title='bbox 1024 595 1103 660; x_wconf 85' lang='lat' dir='ltr'><strong>pater</strong></span> <span class='ocrx_word' id='word_1_44' title='bbox 1120 588 1267 660; x_wconf 89' lang='lat' dir='ltr'><strong>inpuberes</strong></span> <span class='ocrx_word' id='word_1_45' title='bbox 1284 587 1355 646; x_wconf 82' lang='lat' dir='ltr'><strong>filios</strong></span> <span class='ocrx_word' id='word_1_46' title='bbox 1372 591 1441 647; x_wconf 85' lang='lat' dir='ltr'><strong>Inui-</strong></span> <span class='ocrx_word' id='word_1_47' title='bbox 1474 603 1500 649; x_wconf 81' lang='grc' dir='ltr'><strong>Β.</strong></span> <span class='ocrx_word' id='word_1_48' title='bbox 1511 605 1548 660; x_wconf 85' lang='lat' dir='ltr'><strong>se,</strong></span> <span class='ocrx_word' id='word_1_49' title='bbox 1558 605 1595 660; x_wconf 86' lang='lat'><strong>10,</strong></span> <span class='ocrx_word' id='word_1_50' title='bbox 1605 605 1635 650; x_wconf 79' lang='lat' dir='ltr'><strong>ns</strong></span> <span class='ocrx_word' id='word_1_51' title='bbox 1668 597 1690 652; x_wconf 81' lang='lat' dir='ltr'><strong><em>S</em></strong></span> 
     </span>
     <span class='ocr_line' id='line_1_6' title="bbox 198 668 1635 748; baseline 0 -12"><span class='ocrx_word' id='word_1_52' title='bbox 198 695 258 736; x_wconf 88' lang='lat' dir='ltr'><strong>cem</strong></span> <span class='ocrx_word' id='word_1_53' title='bbox 281 680 454 736; x_wconf 90' lang='lat' dir='ltr'><strong>substituerit</strong></span> <span class='ocrx_word' id='word_1_54' title='bbox 476 679 566 748; x_wconf 81' lang='lat' dir='ltr'><strong>etet,</strong></span> <span class='ocrx_word' id='word_1_55' title='bbox 589 677 637 748; x_wconf 89' lang='lat' dir='ltr'><strong>qui</strong></span> <span class='ocrx_word' id='word_1_56' title='bbox 659 677 826 734; x_wconf 90' lang='lat' dir='ltr'><strong>nouissimus</strong></span> <span class='ocrx_word' id='word_1_57' title='bbox 850 681 974 734; x_wconf 76' lang='lat' dir='ltr'><strong>mortum</strong></span> <span class='ocrx_word' id='word_1_58' title='bbox 991 677 1088 748; x_wconf 83' lang='lat' dir='ltr'><strong>fuerit,</strong></span> <span class='ocrx_word' id='word_1_59' title='bbox 1111 678 1227 748; x_wconf 89' lang='lat' dir='ltr'><strong>Titium,</strong></span> <span class='ocrx_word' id='word_1_60' title='bbox 1251 668 1635 748; x_wconf 62' lang='lat' dir='ltr'><strong>respondendum—esffilos</strong></span> 
     </span>
     <span class='ocr_line' id='line_1_7' title="bbox 198 766 1668 838; baseline -0.001 -14"><span class='ocrx_word' id='word_1_61' title='bbox 198 768 296 824; x_wconf 88' lang='lat' dir='ltr'><strong>iratres</strong></span> <span class='ocrx_word' id='word_1_62' title='bbox 314 769 448 824; x_wconf 91' lang='lat' dir='ltr'><strong>bonorum</strong></span> <span class='ocrx_word' id='word_1_63' title='bbox 465 768 668 838; x_wconf 88' lang='lat' dir='ltr'><strong>possessiouem</strong></span> <span class='ocrx_word' id='word_1_64' title='bbox 687 772 848 838; x_wconf 89' lang='lat' dir='ltr'><strong>accepturos</strong></span> <span class='ocrx_word' id='word_1_65' title='bbox 866 771 895 822; x_wconf 90' lang='lat' dir='ltr'><strong>et</strong></span> <span class='ocrx_word' id='word_1_66' title='bbox 912 767 1115 838; x_wconf 89' lang='lat' dir='ltr'><strong>quodammodo</strong></span> <span class='ocrx_word' id='word_1_67' title='bbox 1140 766 1210 823; x_wconf 88' lang='lat' dir='ltr'><strong>duos</strong></span> <span class='ocrx_word' id='word_1_68' title='bbox 1232 767 1336 838; x_wconf 61' lang='lat' dir='ltr'><strong>medus</strong></span> <span class='ocrx_word' id='word_1_69' title='bbox 1358 766 1438 824; x_wconf 88' lang='lat' dir='ltr'><strong>huius</strong></span> <span class='ocrx_word' id='word_1_70' title='bbox 1456 769 1635 824; x_wconf 89' lang='lat' dir='ltr'><strong>institutionis</strong></span> <span class='ocrx_word' id='word_1_71' title='bbox 1654 781 1668 822; x_wconf 83' lang='lat' dir='ltr'><strong>r</strong></span> 
     </span>
     <span class='ocr_line' id='line_1_8' title="bbox 198 855 1613 929; baseline -0.001 -14"><span class='ocrx_word' id='word_1_72' title='bbox 198 857 294 929; x_wconf 86' lang='lat' dir='ltr'><strong>iactos,</strong></span> <span class='ocrx_word' id='word_1_73' title='bbox 313 863 345 916; x_wconf 90' lang='lat' dir='ltr'><strong>ut</strong></span> <span class='ocrx_word' id='word_1_74' title='bbox 362 859 450 928; x_wconf 88' lang='lat' dir='ltr'><strong>primo</strong></span> <span class='ocrx_word' id='word_1_75' title='bbox 468 855 566 912; x_wconf 84' lang='lat' dir='ltr'><strong>iratres</strong></span> <span class='ocrx_word' id='word_1_76' title='bbox 584 857 701 912; x_wconf 89' lang='lat' dir='ltr'><strong>inuicem</strong></span> <span class='ocrx_word' id='word_1_77' title='bbox 720 857 958 926; x_wconf 75' lang='lat' dir='ltr'><strong>substituerentur,</strong></span> <span class='ocrx_word' id='word_1_78' title='bbox 976 857 1000 910; x_wconf 92' lang='lat' dir='ltr'><strong>si</strong></span> <span class='ocrx_word' id='word_1_79' title='bbox 1018 857 1057 911; x_wconf 89' lang='lat' dir='ltr'><strong>ilii</strong></span> <span class='ocrx_word' id='word_1_80' title='bbox 1074 870 1129 912; x_wconf 90' lang='lat' dir='ltr'><strong>nou</strong></span> <span class='ocrx_word' id='word_1_81' title='bbox 1147 861 1248 926; x_wconf 91' lang='lat' dir='ltr'><strong>essent,</strong></span> <span class='ocrx_word' id='word_1_82' title='bbox 1267 861 1334 912; x_wconf 88' lang='lat' dir='ltr'><strong>tuuc</strong></span> <span class='ocrx_word' id='word_1_83' title='bbox 1352 857 1442 913; x_wconf 88' lang='lat' dir='ltr'><strong>Titius</strong></span> <span class='ocrx_word' id='word_1_84' title='bbox 1460 863 1613 915; x_wconf 85' lang='lat' dir='ltr'><strong>uocaretur.</strong></span> 
     </span>
    </p>

    <p class='ocr_par' dir='ltr' id='par_1_5' title="bbox 139 943 1689 1284">
     <span class='ocr_line' id='line_1_9' title="bbox 139 943 1689 1030; baseline -0.003 -24"><span class='ocrx_word' id='word_1_85' title='bbox 139 949 179 1006; x_wconf 82' lang='lat'><strong>26</strong></span> <span class='ocrx_word' id='word_1_86' title='bbox 251 949 329 1004; x_wconf 78' lang='lat' dir='ltr'><strong>Iners</strong></span> <span class='ocrx_word' id='word_1_87' title='bbox 346 947 415 1002; x_wconf 86' lang='lat' dir='ltr'><strong>hbro</strong></span> <span class='ocrx_word' id='word_1_88' title='bbox 432 947 564 1002; x_wconf 87' lang='lat' dir='ltr'><strong>uicesimo</strong></span> <span class='ocrx_word' id='word_1_89' title='bbox 582 961 655 1002; x_wconf 90' lang='lat' dir='ltr'><strong>nono</strong></span> <span class='ocrx_word' id='word_1_90' title='bbox 673 945 851 1016; x_wconf 80' lang='lat' dir='ltr'><strong>digestorum.</strong></span> <span class='ocrx_word' id='word_1_91' title='bbox 882 943 911 1000; x_wconf 86' lang='lat' dir='ltr'><strong>Si</strong></span> <span class='ocrx_word' id='word_1_92' title='bbox 928 949 1008 1015; x_wconf 77' lang='lat' dir='ltr'><strong>peter</strong></span> <span class='ocrx_word' id='word_1_93' title='bbox 1026 943 1110 1000; x_wconf 88' lang='lat' dir='ltr'><strong>tilium</strong></span> <span class='ocrx_word' id='word_1_94' title='bbox 1128 944 1296 1015; x_wconf 78' lang='lat' dir='ltr'><strong>impuberem</strong></span> <span class='ocrx_word' id='word_1_95' title='bbox 1313 944 1440 1002; x_wconf 88' lang='lat' dir='ltr'><strong>heredem</strong></span> <span class='ocrx_word' id='word_1_96' title='bbox 1460 943 1634 1030; x_wconf 54' lang='lat' dir='ltr'><strong>[suffles</strong></span> <span class='ocrx_word' id='word_1_97' title='bbox 1667 954 1689 1010; x_wconf 78' lang='lat' dir='ltr'><strong><em>S</em></strong></span> 
     </span>
     <span class='ocr_line' id='line_1_10' title="bbox 197 1023 1634 1109; baseline -0.002 -15"><span class='ocrx_word' id='word_1_98' title='bbox 197 1039 336 1109; x_wconf 73' lang='lat' dir='ltr'><strong>scripserit</strong></span> <span class='ocrx_word' id='word_1_99' title='bbox 353 1041 382 1093; x_wconf 92' lang='lat' dir='ltr'><strong>et</strong></span> <span class='ocrx_word' id='word_1_100' title='bbox 399 1037 425 1092; x_wconf 91' lang='lat' dir='ltr'><strong>ei</strong></span> <span class='ocrx_word' id='word_1_101' title='bbox 443 1036 622 1105; x_wconf 87' lang='lat' dir='ltr'><strong>substituerit,</strong></span> <span class='ocrx_word' id='word_1_102' title='bbox 642 1035 666 1090; x_wconf 88' lang='lat' dir='ltr'><strong>si</strong></span> <span class='ocrx_word' id='word_1_103' title='bbox 684 1036 745 1104; x_wconf 91' lang='lat' dir='ltr'><strong>quis</strong></span> <span class='ocrx_word' id='word_1_104' title='bbox 763 1034 816 1090; x_wconf 91' lang='lat' dir='ltr'><strong>sihi</strong></span> <span class='ocrx_word' id='word_1_105' title='bbox 833 1039 897 1104; x_wconf 86' lang='lat' dir='ltr'><strong>post</strong></span> <span class='ocrx_word' id='word_1_106' title='bbox 915 1037 1046 1089; x_wconf 86' lang='lat' dir='ltr'><strong>mortem¹</strong></span> <span class='ocrx_word' id='word_1_107' title='bbox 1066 1039 1147 1090; x_wconf 85' lang='lat' dir='ltr'><strong>uatus</strong></span> <span class='ocrx_word' id='word_1_108' title='bbox 1165 1035 1225 1106; x_wconf 91' lang='lat' dir='ltr'><strong>erit,</strong></span> <span class='ocrx_word' id='word_1_109' title='bbox 1245 1033 1344 1090; x_wconf 81' lang='lat' dir='ltr'><strong>deiude</strong></span> <span class='ocrx_word' id='word_1_110' title='bbox 1362 1035 1426 1091; x_wconf 89' lang='lat' dir='ltr'><strong>uiuo</strong></span> <span class='ocrx_word' id='word_1_111' title='bbox 1446 1023 1634 1104; x_wconf 51' lang='lat' dir='ltr'><strong>traiecissem</strong></span> 
     </span>
     <span class='ocr_line' id='line_1_11' title="bbox 198 1121 1635 1196; baseline -0.001 -14"><span class='ocrx_word' id='word_1_112' title='bbox 198 1143 259 1184; x_wconf 89' lang='lat' dir='ltr'><strong>mus</strong></span> <span class='ocrx_word' id='word_1_113' title='bbox 281 1130 363 1182; x_wconf 85' lang='lat' dir='ltr'><strong>natus</strong></span> <span class='ocrx_word' id='word_1_114' title='bbox 386 1124 481 1196; x_wconf 77' lang='lat' dir='ltr'><strong>tuerit,</strong></span> <span class='ocrx_word' id='word_1_115' title='bbox 506 1129 699 1181; x_wconf 81' lang='lat' dir='ltr'><strong>testameumm</strong></span> <span class='ocrx_word' id='word_1_116' title='bbox 721 1129 875 1195; x_wconf 84' lang='lat' dir='ltr'><strong>rumpetur:</strong></span> <span class='ocrx_word' id='word_1_117' title='bbox 899 1129 1100 1193; x_wconf 89' lang='lat' dir='ltr'><strong>postmortem</strong></span> <span class='ocrx_word' id='word_1_118' title='bbox 1124 1129 1217 1180; x_wconf 90' lang='lat' dir='ltr'><strong>autem</strong></span> <span class='ocrx_word' id='word_1_119' title='bbox 1242 1121 1333 1180; x_wconf 83' lang='lat' dir='ltr'><strong>fratris</strong></span> <span class='ocrx_word' id='word_1_120' title='bbox 1357 1123 1422 1180; x_wconf 89' lang='lat' dir='ltr'><strong>uiuo</strong></span> <span class='ocrx_word' id='word_1_121' title='bbox 1439 1125 1535 1194; x_wconf 80' lang='lat' dir='ltr'><strong>patre·</strong></span> <span class='ocrx_word' id='word_1_122' title='bbox 1553 1129 1635 1180; x_wconf 88' lang='lat' dir='ltr'><strong>uatus</strong></span> 
     </span>
     <span class='ocr_line' id='line_1_12' title="bbox 197 1215 1683 1284; baseline -0.003 -11"><span class='ocrx_word' id='word_1_123' title='bbox 197 1217 273 1274; x_wconf 89' lang='lat' dir='ltr'><strong>solus</strong></span> <span class='ocrx_word' id='word_1_124' title='bbox 289 1215 369 1272; x_wconf 90' lang='lat' dir='ltr'><strong>heres</strong></span> <span class='ocrx_word' id='word_1_125' title='bbox 387 1215 458 1284; x_wconf 82' lang='lat' dir='ltr'><strong>petri</strong></span> <span class='ocrx_word' id='word_1_126' title='bbox 476 1229 528 1270; x_wconf 90' lang='lat' dir='ltr'><strong>suo</strong></span> <span class='ocrx_word' id='word_1_127' title='bbox 545 1215 654 1270; x_wconf 76' lang='lat' dir='ltr'><strong>existet</strong></span> <span class='ocrx_word' id='word_1_128' title='bbox 1654 1228 1683 1268; x_wconf 85' lang='lat' dir='ltr'><strong>ro</strong></span> 
     </span>
    </p>

    <p class='ocr_par' dir='ltr' id='par_1_6' title="bbox 47 1297 1690 1464">
     <span class='ocr_line' id='line_1_13' title="bbox 139 1297 1690 1386; baseline -0.003 -23"><span class='ocrx_word' id='word_1_129' title='bbox 139 1305 180 1364; x_wconf 75' lang='lat'><strong>2⁷</strong></span> <span class='ocrx_word' id='word_1_130' title='bbox 250 1306 328 1361; x_wconf 83' lang='lat' dir='ltr'><strong>lours</strong></span> <span class='ocrx_word' id='word_1_131' title='bbox 345 1304 414 1360; x_wconf 88' lang='lat' dir='ltr'><strong>libro</strong></span> <span class='ocrx_word' id='word_1_132' title='bbox 431 1303 573 1374; x_wconf 80' lang='lat' dir='ltr'><strong>trigesimo</strong></span> <span class='ocrx_word' id='word_1_133' title='bbox 592 1302 769 1373; x_wconf 78' lang='lat' dir='ltr'><strong>digestorum.</strong></span> <span class='ocrx_word' id='word_1_134' title='bbox 799 1299 828 1356; x_wconf 87' lang='lat' dir='ltr'><strong>Si</strong></span> <span class='ocrx_word' id='word_1_135' title='bbox 843 1301 933 1357; x_wconf 84' lang='lat' dir='ltr'><strong>Titius</strong></span> <span class='ocrx_word' id='word_1_136' title='bbox 951 1300 1078 1358; x_wconf 89' lang='lat' dir='ltr'><strong>coheredi</strong></span> <span class='ocrx_word' id='word_1_137' title='bbox 1096 1316 1148 1357; x_wconf 92' lang='lat' dir='ltr'><strong>suo</strong></span> <span class='ocrx_word' id='word_1_138' title='bbox 1165 1300 1331 1358; x_wconf 86' lang='lat' dir='ltr'><strong>substitutos</strong></span> <span class='ocrx_word' id='word_1_139' title='bbox 1348 1301 1440 1373; x_wconf 79' lang='lat' dir='ltr'><strong>fuerit,</strong></span> <span class='ocrx_word' id='word_1_140' title='bbox 1459 1297 1634 1386; x_wconf 48' lang='grc' dir='ltr'><strong>Μυῖα</strong></span> <span class='ocrx_word' id='word_1_141' title='bbox 1668 1309 1690 1365; x_wconf 74' lang='lat' dir='ltr'><strong>s</strong></span> 
     </span>
     <span class='ocr_line' id='line_1_14' title="bbox 47 1377 1633 1464; baseline -0.003 -14"><span class='ocrx_word' id='word_1_142' title='bbox 47 1377 58 1402; x_wconf 73' lang='lat'><strong>⁹</strong></span> <span class='ocrx_word' id='word_1_143' title='bbox 198 1393 297 1450; x_wconf 91' lang='lat' dir='ltr'><strong>deinde</strong></span> <span class='ocrx_word' id='word_1_144' title='bbox 315 1395 341 1449; x_wconf 88' lang='lat' dir='ltr'><strong>ei</strong></span> <span class='ocrx_word' id='word_1_145' title='bbox 359 1393 544 1464; x_wconf 85' lang='lat' dir='ltr'><strong>Sempronius,</strong></span> <span class='ocrx_word' id='word_1_146' title='bbox 563 1393 655 1448; x_wconf 91' lang='lat' dir='ltr'><strong>uerius</strong></span> <span class='ocrx_word' id='word_1_147' title='bbox 672 1397 739 1461; x_wconf 88' lang='lat' dir='ltr'><strong>puto</strong></span> <span class='ocrx_word' id='word_1_148' title='bbox 757 1392 785 1446; x_wconf 89' lang='lat' dir='ltr'><strong>in</strong></span> <span class='ocrx_word' id='word_1_149' title='bbox 805 1395 1072 1460; x_wconf 89' lang='lat' dir='ltr'><strong>utramquepartem</strong></span> <span class='ocrx_word' id='word_1_150' title='bbox 1091 1389 1281 1462; x_wconf 84' lang='lat' dir='ltr'><strong>Sempronium</strong></span> <span class='ocrx_word' id='word_1_151' title='bbox 1301 1391 1480 1449; x_wconf 90' lang='lat' dir='ltr'><strong>substitutum</strong></span> <span class='ocrx_word' id='word_1_152' title='bbox 1499 1379 1633 1447; x_wconf 44' lang='lat' dir='ltr'><strong>essess‘*</strong></span> 
     </span>
    </p>

    <p class='ocr_par' dir='ltr' id='par_1_7' title="bbox 139 1476 1733 2712">
     <span class='ocr_line' id='line_1_15' title="bbox 139 1476 1689 1564; baseline -0.004 -22"><span class='ocrx_word' id='word_1_153' title='bbox 139 1482 179 1542; x_wconf 77' lang='lat'><strong>28</strong></span> <span class='ocrx_word' id='word_1_154' title='bbox 250 1483 327 1538; x_wconf 78' lang='lat' dir='ltr'><strong>Iners</strong></span> <span class='ocrx_word' id='word_1_155' title='bbox 345 1482 414 1538; x_wconf 85' lang='lat' dir='ltr'><strong>libro</strong></span> <span class='ocrx_word' id='word_1_156' title='bbox 431 1482 604 1551; x_wconf 79' lang='lat' dir='ltr'><strong>sexsgesimo</strong></span> <span class='ocrx_word' id='word_1_157' title='bbox 623 1479 745 1537; x_wconf 72' lang='lat' dir='ltr'><strong>wcuudo</strong></span> <span class='ocrx_word' id='word_1_158' title='bbox 763 1481 940 1550; x_wconf 79' lang='lat' dir='ltr'><strong>digestorum.</strong></span> <span class='ocrx_word' id='word_1_159' title='bbox 967 1481 1024 1536; x_wconf 85' lang='lat' dir='ltr'><strong>Lex</strong></span> <span class='ocrx_word' id='word_1_160' title='bbox 1038 1479 1170 1550; x_wconf 82' lang='lat' dir='ltr'><strong>Cornelia,</strong></span> <span class='ocrx_word' id='word_1_161' title='bbox 1189 1495 1260 1550; x_wconf 81' lang='lat' dir='ltr'><strong>quac</strong></span> <span class='ocrx_word' id='word_1_162' title='bbox 1276 1485 1441 1537; x_wconf 83' lang='lat' dir='ltr'><strong>testamenta</strong></span> <span class='ocrx_word' id='word_1_163' title='bbox 1459 1476 1635 1564; x_wconf 43' lang='lat' dir='ltr'><strong>[is-,fe—sE-ossnr</strong></span> <span class='ocrx_word' id='word_1_164' title='bbox 1667 1487 1689 1543; x_wconf 80' lang='lat' dir='ltr'><strong>s</strong></span> 
     </span>
     <span class='ocr_line' id='line_1_16' title="bbox 198 1567 1634 1642; baseline -0.001 -14"><span class='ocrx_word' id='word_1_165' title='bbox 198 1587 291 1628; x_wconf 91' lang='lat' dir='ltr'><strong>eorum</strong></span> <span class='ocrx_word' id='word_1_166' title='bbox 309 1573 357 1642; x_wconf 92' lang='lat' dir='ltr'><strong>qui</strong></span> <span class='ocrx_word' id='word_1_167' title='bbox 375 1573 402 1628; x_wconf 92' lang='lat' dir='ltr'><strong>iu</strong></span> <span class='ocrx_word' id='word_1_168' title='bbox 420 1571 539 1627; x_wconf 90' lang='lat' dir='ltr'><strong>hostium</strong></span> <span class='ocrx_word' id='word_1_169' title='bbox 558 1573 696 1640; x_wconf 71' lang='lat' dir='ltr'><strong>potestate</strong></span> <span class='ocrx_word' id='word_1_170' title='bbox 714 1569 892 1626; x_wconf 91' lang='lat' dir='ltr'><strong>decesserunt</strong></span> <span class='ocrx_word' id='word_1_171' title='bbox 909 1567 1060 1638; x_wconf 85' lang='lat' dir='ltr'><strong>confirmat,</strong></span> <span class='ocrx_word' id='word_1_172' title='bbox 1081 1584 1136 1624; x_wconf 90' lang='lat' dir='ltr'><strong>noo</strong></span> <span class='ocrx_word' id='word_1_173' title='bbox 1154 1572 1241 1626; x_wconf 90' lang='lat' dir='ltr'><strong>solum</strong></span> <span class='ocrx_word' id='word_1_174' title='bbox 1260 1568 1296 1625; x_wconf 86' lang='lat' dir='ltr'><strong>ad</strong></span> <span class='ocrx_word' id='word_1_175' title='bbox 1313 1569 1494 1626; x_wconf 83' lang='lat' dir='ltr'><strong>hereditatem</strong></span> <span class='ocrx_word' id='word_1_176' title='bbox 1512 1571 1634 1641; x_wconf 88' lang='lat' dir='ltr'><strong>ipsorum</strong></span> 
     </span>
     <span class='ocr_line' id='line_1_17' title="bbox 197 1656 1682 1734; baseline -0.002 -16"><span class='ocrx_word' id='word_1_177' title='bbox 197 1663 244 1734; x_wconf 93' lang='lat' dir='ltr'><strong>qui</strong></span> <span class='ocrx_word' id='word_1_178' title='bbox 261 1666 427 1717; x_wconf 70' lang='lat' dir='ltr'><strong>testamenta</strong></span> <span class='ocrx_word' id='word_1_179' title='bbox 444 1659 567 1716; x_wconf 84' lang='lat' dir='ltr'><strong>fecerunt</strong></span> <span class='ocrx_word' id='word_1_180' title='bbox 584 1659 716 1730; x_wconf 87' lang='lat' dir='ltr'><strong>pertinet,</strong></span> <span class='ocrx_word' id='word_1_181' title='bbox 741 1656 791 1714; x_wconf 89' lang='lat' dir='ltr'><strong>sed</strong></span> <span class='ocrx_word' id='word_1_182' title='bbox 809 1657 845 1714; x_wconf 86' lang='lat' dir='ltr'><strong>ad</strong></span> <span class='ocrx_word' id='word_1_183' title='bbox 863 1674 959 1714; x_wconf 91' lang='lat' dir='ltr'><strong>omnes</strong></span> <span class='ocrx_word' id='word_1_184' title='bbox 976 1657 1157 1728; x_wconf 74' lang='lat' dir='ltr'><strong>hereditates,</strong></span> <span class='ocrx_word' id='word_1_185' title='bbox 1182 1673 1253 1729; x_wconf 87' lang='lat' dir='ltr'><strong>quae</strong></span> <span class='ocrx_word' id='word_1_186' title='bbox 1278 1659 1314 1714; x_wconf 87' lang='lat' dir='ltr'><strong>ad</strong></span> <span class='ocrx_word' id='word_1_187' title='bbox 1332 1673 1468 1729; x_wconf 86' lang='lat' dir='ltr'><strong>quemque</strong></span> <span class='ocrx_word' id='word_1_188' title='bbox 1486 1674 1521 1716; x_wconf 85' lang='lat' dir='ltr'><strong>er</strong></span> <span class='ocrx_word' id='word_1_189' title='bbox 1540 1675 1635 1716; x_wconf 91' lang='lat' dir='ltr'><strong>eorum</strong></span> <span class='ocrx_word' id='word_1_190' title='bbox 1655 1665 1682 1708; x_wconf 65' lang='grc' dir='ltr'><strong>ιθ</strong></span> 
     </span>
     <span class='ocr_line' id='line_1_18' title="bbox 197 1747 1636 1821; baseline -0.003 -13"><span class='ocrx_word' id='word_1_191' title='bbox 197 1755 363 1808; x_wconf 85' lang='lat' dir='ltr'><strong>testamento</strong></span> <span class='ocrx_word' id='word_1_192' title='bbox 385 1750 521 1821; x_wconf 88' lang='lat' dir='ltr'><strong>pertiuere</strong></span> <span class='ocrx_word' id='word_1_193' title='bbox 543 1749 713 1820; x_wconf 89' lang='lat' dir='ltr'><strong>potuissent,</strong></span> <span class='ocrx_word' id='word_1_194' title='bbox 738 1748 762 1802; x_wconf 91' lang='lat' dir='ltr'><strong>si</strong></span> <span class='ocrx_word' id='word_1_195' title='bbox 784 1749 812 1802; x_wconf 91' lang='lat' dir='ltr'><strong>io</strong></span> <span class='ocrx_word' id='word_1_196' title='bbox 836 1747 956 1803; x_wconf 89' lang='lat' dir='ltr'><strong>hostium</strong></span> <span class='ocrx_word' id='word_1_197' title='bbox 979 1749 1144 1818; x_wconf 73' lang='lat' dir='ltr'><strong>potestatem</strong></span> <span class='ocrx_word' id='word_1_198' title='bbox 1168 1763 1223 1803; x_wconf 89' lang='lat' dir='ltr'><strong>uon</strong></span> <span class='ocrx_word' id='word_1_199' title='bbox 1240 1749 1440 1818; x_wconf 85' lang='lat' dir='ltr'><strong>peruenissent</strong></span> <span class='ocrx_word' id='word_1_200' title='bbox 1468 1755 1636 1820; x_wconf 88' lang='lat' dir='ltr'><strong>quapropter</strong></span> 
     </span>
     <span class='ocr_line' id='line_1_19' title="bbox 197 1834 1635 1912; baseline -0.001 -16"><span class='ocrx_word' id='word_1_201' title='bbox 197 1857 259 1896; x_wconf 88' lang='lat' dir='ltr'><strong>cum</strong></span> <span class='ocrx_word' id='word_1_202' title='bbox 277 1840 401 1912; x_wconf 89' lang='lat' dir='ltr'><strong>paterio</strong></span> <span class='ocrx_word' id='word_1_203' title='bbox 419 1839 538 1894; x_wconf 88' lang='lat' dir='ltr'><strong>hostium</strong></span> <span class='ocrx_word' id='word_1_204' title='bbox 556 1841 694 1908; x_wconf 73' lang='lat' dir='ltr'><strong>potestate</strong></span> <span class='ocrx_word' id='word_1_205' title='bbox 713 1836 833 1892; x_wconf 79' lang='lat' dir='ltr'><strong>decessit</strong></span> <span class='ocrx_word' id='word_1_206' title='bbox 849 1835 906 1892; x_wconf 85' lang='lat' dir='ltr'><strong>filio</strong></span> <span class='ocrx_word' id='word_1_207' title='bbox 923 1834 1065 1907; x_wconf 87' lang='lat' dir='ltr'><strong>impubere</strong></span> <span class='ocrx_word' id='word_1_208' title='bbox 1083 1836 1178 1892; x_wconf 88' lang='lat' dir='ltr'><strong>relicto</strong></span> <span class='ocrx_word' id='word_1_209' title='bbox 1195 1836 1224 1893; x_wconf 90' lang='lat' dir='ltr'><strong>iu</strong></span> <span class='ocrx_word' id='word_1_210' title='bbox 1242 1837 1355 1893; x_wconf 88' lang='lat' dir='ltr'><strong>ciuitate</strong></span> <span class='ocrx_word' id='word_1_211' title='bbox 1366 1841 1395 1892; x_wconf 92' lang='lat' dir='ltr'><strong>et</strong></span> <span class='ocrx_word' id='word_1_212' title='bbox 1406 1837 1431 1892; x_wconf 90' lang='lat' dir='ltr'><strong>is</strong></span> <span class='ocrx_word' id='word_1_213' title='bbox 1443 1838 1514 1894; x_wconf 83' lang='lat' dir='ltr'><strong>Intra</strong></span> <span class='ocrx_word' id='word_1_214' title='bbox 1525 1843 1635 1909; x_wconf 88' lang='lat' dir='ltr'><strong>tempus</strong></span> 
     </span>
     <span class='ocr_line' id='line_1_20' title="bbox 196 1924 1635 2002; baseline -0.001 -17"><span class='ocrx_word' id='word_1_215' title='bbox 196 1929 349 2002; x_wconf 72' lang='lat' dir='ltr'><strong>pubertatis</strong></span> <span class='ocrx_word' id='word_1_216' title='bbox 367 1928 528 1996; x_wconf 70' lang='lat' dir='ltr'><strong>depossuit,</strong></span> <span class='ocrx_word' id='word_1_217' title='bbox 551 1926 688 1982; x_wconf 83' lang='lat' dir='ltr'><strong>heredites</strong></span> <span class='ocrx_word' id='word_1_218' title='bbox 707 1925 743 1980; x_wconf 88' lang='lat' dir='ltr'><strong>ad</strong></span> <span class='ocrx_word' id='word_1_219' title='bbox 768 1925 948 1981; x_wconf 81' lang='lat' dir='ltr'><strong>substimtum</strong></span> <span class='ocrx_word' id='word_1_220' title='bbox 966 1925 1098 1996; x_wconf 87' lang='lat' dir='ltr'><strong>pertinet,</strong></span> <span class='ocrx_word' id='word_1_221' title='bbox 1121 1924 1235 1996; x_wconf 89' lang='lat' dir='ltr'><strong>perinde</strong></span> <span class='ocrx_word' id='word_1_222' title='bbox 1258 1941 1292 1980; x_wconf 91' lang='lat' dir='ltr'><strong>ao</strong></span> <span class='ocrx_word' id='word_1_223' title='bbox 1315 1925 1341 1980; x_wconf 92' lang='lat' dir='ltr'><strong>si</strong></span> <span class='ocrx_word' id='word_1_224' title='bbox 1361 1929 1441 1996; x_wconf 89' lang='lat' dir='ltr'><strong>pater</strong></span> <span class='ocrx_word' id='word_1_225' title='bbox 1463 1927 1492 1982; x_wconf 91' lang='lat' dir='ltr'><strong>in</strong></span> <span class='ocrx_word' id='word_1_226' title='bbox 1515 1926 1635 1983; x_wconf 89' lang='lat' dir='ltr'><strong>hostium</strong></span> 
     </span>
     <span class='ocr_line' id='line_1_21' title="bbox 196 2013 1635 2090; baseline -0.003 -15"><span class='ocrx_word' id='word_1_227' title='bbox 196 2023 360 2090; x_wconf 75' lang='lat' dir='ltr'><strong>potestatem</strong></span> <span class='ocrx_word' id='word_1_228' title='bbox 380 2033 434 2073; x_wconf 90' lang='lat' dir='ltr'><strong>nou</strong></span> <span class='ocrx_word' id='word_1_229' title='bbox 452 2017 634 2087; x_wconf 86' lang='lat' dir='ltr'><strong>peruenisset.</strong></span> <span class='ocrx_word' id='word_1_230' title='bbox 661 2014 711 2070; x_wconf 92' lang='lat' dir='ltr'><strong>sed</strong></span> <span class='ocrx_word' id='word_1_231' title='bbox 728 2015 752 2070; x_wconf 91' lang='lat' dir='ltr'><strong>si</strong></span> <span class='ocrx_word' id='word_1_232' title='bbox 770 2019 850 2084; x_wconf 86' lang='lat' dir='ltr'><strong>pater</strong></span> <span class='ocrx_word' id='word_1_233' title='bbox 867 2015 895 2070; x_wconf 91' lang='lat' dir='ltr'><strong>iu</strong></span> <span class='ocrx_word' id='word_1_234' title='bbox 914 2015 1026 2070; x_wconf 83' lang='lat' dir='ltr'><strong>ciuitate</strong></span> <span class='ocrx_word' id='word_1_235' title='bbox 1044 2013 1177 2086; x_wconf 88' lang='lat' dir='ltr'><strong>decessit,</strong></span> <span class='ocrx_word' id='word_1_236' title='bbox 1201 2013 1273 2070; x_wconf 86' lang='lat' dir='ltr'><strong>iilius</strong></span> <span class='ocrx_word' id='word_1_237' title='bbox 1296 2013 1423 2084; x_wconf 89' lang='lat' dir='ltr'><strong>impubes</strong></span> <span class='ocrx_word' id='word_1_238' title='bbox 1440 2016 1515 2088; x_wconf 86' lang='lat' dir='ltr'><strong>apud</strong></span> <span class='ocrx_word' id='word_1_239' title='bbox 1533 2015 1635 2086; x_wconf 91' lang='lat' dir='ltr'><strong>hostes,</strong></span> 
     </span>
     <span class='ocr_line' id='line_1_22' title="bbox 196 2102 1683 2178; baseline -0.005 -16"><span class='ocrx_word' id='word_1_240' title='bbox 196 2109 220 2163; x_wconf 91' lang='lat' dir='ltr'><strong>si</strong></span> <span class='ocrx_word' id='word_1_241' title='bbox 243 2107 353 2178; x_wconf 89' lang='lat' dir='ltr'><strong>quidem</strong></span> <span class='ocrx_word' id='word_1_242' title='bbox 376 2111 483 2163; x_wconf 87' lang='lat' dir='ltr'><strong>mortuo</strong></span> <span class='ocrx_word' id='word_1_243' title='bbox 505 2111 585 2176; x_wconf 88' lang='lat' dir='ltr'><strong>patre</strong></span> <span class='ocrx_word' id='word_1_244' title='bbox 607 2103 679 2160; x_wconf 83' lang='lat' dir='ltr'><strong>titius</strong></span> <span class='ocrx_word' id='word_1_245' title='bbox 702 2105 731 2159; x_wconf 91' lang='lat' dir='ltr'><strong>in</strong></span> <span class='ocrx_word' id='word_1_246' title='bbox 749 2102 868 2160; x_wconf 89' lang='lat' dir='ltr'><strong>hostiurn</strong></span> <span class='ocrx_word' id='word_1_247' title='bbox 885 2108 1050 2174; x_wconf 88' lang='lat' dir='ltr'><strong>potestatem</strong></span> <span class='ocrx_word' id='word_1_248' title='bbox 1073 2104 1241 2174; x_wconf 88' lang='lat' dir='ltr'><strong>peruenerit,</strong></span> <span class='ocrx_word' id='word_1_249' title='bbox 1266 2117 1322 2160; x_wconf 89' lang='lat' dir='ltr'><strong>uon</strong></span> <span class='ocrx_word' id='word_1_250' title='bbox 1344 2104 1514 2160; x_wconf 67' lang='lat' dir='ltr'><strong>ncommods</strong></span> <span class='ocrx_word' id='word_1_251' title='bbox 1536 2105 1636 2160; x_wconf 88' lang='lat' dir='ltr'><strong>dicitur</strong></span> <span class='ocrx_word' id='word_1_252' title='bbox 1654 2115 1683 2154; x_wconf 85' lang='lat' dir='ltr'><strong>ro</strong></span> 
     </span>
     <span class='ocr_line' id='line_1_23' title="bbox 196 2191 1635 2264; baseline -0.001 -12"><span class='ocrx_word' id='word_1_253' title='bbox 196 2195 375 2252; x_wconf 76' lang='lat' dir='ltr'><strong>hereditatem</strong></span> <span class='ocrx_word' id='word_1_254' title='bbox 394 2197 453 2252; x_wconf 90' lang='lat' dir='ltr'><strong>eins</strong></span> <span class='ocrx_word' id='word_1_255' title='bbox 471 2211 506 2250; x_wconf 86' lang='lat' dir='ltr'><strong>ex</strong></span> <span class='ocrx_word' id='word_1_256' title='bbox 525 2211 559 2250; x_wconf 89' lang='lat' dir='ltr'><strong>ea</strong></span> <span class='ocrx_word' id='word_1_257' title='bbox 576 2195 637 2264; x_wconf 79' lang='lat' dir='ltr'><strong>lege</strong></span> <span class='ocrx_word' id='word_1_258' title='bbox 656 2193 692 2248; x_wconf 85' lang='lat' dir='ltr'><strong>nd</strong></span> <span class='ocrx_word' id='word_1_259' title='bbox 709 2191 874 2250; x_wconf 89' lang='lat' dir='ltr'><strong>substitutos</strong></span> <span class='ocrx_word' id='word_1_260' title='bbox 893 2193 1043 2264; x_wconf 73' lang='lat' dir='ltr'><strong>peronem:</strong></span> <span class='ocrx_word' id='word_1_261' title='bbox 1068 2195 1092 2249; x_wconf 91' lang='lat' dir='ltr'><strong>si</strong></span> <span class='ocrx_word' id='word_1_262' title='bbox 1109 2209 1176 2250; x_wconf 91' lang='lat' dir='ltr'><strong>uero</strong></span> <span class='ocrx_word' id='word_1_263' title='bbox 1195 2193 1260 2251; x_wconf 90' lang='lat' dir='ltr'><strong>uiuo</strong></span> <span class='ocrx_word' id='word_1_264' title='bbox 1278 2197 1356 2264; x_wconf 89' lang='lat' dir='ltr'><strong>patre</strong></span> <span class='ocrx_word' id='word_1_265' title='bbox 1374 2191 1446 2248; x_wconf 86' lang='lat' dir='ltr'><strong>iilius</strong></span> <span class='ocrx_word' id='word_1_266' title='bbox 1463 2194 1492 2250; x_wconf 91' lang='lat' dir='ltr'><strong>iu</strong></span> <span class='ocrx_word' id='word_1_267' title='bbox 1515 2193 1635 2251; x_wconf 91' lang='lat' dir='ltr'><strong>hostium</strong></span> 
     </span>
     <span class='ocr_line' id='line_1_24' title="bbox 196 2279 1635 2356; baseline -0.001 -15"><span class='ocrx_word' id='word_1_268' title='bbox 196 2290 362 2356; x_wconf 86' lang='lat' dir='ltr'><strong>potestatem</strong></span> <span class='ocrx_word' id='word_1_269' title='bbox 380 2284 545 2354; x_wconf 90' lang='lat' dir='ltr'><strong>peruenerit,</strong></span> <span class='ocrx_word' id='word_1_270' title='bbox 563 2299 618 2340; x_wconf 90' lang='lat' dir='ltr'><strong>noo</strong></span> <span class='ocrx_word' id='word_1_271' title='bbox 636 2283 763 2338; x_wconf 87' lang='lat' dir='ltr'><strong>existimo</strong></span> <span class='ocrx_word' id='word_1_272' title='bbox 780 2282 835 2353; x_wconf 78' lang='lat' dir='ltr'><strong>legi</strong></span> <span class='ocrx_word' id='word_1_273' title='bbox 850 2282 992 2338; x_wconf 78' lang='lat' dir='ltr'><strong>Corneliae</strong></span> <span class='ocrx_word' id='word_1_274' title='bbox 1010 2283 1101 2338; x_wconf 86' lang='lat' dir='ltr'><strong>Iocum</strong></span> <span class='ocrx_word' id='word_1_275' title='bbox 1119 2299 1189 2354; x_wconf 90' lang='lat' dir='ltr'><strong>esse,</strong></span> <span class='ocrx_word' id='word_1_276' title='bbox 1208 2283 1274 2354; x_wconf 88' lang='lat' dir='ltr'><strong>quia</strong></span> <span class='ocrx_word' id='word_1_277' title='bbox 1291 2297 1345 2338; x_wconf 88' lang='lat' dir='ltr'><strong>nou</strong></span> <span class='ocrx_word' id='word_1_278' title='bbox 1363 2279 1481 2339; x_wconf 78' lang='lat' dir='ltr'><strong>edicitur</strong></span> <span class='ocrx_word' id='word_1_279' title='bbox 1497 2297 1547 2353; x_wconf 87' lang='lat' dir='ltr'><strong>per</strong></span> <span class='ocrx_word' id='word_1_280' title='bbox 1565 2299 1635 2354; x_wconf 87' lang='lat' dir='ltr'><strong>eam,</strong></span> 
     </span>
     <span class='ocr_line' id='line_1_25' title="bbox 196 2369 1635 2444; baseline -0.001 -13"><span class='ocrx_word' id='word_1_281' title='bbox 196 2379 228 2432; x_wconf 85' lang='lat' dir='ltr'><strong>ut</strong></span> <span class='ocrx_word' id='word_1_282' title='bbox 245 2375 278 2444; x_wconf 89' lang='lat' dir='ltr'><strong>is,</strong></span> <span class='ocrx_word' id='word_1_283' title='bbox 298 2375 345 2444; x_wconf 92' lang='lat' dir='ltr'><strong>qui</strong></span> <span class='ocrx_word' id='word_1_284' title='bbox 363 2375 438 2430; x_wconf 88' lang='lat' dir='ltr'><strong>nulla</strong></span> <span class='ocrx_word' id='word_1_285' title='bbox 454 2373 528 2430; x_wconf 89' lang='lat' dir='ltr'><strong>bona</strong></span> <span class='ocrx_word' id='word_1_286' title='bbox 544 2375 573 2429; x_wconf 90' lang='lat' dir='ltr'><strong>in</strong></span> <span class='ocrx_word' id='word_1_287' title='bbox 591 2373 703 2429; x_wconf 87' lang='lat' dir='ltr'><strong>ciuitate</strong></span> <span class='ocrx_word' id='word_1_288' title='bbox 720 2371 838 2442; x_wconf 88' lang='lat' dir='ltr'><strong>reliquit,</strong></span> <span class='ocrx_word' id='word_1_289' title='bbox 857 2369 972 2427; x_wconf 88' lang='lat' dir='ltr'><strong>heredes</strong></span> <span class='ocrx_word' id='word_1_290' title='bbox 990 2371 1100 2428; x_wconf 88' lang='lat' dir='ltr'><strong>babeat.</strong></span> <span class='ocrx_word' id='word_1_291' title='bbox 1128 2387 1213 2444; x_wconf 75' lang='lat' dir='ltr'><strong>quere</strong></span> <span class='ocrx_word' id='word_1_292' title='bbox 1232 2371 1315 2428; x_wconf 88' lang='lat' dir='ltr'><strong>etium</strong></span> <span class='ocrx_word' id='word_1_293' title='bbox 1333 2371 1357 2426; x_wconf 90' lang='lat' dir='ltr'><strong>si</strong></span> <span class='ocrx_word' id='word_1_294' title='bbox 1375 2371 1463 2442; x_wconf 88' lang='lat' dir='ltr'><strong>pubes</strong></span> <span class='ocrx_word' id='word_1_295' title='bbox 1480 2369 1552 2428; x_wconf 86' lang='lat' dir='ltr'><strong>filius</strong></span> <span class='ocrx_word' id='word_1_296' title='bbox 1570 2373 1635 2430; x_wconf 91' lang='lat' dir='ltr'><strong>uiuo</strong></span> 
     </span>
     <span class='ocr_line' id='line_1_26' title="bbox 196 2459 1684 2534; baseline -0.005 -15"><span class='ocrx_word' id='word_1_297' title='bbox 196 2469 275 2534; x_wconf 85' lang='lat' dir='ltr'><strong>patre</strong></span> <span class='ocrx_word' id='word_1_298' title='bbox 293 2467 391 2534; x_wconf 88' lang='lat' dir='ltr'><strong>captus</strong></span> <span class='ocrx_word' id='word_1_299' title='bbox 410 2462 500 2533; x_wconf 86' lang='lat' dir='ltr'><strong>inerit,</strong></span> <span class='ocrx_word' id='word_1_300' title='bbox 519 2463 617 2518; x_wconf 91' lang='lat' dir='ltr'><strong>deinde</strong></span> <span class='ocrx_word' id='word_1_301' title='bbox 636 2467 743 2518; x_wconf 89' lang='lat' dir='ltr'><strong>mortuo</strong></span> <span class='ocrx_word' id='word_1_302' title='bbox 762 2462 790 2516; x_wconf 91' lang='lat' dir='ltr'><strong>in</strong></span> <span class='ocrx_word' id='word_1_303' title='bbox 809 2461 922 2516; x_wconf 80' lang='lat' dir='ltr'><strong>sinitote</strong></span> <span class='ocrx_word' id='word_1_304' title='bbox 941 2467 1019 2531; x_wconf 86' lang='lat' dir='ltr'><strong>patre</strong></span> <span class='ocrx_word' id='word_1_305' title='bbox 1038 2463 1066 2516; x_wconf 92' lang='lat' dir='ltr'><strong>in</strong></span> <span class='ocrx_word' id='word_1_306' title='bbox 1083 2461 1203 2517; x_wconf 90' lang='lat' dir='ltr'><strong>hostium</strong></span> <span class='ocrx_word' id='word_1_307' title='bbox 1221 2465 1358 2531; x_wconf 70' lang='lat' dir='ltr'><strong>potestate</strong></span> <span class='ocrx_word' id='word_1_308' title='bbox 1374 2459 1532 2532; x_wconf 89' lang='lat' dir='ltr'><strong>decesserit,</strong></span> <span class='ocrx_word' id='word_1_309' title='bbox 1549 2463 1636 2532; x_wconf 90' lang='lat' dir='ltr'><strong>patris</strong></span> <span class='ocrx_word' id='word_1_310' title='bbox 1654 2472 1684 2512; x_wconf 85' lang='lat' dir='ltr'><strong>ra</strong></span> 
     </span>
     <span class='ocr_line' id='line_1_27' title="bbox 195 2547 1733 2622; baseline -0.002 -14"><span class='ocrx_word' id='word_1_311' title='bbox 195 2551 334 2608; x_wconf 88' lang='lat' dir='ltr'><strong>hereditas</strong></span> <span class='ocrx_word' id='word_1_312' title='bbox 352 2568 387 2608; x_wconf 85' lang='lat' dir='ltr'><strong>ex</strong></span> <span class='ocrx_word' id='word_1_313' title='bbox 404 2553 467 2622; x_wconf 78' lang='lat' dir='ltr'><strong>Iege</strong></span> <span class='ocrx_word' id='word_1_314' title='bbox 482 2551 627 2608; x_wconf 89' lang='lat' dir='ltr'><strong>duodecim</strong></span> <span class='ocrx_word' id='word_1_315' title='bbox 639 2551 803 2622; x_wconf 79' lang='lat' dir='ltr'><strong>menarum,</strong></span> <span class='ocrx_word' id='word_1_316' title='bbox 823 2564 877 2606; x_wconf 88' lang='lat' dir='ltr'><strong>uon</strong></span> <span class='ocrx_word' id='word_1_317' title='bbox 895 2547 943 2604; x_wconf 86' lang='lat' dir='ltr'><strong>filii</strong></span> <span class='ocrx_word' id='word_1_318' title='bbox 961 2565 996 2606; x_wconf 85' lang='lat' dir='ltr'><strong>er</strong></span> <span class='ocrx_word' id='word_1_319' title='bbox 1013 2551 1076 2620; x_wconf 77' lang='lat' dir='ltr'><strong>lege</strong></span> <span class='ocrx_word' id='word_1_320' title='bbox 1089 2549 1216 2606; x_wconf 81' lang='lat' dir='ltr'><strong>Cornelia</strong></span> <span class='ocrx_word' id='word_1_321' title='bbox 1233 2551 1270 2606; x_wconf 92' lang='lat' dir='ltr'><strong>ad</strong></span> <span class='ocrx_word' id='word_1_322' title='bbox 1287 2551 1437 2622; x_wconf 77' lang='lat' dir='ltr'><strong>adgnatum</strong></span> <span class='ocrx_word' id='word_1_323' title='bbox 1455 2553 1465 2614; x_wconf 81' lang='grc'><strong>11</strong></span> <span class='ocrx_word' id='word_1_324' title='bbox 1480 2552 1634 2622; x_wconf 83' lang='lat' dir='ltr'><strong>proximum</strong></span> <span class='ocrx_word' id='word_1_325' title='bbox 1653 2557 1669 2604; x_wconf 87' lang='lat' dir='ltr'><strong>t</strong></span> <span class='ocrx_word' id='word_1_326' title='bbox 1679 2553 1733 2606; x_wconf 78' lang='lat' dir='ltr'><strong>stb&#39;</strong></span> 
     </span>
     <span class='ocr_line' id='line_1_28' title="bbox 195 2643 321 2712; baseline 0 -16"><span class='ocrx_word' id='word_1_327' title='bbox 195 2643 321 2712; x_wconf 81' lang='lat' dir='ltr'><strong>pertinet.</strong></span> 
     </span>
    </p>

    <p class='ocr_par' dir='ltr' id='par_1_8' title="bbox 136 2725 1695 3066">
     <span class='ocr_line' id='line_1_29' title="bbox 136 2725 1695 2813; baseline 0.001 -27"><span class='ocrx_word' id='word_1_328' title='bbox 136 2735 176 2794; x_wconf 76' lang='lat'><strong>29</strong></span> <span class='ocrx_word' id='word_1_329' title='bbox 250 2730 410 2787; x_wconf 80' lang='lat' dir='ltr'><strong>Sonuuons</strong></span> <span class='ocrx_word' id='word_1_330' title='bbox 427 2729 496 2786; x_wconf 90' lang='lat' dir='ltr'><strong>libro</strong></span> <span class='ocrx_word' id='word_1_331' title='bbox 515 2730 610 2800; x_wconf 80' lang='lat' dir='ltr'><strong>quidm</strong></span> <span class='ocrx_word' id='word_1_332' title='bbox 628 2729 736 2788; x_wconf 87' lang='lat' dir='ltr'><strong>decimo</strong></span> <span class='ocrx_word' id='word_1_333' title='bbox 754 2729 955 2799; x_wconf 84' lang='lat' dir='ltr'><strong>quaestionum.</strong></span> <span class='ocrx_word' id='word_1_334' title='bbox 992 2727 1022 2784; x_wconf 81' lang='lat' dir='ltr'><strong>Si</strong></span> <span class='ocrx_word' id='word_1_335' title='bbox 1040 2733 1119 2801; x_wconf 89' lang='lat' dir='ltr'><strong>pater</strong></span> <span class='ocrx_word' id='word_1_336' title='bbox 1137 2733 1235 2800; x_wconf 87' lang='lat' dir='ltr'><strong>captus</strong></span> <span class='ocrx_word' id='word_1_337' title='bbox 1253 2729 1291 2786; x_wconf 89' lang='lat' dir='ltr'><strong>sit</strong></span> <span class='ocrx_word' id='word_1_338' title='bbox 1307 2727 1343 2784; x_wconf 91' lang='lat' dir='ltr'><strong>ab</strong></span> <span class='ocrx_word' id='word_1_339' title='bbox 1356 2729 1440 2786; x_wconf 90' lang='lat' dir='ltr'><strong>hosti·</strong></span> <span class='ocrx_word' id='word_1_340' title='bbox 1459 2725 1548 2813; x_wconf 55' lang='lat' dir='ltr'><strong>Qus,</strong></span> <span class='ocrx_word' id='word_1_341' title='bbox 1557 2744 1595 2800; x_wconf 89' lang='lat'><strong>10,</strong></span> <span class='ocrx_word' id='word_1_342' title='bbox 1603 2743 1633 2790; x_wconf 81' lang='lat' dir='ltr'><strong>ue</strong></span> <span class='ocrx_word' id='word_1_343' title='bbox 1652 2731 1695 2787; x_wconf 73' lang='lat' dir='ltr'><strong>*P</strong></span> 
     </span>
     <span class='ocr_line' id='line_1_30' title="bbox 195 2817 1634 2890; baseline -0.002 -13"><span class='ocrx_word' id='word_1_344' title='bbox 195 2819 256 2889; x_wconf 92' lang='lat' dir='ltr'><strong>bus,</strong></span> <span class='ocrx_word' id='word_1_345' title='bbox 275 2835 339 2876; x_wconf 81' lang='lat' dir='ltr'><strong>mox</strong></span> <span class='ocrx_word' id='word_1_346' title='bbox 357 2818 446 2875; x_wconf 78' lang='lat' dir='ltr'><strong>tilius⁸</strong></span> <span class='ocrx_word' id='word_1_347' title='bbox 464 2818 547 2874; x_wconf 87' lang='lat' dir='ltr'><strong>stibi</strong></span> <span class='ocrx_word' id='word_1_348' title='bbox 565 2819 647 2874; x_wconf 91' lang='lat' dir='ltr'><strong>ambo</strong></span> <span class='ocrx_word' id='word_1_349' title='bbox 666 2818 809 2889; x_wconf 87' lang='lat' dir='ltr'><strong>decedant,</strong></span> <span class='ocrx_word' id='word_1_350' title='bbox 828 2819 954 2888; x_wconf 89' lang='lat' dir='ltr'><strong>quamuis</strong></span> <span class='ocrx_word' id='word_1_351' title='bbox 970 2819 1046 2888; x_wconf 89' lang='lat' dir='ltr'><strong>prior</strong></span> <span class='ocrx_word' id='word_1_352' title='bbox 1062 2825 1141 2890; x_wconf 87' lang='lat' dir='ltr'><strong>pater</strong></span> <span class='ocrx_word' id='word_1_353' title='bbox 1153 2817 1278 2888; x_wconf 82' lang='lat' dir='ltr'><strong>debedat,</strong></span> <span class='ocrx_word' id='word_1_354' title='bbox 1296 2819 1341 2873; x_wconf 83' lang='lat' dir='ltr'><strong>lex</strong></span> <span class='ocrx_word' id='word_1_355' title='bbox 1355 2817 1480 2875; x_wconf 78' lang='lat' dir='ltr'><strong>Cornelio</strong></span> <span class='ocrx_word' id='word_1_356' title='bbox 1492 2818 1527 2874; x_wconf 84' lang='lat' dir='ltr'><strong>sd</strong></span> <span class='ocrx_word' id='word_1_357' title='bbox 1539 2819 1634 2889; x_wconf 90' lang='lat' dir='ltr'><strong>pupilli</strong></span> 
     </span>
     <span class='ocr_line' id='line_1_31' title="bbox 195 2905 1634 2978; baseline -0.002 -13"><span class='ocrx_word' id='word_1_358' title='bbox 195 2908 418 2966; x_wconf 90' lang='lat' dir='ltr'><strong>substitutionem</strong></span> <span class='ocrx_word' id='word_1_359' title='bbox 437 2924 492 2964; x_wconf 91' lang='lat' dir='ltr'><strong>uon</strong></span> <span class='ocrx_word' id='word_1_360' title='bbox 510 2907 671 2978; x_wconf 87' lang='lat' dir='ltr'><strong>pertinebit,</strong></span> <span class='ocrx_word' id='word_1_361' title='bbox 694 2907 746 2962; x_wconf 90' lang='lat' dir='ltr'><strong>nisi</strong></span> <span class='ocrx_word' id='word_1_362' title='bbox 764 2922 891 2963; x_wconf 90' lang='lat' dir='ltr'><strong>reuersus</strong></span> <span class='ocrx_word' id='word_1_363' title='bbox 915 2909 943 2962; x_wconf 90' lang='lat' dir='ltr'><strong>in</strong></span> <span class='ocrx_word' id='word_1_364' title='bbox 967 2908 1079 2964; x_wconf 87' lang='lat' dir='ltr'><strong>ciuitate</strong></span> <span class='ocrx_word' id='word_1_365' title='bbox 1103 2905 1229 2978; x_wconf 81' lang='lat' dir='ltr'><strong>Impubes</strong></span> <span class='ocrx_word' id='word_1_366' title='bbox 1253 2905 1383 2978; x_wconf 89' lang='lat' dir='ltr'><strong>decedat,</strong></span> <span class='ocrx_word' id='word_1_367' title='bbox 1405 2908 1533 2978; x_wconf 87' lang='lat' dir='ltr'><strong>quoniam</strong></span> <span class='ocrx_word' id='word_1_368' title='bbox 1558 2911 1587 2963; x_wconf 87' lang='lat' dir='ltr'><strong>et</strong></span> <span class='ocrx_word' id='word_1_369' title='bbox 1609 2908 1634 2962; x_wconf 90' lang='lat' dir='ltr'><strong>si</strong></span> 
     </span>
     <span class='ocr_line' id='line_1_32' title="bbox 196 2995 1681 3066; baseline -0.005 -11"><span class='ocrx_word' id='word_1_370' title='bbox 196 2999 277 3056; x_wconf 85' lang='lat' dir='ltr'><strong>ambo</strong></span> <span class='ocrx_word' id='word_1_371' title='bbox 295 3001 323 3054; x_wconf 88' lang='lat' dir='ltr'><strong>iu</strong></span> <span class='ocrx_word' id='word_1_372' title='bbox 342 2998 453 3054; x_wconf 86' lang='lat' dir='ltr'><strong>ciuitate</strong></span> <span class='ocrx_word' id='word_1_373' title='bbox 471 2997 662 3066; x_wconf 80' lang='lat' dir='ltr'><strong>decessissent,</strong></span> <span class='ocrx_word' id='word_1_374' title='bbox 681 2997 788 3054; x_wconf 90' lang='lat' dir='ltr'><strong>ueniret</strong></span> <span class='ocrx_word' id='word_1_375' title='bbox 806 2995 981 3052; x_wconf 88' lang='lat' dir='ltr'><strong>substitutus.</strong></span> <span class='ocrx_word' id='word_1_376' title='bbox 1652 3006 1681 3048; x_wconf 87' lang='lat' dir='ltr'><strong>so</strong></span> 
     </span>
    </p>

    <p class='ocr_par' dir='ltr' id='par_1_9' title="bbox 136 3080 1687 3962">
     <span class='ocr_line' id='line_1_33' title="bbox 136 3080 1687 3170; baseline 0.001 -26"><span class='ocrx_word' id='word_1_377' title='bbox 136 3092 178 3150; x_wconf 84' lang='grc'><strong>30</strong></span> <span class='ocrx_word' id='word_1_378' title='bbox 248 3087 477 3144; x_wconf 73' lang='lat' dir='ltr'><strong>lensensium</strong></span> <span class='ocrx_word' id='word_1_379' title='bbox 495 3087 700 3157; x_wconf 77' lang='lat' dir='ltr'><strong>septuagesimo</strong></span> <span class='ocrx_word' id='word_1_380' title='bbox 725 3090 823 3142; x_wconf 84' lang='lat' dir='ltr'><strong>octauo</strong></span> <span class='ocrx_word' id='word_1_381' title='bbox 842 3085 1021 3156; x_wconf 80' lang='lat' dir='ltr'><strong>digestorum.</strong></span> <span class='ocrx_word' id='word_1_382' title='bbox 1057 3084 1173 3152; x_wconf 82' lang='lat' dir='ltr'><strong>Quidem</strong></span> <span class='ocrx_word' id='word_1_383' title='bbox 1192 3089 1357 3143; x_wconf 75' lang='lat' dir='ltr'><strong>testamento</strong></span> <span class='ocrx_word' id='word_1_384' title='bbox 1374 3087 1439 3143; x_wconf 90' lang='lat' dir='ltr'><strong>Pro·</strong></span> <span class='ocrx_word' id='word_1_385' title='bbox 1458 3080 1633 3170; x_wconf 55' lang='lat' dir='ltr'><strong>stiffi</strong></span> <span class='ocrx_word' id='word_1_386' title='bbox 1665 3089 1687 3146; x_wconf 79' lang='lat' dir='ltr'><strong><em>S</em></strong></span> 
     </span>
     <span class='ocr_line' id='line_1_34' title="bbox 195 3174 1632 3248; baseline 0 -16"><span class='ocrx_word' id='word_1_387' title='bbox 195 3178 286 3232; x_wconf 90' lang='lat' dir='ltr'><strong>culum</strong></span> <span class='ocrx_word' id='word_1_388' title='bbox 305 3193 339 3232; x_wconf 83' lang='lat' dir='ltr'><strong>ex</strong></span> <span class='ocrx_word' id='word_1_389' title='bbox 357 3184 435 3246; x_wconf 88' lang='lat' dir='ltr'><strong>parte</strong></span> <span class='ocrx_word' id='word_1_390' title='bbox 453 3182 552 3248; x_wconf 82' lang='lat' dir='ltr'><strong>qusrta</strong></span> <span class='ocrx_word' id='word_1_391' title='bbox 569 3181 598 3232; x_wconf 89' lang='lat' dir='ltr'><strong>et</strong></span> <span class='ocrx_word' id='word_1_392' title='bbox 616 3174 744 3241; x_wconf 84' lang='lat' dir='ltr'><strong>Quietum</strong></span> <span class='ocrx_word' id='word_1_393' title='bbox 768 3190 804 3229; x_wconf 87' lang='lat' dir='ltr'><strong>er</strong></span> <span class='ocrx_word' id='word_1_394' title='bbox 825 3180 904 3246; x_wconf 84' lang='lat' dir='ltr'><strong>parte</strong></span> <span class='ocrx_word' id='word_1_395' title='bbox 927 3175 1041 3232; x_wconf 90' lang='lat' dir='ltr'><strong>dimidia</strong></span> <span class='ocrx_word' id='word_1_396' title='bbox 1062 3179 1092 3230; x_wconf 93' lang='lat' dir='ltr'><strong>et</strong></span> <span class='ocrx_word' id='word_1_397' title='bbox 1114 3180 1213 3245; x_wconf 81' lang='lat' dir='ltr'><strong>quarte</strong></span> <span class='ocrx_word' id='word_1_398' title='bbox 1230 3175 1359 3232; x_wconf 90' lang='lat' dir='ltr'><strong>heredem</strong></span> <span class='ocrx_word' id='word_1_399' title='bbox 1376 3177 1508 3246; x_wconf 88' lang='lat' dir='ltr'><strong>instituit,</strong></span> <span class='ocrx_word' id='word_1_400' title='bbox 1532 3176 1632 3232; x_wconf 91' lang='lat' dir='ltr'><strong>deinde</strong></span> 
     </span>
     <span class='ocr_line' id='line_1_35' title="bbox 195 3263 1633 3337; baseline -0.001 -15"><span class='ocrx_word' id='word_1_401' title='bbox 195 3267 294 3333; x_wconf 88' lang='lat' dir='ltr'><strong>Quieto</strong></span> <span class='ocrx_word' id='word_1_402' title='bbox 317 3267 441 3337; x_wconf 82' lang='lat' dir='ltr'><strong>Florum,</strong></span> <span class='ocrx_word' id='word_1_403' title='bbox 464 3267 580 3322; x_wconf 82' lang='lat' dir='ltr'><strong>Proculo</strong></span> <span class='ocrx_word' id='word_1_404' title='bbox 603 3263 710 3321; x_wconf 87' lang='lat' dir='ltr'><strong>Sosiam</strong></span> <span class='ocrx_word' id='word_1_405' title='bbox 735 3263 850 3320; x_wconf 89' lang='lat' dir='ltr'><strong>heredes</strong></span> <span class='ocrx_word' id='word_1_406' title='bbox 868 3264 1021 3336; x_wconf 87' lang='lat' dir='ltr'><strong>substituit,</strong></span> <span class='ocrx_word' id='word_1_407' title='bbox 1045 3263 1158 3333; x_wconf 78' lang='lat' dir='ltr'><strong>duodo,</strong></span> <span class='ocrx_word' id='word_1_408' title='bbox 1182 3265 1205 3320; x_wconf 92' lang='lat' dir='ltr'><strong>si</strong></span> <span class='ocrx_word' id='word_1_409' title='bbox 1224 3280 1312 3336; x_wconf 88' lang='lat' dir='ltr'><strong>usque</strong></span> <span class='ocrx_word' id='word_1_410' title='bbox 1331 3265 1427 3322; x_wconf 79' lang='lat' dir='ltr'><strong>I&#39;Ioros</strong></span> <span class='ocrx_word' id='word_1_411' title='bbox 1445 3280 1534 3336; x_wconf 88' lang='lat' dir='ltr'><strong>neque</strong></span> <span class='ocrx_word' id='word_1_412' title='bbox 1553 3264 1633 3321; x_wconf 85' lang='lat' dir='ltr'><strong>Sosia</strong></span> 
     </span>
     <span class='ocr_line' id='line_1_36' title="bbox 194 3353 1631 3426; baseline -0.001 -15"><span class='ocrx_word' id='word_1_413' title='bbox 194 3355 310 3411; x_wconf 87' lang='lat' dir='ltr'><strong>heredes</strong></span> <span class='ocrx_word' id='word_1_414' title='bbox 328 3360 430 3424; x_wconf 87' lang='lat' dir='ltr'><strong>esseut,</strong></span> <span class='ocrx_word' id='word_1_415' title='bbox 448 3357 529 3411; x_wconf 87' lang='lat' dir='ltr'><strong>tertio</strong></span> <span class='ocrx_word' id='word_1_416' title='bbox 547 3353 636 3425; x_wconf 78' lang='lat' dir='ltr'><strong>grado</strong></span> <span class='ocrx_word' id='word_1_417' title='bbox 652 3359 777 3424; x_wconf 84' lang='lat' dir='ltr'><strong>exparte</strong></span> <span class='ocrx_word' id='word_1_418' title='bbox 790 3353 903 3410; x_wconf 88' lang='lat' dir='ltr'><strong>dimidia</strong></span> <span class='ocrx_word' id='word_1_419' title='bbox 915 3357 943 3408; x_wconf 89' lang='lat' dir='ltr'><strong>et</strong></span> <span class='ocrx_word' id='word_1_420' title='bbox 955 3359 1053 3424; x_wconf 87' lang='lat' dir='ltr'><strong>quarta</strong></span> <span class='ocrx_word' id='word_1_421' title='bbox 1065 3354 1198 3410; x_wconf 86' lang='lat' dir='ltr'><strong>colonium</strong></span> <span class='ocrx_word' id='word_1_422' title='bbox 1211 3355 1417 3426; x_wconf 78' lang='lat' dir='ltr'><strong>Leptitanorum</strong></span> <span class='ocrx_word' id='word_1_423' title='bbox 1430 3361 1459 3410; x_wconf 88' lang='lat' dir='ltr'><strong>et</strong></span> <span class='ocrx_word' id='word_1_424' title='bbox 1470 3369 1505 3410; x_wconf 85' lang='lat' dir='ltr'><strong>ex</strong></span> <span class='ocrx_word' id='word_1_425' title='bbox 1517 3355 1631 3424; x_wconf 82' lang='lat' dir='ltr'><strong>quarts⁴</strong></span> 
     </span>
     <span class='ocr_line' id='line_1_37' title="bbox 195 3442 1679 3514; baseline -0.001 -14"><span class='ocrx_word' id='word_1_426' title='bbox 195 3445 347 3514; x_wconf 75' lang='lat' dir='ltr'><strong>complures</strong></span> <span class='ocrx_word' id='word_1_427' title='bbox 366 3444 480 3500; x_wconf 89' lang='lat' dir='ltr'><strong>heredes</strong></span> <span class='ocrx_word' id='word_1_428' title='bbox 499 3442 641 3500; x_wconf 90' lang='lat' dir='ltr'><strong>substituit</strong></span> <span class='ocrx_word' id='word_1_429' title='bbox 658 3443 686 3498; x_wconf 83' lang='lat' dir='ltr'><strong>In</strong></span> <span class='ocrx_word' id='word_1_430' title='bbox 704 3443 796 3512; x_wconf 90' lang='lat' dir='ltr'><strong>plures</strong></span> <span class='ocrx_word' id='word_1_431' title='bbox 814 3457 895 3512; x_wconf 86' lang='lat' dir='ltr'><strong>quam</strong></span> <span class='ocrx_word' id='word_1_432' title='bbox 919 3447 975 3498; x_wconf 89' lang='lat' dir='ltr'><strong>tres</strong></span> <span class='ocrx_word' id='word_1_433' title='bbox 998 3443 1109 3498; x_wconf 78' lang='lat' dir='ltr'><strong>unuiust</strong></span> <span class='ocrx_word' id='word_1_434' title='bbox 1134 3443 1248 3509; x_wconf 84' lang='lat' dir='ltr'><strong>Quietus</strong></span> <span class='ocrx_word' id='word_1_435' title='bbox 1266 3443 1445 3500; x_wconf 85' lang='lat' dir='ltr'><strong>heredItatem</strong></span> <span class='ocrx_word' id='word_1_436' title='bbox 1463 3443 1545 3514; x_wconf 90' lang='lat' dir='ltr'><strong>adiit,</strong></span> <span class='ocrx_word' id='word_1_437' title='bbox 1566 3443 1630 3498; x_wconf 82' lang='lat' dir='ltr'><strong>Pro</strong></span> <span class='ocrx_word' id='word_1_438' title='bbox 1650 3453 1679 3498; x_wconf 80' lang='lat' dir='ltr'><strong>at</strong></span> 
     </span>
     <span class='ocr_line' id='line_1_38' title="bbox 194 3531 1630 3602; baseline -0.002 -12"><span class='ocrx_word' id='word_1_439' title='bbox 194 3535 272 3590; x_wconf 89' lang='lat' dir='ltr'><strong>cuius</strong></span> <span class='ocrx_word' id='word_1_440' title='bbox 290 3540 319 3590; x_wconf 90' lang='lat' dir='ltr'><strong>et</strong></span> <span class='ocrx_word' id='word_1_441' title='bbox 336 3533 417 3590; x_wconf 83' lang='lat' dir='ltr'><strong>Sosia</strong></span> <span class='ocrx_word' id='word_1_442' title='bbox 433 3535 499 3590; x_wconf 89' lang='lat' dir='ltr'><strong>uiuo</strong></span> <span class='ocrx_word' id='word_1_443' title='bbox 516 3537 649 3588; x_wconf 74' lang='lat' dir='ltr'><strong>testatore</strong></span> <span class='ocrx_word' id='word_1_444' title='bbox 667 3532 858 3589; x_wconf 90' lang='lat' dir='ltr'><strong>decesserunt:</strong></span> <span class='ocrx_word' id='word_1_445' title='bbox 882 3531 1035 3602; x_wconf 85' lang='lat' dir='ltr'><strong>quaerItur,</strong></span> <span class='ocrx_word' id='word_1_446' title='bbox 1060 3531 1199 3602; x_wconf 86' lang='lat' dir='ltr'><strong>quadrans</strong></span> <span class='ocrx_word' id='word_1_447' title='bbox 1216 3534 1332 3590; x_wconf 83' lang='lat' dir='ltr'><strong>Proculo</strong></span> <span class='ocrx_word' id='word_1_448' title='bbox 1349 3533 1431 3589; x_wconf 86' lang='lat' dir='ltr'><strong>datus</strong></span> <span class='ocrx_word' id='word_1_449' title='bbox 1449 3533 1485 3588; x_wconf 90' lang='lat' dir='ltr'><strong>ad</strong></span> <span class='ocrx_word' id='word_1_450' title='bbox 1503 3532 1630 3598; x_wconf 90' lang='lat' dir='ltr'><strong>Quietum</strong></span> 
     </span>
     <span class='ocr_line' id='line_1_39' title="bbox 194 3619 1631 3694; baseline -0.002 -15"><span class='ocrx_word' id='word_1_451' title='bbox 194 3639 230 3680; x_wconf 91' lang='lat' dir='ltr'><strong>an</strong></span> <span class='ocrx_word' id='word_1_452' title='bbox 248 3623 284 3678; x_wconf 85' lang='lat' dir='ltr'><strong>nd</strong></span> <span class='ocrx_word' id='word_1_453' title='bbox 306 3623 470 3678; x_wconf 87' lang='lat' dir='ltr'><strong>substitutos</strong></span> <span class='ocrx_word' id='word_1_454' title='bbox 493 3623 575 3678; x_wconf 87' lang='lat' dir='ltr'><strong>tertio</strong></span> <span class='ocrx_word' id='word_1_455' title='bbox 597 3621 685 3692; x_wconf 75' lang='lat' dir='ltr'><strong>grndu</strong></span> <span class='ocrx_word' id='word_1_456' title='bbox 703 3623 847 3692; x_wconf 83' lang='lat' dir='ltr'><strong>pertineat.</strong></span> <span class='ocrx_word' id='word_1_457' title='bbox 874 3622 1002 3692; x_wconf 90' lang='lat' dir='ltr'><strong>respondi</strong></span> <span class='ocrx_word' id='word_1_458' title='bbox 1027 3637 1088 3678; x_wconf 89' lang='lat' dir='ltr'><strong>eam</strong></span> <span class='ocrx_word' id='word_1_459' title='bbox 1112 3623 1199 3678; x_wconf 91' lang='lat' dir='ltr'><strong>uideri</strong></span> <span class='ocrx_word' id='word_1_460' title='bbox 1216 3624 1386 3680; x_wconf 88' lang='lat' dir='ltr'><strong>uoluntatem</strong></span> <span class='ocrx_word' id='word_1_461' title='bbox 1409 3623 1495 3694; x_wconf 90' lang='lat' dir='ltr'><strong>patris</strong></span> <span class='ocrx_word' id='word_1_462' title='bbox 1513 3619 1631 3678; x_wconf 79' lang='lat' dir='ltr'><strong>familias</strong></span> 
     </span>
     <span class='ocr_line' id='line_1_40' title="bbox 194 3711 1630 3782; baseline -0.001 -14"><span class='ocrx_word' id='word_1_463' title='bbox 194 3711 287 3782; x_wconf 77' lang='lat' dir='ltr'><strong>tulere,</strong></span> <span class='ocrx_word' id='word_1_464' title='bbox 305 3719 338 3768; x_wconf 93' lang='lat' dir='ltr'><strong>ut</strong></span> <span class='ocrx_word' id='word_1_465' title='bbox 354 3713 436 3768; x_wconf 89' lang='lat' dir='ltr'><strong>tertio</strong></span> <span class='ocrx_word' id='word_1_466' title='bbox 454 3711 542 3782; x_wconf 77' lang='lat' dir='ltr'><strong>grado</strong></span> <span class='ocrx_word' id='word_1_467' title='bbox 561 3712 677 3782; x_wconf 88' lang='lat' dir='ltr'><strong>scriptos</strong></span> <span class='ocrx_word' id='word_1_468' title='bbox 695 3711 811 3768; x_wconf 90' lang='lat' dir='ltr'><strong>heredes</strong></span> <span class='ocrx_word' id='word_1_469' title='bbox 828 3712 868 3767; x_wconf 89' lang='lat' dir='ltr'><strong>ita</strong></span> <span class='ocrx_word' id='word_1_470' title='bbox 885 3711 997 3768; x_wconf 87' lang='lat' dir='ltr'><strong>demum</strong></span> <span class='ocrx_word' id='word_1_471' title='bbox 1015 3711 1202 3782; x_wconf 89' lang='lat' dir='ltr'><strong>substituerit,</strong></span> <span class='ocrx_word' id='word_1_472' title='bbox 1222 3713 1246 3768; x_wconf 93' lang='lat' dir='ltr'><strong>si</strong></span> <span class='ocrx_word' id='word_1_473' title='bbox 1263 3716 1322 3768; x_wconf 89' lang='lat' dir='ltr'><strong>tota</strong></span> <span class='ocrx_word' id='word_1_474' title='bbox 1339 3711 1477 3768; x_wconf 85' lang='lat' dir='ltr'><strong>heredites</strong></span> <span class='ocrx_word' id='word_1_475' title='bbox 1494 3716 1630 3780; x_wconf 78' lang='lat' dir='ltr'><strong>uacmset,</strong></span> 
     </span>
     <span class='ocr_line' id='line_1_41' title="bbox 193 3799 1629 3872; baseline 0 -16"><span class='ocrx_word' id='word_1_476' title='bbox 193 3801 276 3872; x_wconf 90' lang='lat' dir='ltr'><strong>idque</strong></span> <span class='ocrx_word' id='word_1_477' title='bbox 294 3817 426 3872; x_wconf 83' lang='lat' dir='ltr'><strong>apparere</strong></span> <span class='ocrx_word' id='word_1_478' title='bbox 445 3801 587 3857; x_wconf 87' lang='lat' dir='ltr'><strong>euidenter</strong></span> <span class='ocrx_word' id='word_1_479' title='bbox 605 3815 640 3856; x_wconf 86' lang='lat' dir='ltr'><strong>ex</strong></span> <span class='ocrx_word' id='word_1_480' title='bbox 657 3815 699 3870; x_wconf 91' lang='lat' dir='ltr'><strong>eo,</strong></span> <span class='ocrx_word' id='word_1_481' title='bbox 718 3799 792 3870; x_wconf 92' lang='lat' dir='ltr'><strong>quod</strong></span> <span class='ocrx_word' id='word_1_482' title='bbox 810 3801 902 3870; x_wconf 90' lang='lat' dir='ltr'><strong>plures</strong></span> <span class='ocrx_word' id='word_1_483' title='bbox 920 3817 1003 3871; x_wconf 85' lang='lat' dir='ltr'><strong>quum</strong></span> <span class='ocrx_word' id='word_1_484' title='bbox 1021 3802 1167 3858; x_wconf 86' lang='lat' dir='ltr'><strong>duodscIm</strong></span> <span class='ocrx_word' id='word_1_485' title='bbox 1185 3801 1281 3858; x_wconf 91' lang='lat' dir='ltr'><strong>uncias</strong></span> <span class='ocrx_word' id='word_1_486' title='bbox 1295 3803 1366 3856; x_wconf 90' lang='lat' dir='ltr'><strong>inter</strong></span> <span class='ocrx_word' id='word_1_487' title='bbox 1378 3817 1425 3857; x_wconf 89' lang='lat' dir='ltr'><strong>eos</strong></span> <span class='ocrx_word' id='word_1_488' title='bbox 1438 3799 1629 3872; x_wconf 87' lang='lat' dir='ltr'><strong>distribuisset,</strong></span> 
     </span>
     <span class='ocr_line' id='line_1_42' title="bbox 193 3889 1677 3962; baseline -0.001 -16"><span class='ocrx_word' id='word_1_489' title='bbox 193 3897 222 3946; x_wconf 88' lang='lat' dir='ltr'><strong>et</strong></span> <span class='ocrx_word' id='word_1_490' title='bbox 239 3890 341 3947; x_wconf 90' lang='lat' dir='ltr'><strong>idcirco</strong></span> <span class='ocrx_word' id='word_1_491' title='bbox 358 3897 463 3962; x_wconf 90' lang='lat' dir='ltr'><strong>partem</strong></span> <span class='ocrx_word' id='word_1_492' title='bbox 483 3893 608 3961; x_wconf 85' lang='lat' dir='ltr'><strong>quurtum</strong></span> <span class='ocrx_word' id='word_1_493' title='bbox 627 3889 786 3946; x_wconf 86' lang='lat' dir='ltr'><strong>hereditatis</strong></span> <span class='ocrx_word' id='word_1_494' title='bbox 803 3889 839 3945; x_wconf 91' lang='lat' dir='ltr'><strong>de</strong></span> <span class='ocrx_word' id='word_1_495' title='bbox 857 3905 912 3960; x_wconf 88' lang='lat' dir='ltr'><strong>qua</strong></span> <span class='ocrx_word' id='word_1_496' title='bbox 929 3891 1070 3960; x_wconf 80' lang='lat' dir='ltr'><strong>quaerItor</strong></span> <span class='ocrx_word' id='word_1_497' title='bbox 1087 3891 1122 3947; x_wconf 90' lang='lat' dir='ltr'><strong>ad</strong></span> <span class='ocrx_word' id='word_1_498' title='bbox 1141 3891 1268 3958; x_wconf 91' lang='lat' dir='ltr'><strong>Quietum</strong></span> <span class='ocrx_word' id='word_1_499' title='bbox 1286 3891 1431 3962; x_wconf 90' lang='lat' dir='ltr'><strong>pertinere.</strong></span> <span class='ocrx_word' id='word_1_500' title='bbox 1648 3904 1677 3944; x_wconf 84' lang='lat' dir='ltr'><strong>so</strong></span> 
     </span>
    </p>

    <p class='ocr_par' dir='ltr' id='par_1_10' title="bbox 135 3973 1683 4140">
     <span class='ocr_line' id='line_1_43' title="bbox 135 3973 1683 4064; baseline 0.001 -30"><span class='ocrx_word' id='word_1_501' title='bbox 135 3987 172 4044; x_wconf 87' lang='lat'><strong>31</strong></span> <span class='ocrx_word' id='word_1_502' title='bbox 246 3981 324 4035; x_wconf 83' lang='lat' dir='ltr'><strong>lours</strong></span> <span class='ocrx_word' id='word_1_503' title='bbox 345 3980 415 4035; x_wconf 88' lang='lat' dir='ltr'><strong>libro</strong></span> <span class='ocrx_word' id='word_1_504' title='bbox 438 3979 569 4050; x_wconf 84' lang='lat' dir='ltr'><strong>siugulari</strong></span> <span class='ocrx_word' id='word_1_505' title='bbox 592 3979 627 4034; x_wconf 90' lang='lat' dir='ltr'><strong>de</strong></span> <span class='ocrx_word' id='word_1_506' title='bbox 649 3978 883 4049; x_wconf 70' lang='lat' dir='ltr'><strong>ambiguitatibus.</strong></span> <span class='ocrx_word' id='word_1_507' title='bbox 924 3980 957 4034; x_wconf 90' lang='lat' dir='ltr'><strong>lu</strong></span> <span class='ocrx_word' id='word_1_508' title='bbox 980 3979 1174 4036; x_wconf 85' lang='lat' dir='ltr'><strong>substitutIone</strong></span> <span class='ocrx_word' id='word_1_509' title='bbox 1197 3978 1253 4036; x_wconf 87' lang='lat' dir='ltr'><strong>filio</strong></span> <span class='ocrx_word' id='word_1_510' title='bbox 1279 3980 1320 4036; x_wconf 89' lang='lat' dir='ltr'><strong>ita</strong></span> <span class='ocrx_word' id='word_1_511' title='bbox 1342 3977 1427 4036; x_wconf 84' lang='lat' dir='ltr'><strong>iactu:</strong></span> <span class='ocrx_word' id='word_1_512' title='bbox 1453 3973 1628 4064; x_wconf 56' lang='lat' dir='ltr'><strong>Q</strong></span> <span class='ocrx_word' id='word_1_513' title='bbox 1662 3985 1683 4042; x_wconf 77' lang='lat' dir='ltr'><strong>s</strong></span> 
     </span>
     <span class='ocr_line' id='line_1_44' title="bbox 194 4066 1629 4140; baseline 0 -15"><span class='ocrx_word' id='word_1_514' title='bbox 194 4069 324 4140; x_wconf 88' lang='lat' dir='ltr'><strong>&#39;quisquis</strong></span> <span class='ocrx_word' id='word_1_515' title='bbox 343 4067 409 4124; x_wconf 91' lang='lat' dir='ltr'><strong>mihi</strong></span> <span class='ocrx_word' id='word_1_516' title='bbox 427 4083 462 4124; x_wconf 83' lang='lat' dir='ltr'><strong>ex</strong></span> <span class='ocrx_word' id='word_1_517' title='bbox 480 4083 563 4139; x_wconf 89' lang='lat' dir='ltr'><strong>suprs</strong></span> <span class='ocrx_word' id='word_1_518' title='bbox 581 4068 690 4138; x_wconf 87' lang='lat' dir='ltr'><strong>scriptis</strong></span> <span class='ocrx_word' id='word_1_519' title='bbox 708 4066 787 4124; x_wconf 90' lang='lat' dir='ltr'><strong>heres</strong></span> <span class='ocrx_word' id='word_1_520' title='bbox 805 4068 865 4138; x_wconf 90' lang='lat' dir='ltr'><strong>erit,</strong></span> <span class='ocrx_word' id='word_1_521' title='bbox 883 4067 956 4124; x_wconf 90' lang='lat' dir='ltr'><strong>idem</strong></span> <span class='ocrx_word' id='word_1_522' title='bbox 974 4067 1030 4125; x_wconf 80' lang='lat' dir='ltr'><strong>fido</strong></span> <span class='ocrx_word' id='word_1_523' title='bbox 1049 4068 1128 4126; x_wconf 89' lang='lat' dir='ltr'><strong>heres</strong></span> <span class='ocrx_word' id='word_1_524' title='bbox 1146 4067 1223 4140; x_wconf 85' lang='lat' dir='ltr'><strong>esto&#39;,</strong></span> <span class='ocrx_word' id='word_1_525' title='bbox 1241 4069 1389 4140; x_wconf 73' lang='lat' dir='ltr'><strong>quaeritur,</strong></span> <span class='ocrx_word' id='word_1_526' title='bbox 1408 4069 1531 4140; x_wconf 90' lang='lat' dir='ltr'><strong>quisquis</strong></span> <span class='ocrx_word' id='word_1_527' title='bbox 1549 4069 1629 4125; x_wconf 89' lang='lat' dir='ltr'><strong>heres</strong></span> 
     </span>
    </p>
   </div>
   <div class='ocr_carea' id='block_1_4' title="bbox 191 4175 413 4245">
    <p class='ocr_par' dir='ltr' id='par_1_11' title="bbox 191 4175 413 4245">
     <span class='ocr_line' id='line_1_45' title="bbox 191 4175 413 4245; baseline 0 -15"><span class='ocrx_word' id='word_1_528' title='bbox 191 4175 413 4245; x_wconf 64' lang='lat' dir='ltr'><strong>qwoosro)</strong></span> 
     </span>
    </p>
   </div>
   <div class='ocr_carea' id='block_1_5' title="bbox 192 4325 1628 4472">
    <p class='ocr_par' dir='ltr' id='par_1_12' title="bbox 192 4325 1628 4472">
     <span class='ocr_line' id='line_1_46' title="bbox 194 4325 1628 4403; baseline 0.001 -21"><span class='ocrx_word' id='word_1_529' title='bbox 194 4331 202 4364; x_wconf 91' lang='lat'>¹</span> <span class='ocrx_word' id='word_1_530' title='bbox 213 4331 325 4403; x_wconf 62' lang='grc' dir='ltr'><strong>,ήηιιαηι</strong></span> <span class='ocrx_word' id='word_1_531' title='bbox 345 4327 441 4384; x_wconf 73' lang='lat' dir='ltr'><strong>Gracci</strong></span> <span class='ocrx_word' id='word_1_532' title='bbox 459 4331 494 4392; x_wconf 83' lang='lat' dir='ltr'><strong>(o.</strong></span> <span class='ocrx_word' id='word_1_533' title='bbox 509 4330 552 4395; x_wconf 76' lang='lat' dir='ltr'><strong>i.):</strong></span> <span class='ocrx_word' id='word_1_534' title='bbox 570 4326 629 4382; x_wconf 89' lang='lat' dir='ltr'><strong>eius</strong></span> <span class='ocrx_word' id='word_1_535' title='bbox 648 4334 696 4382; x_wconf 77' lang='lat' dir='ltr'><strong>tur.</strong></span> <span class='ocrx_word' id='word_1_536' title='bbox 730 4326 845 4382; x_wconf 86' lang='lat' dir='ltr'><strong>·¹qu0</strong></span> <span class='ocrx_word' id='word_1_537' title='bbox 862 4331 941 4397; x_wconf 87' lang='lat' dir='ltr'><strong>patre</strong></span> <span class='ocrx_word' id='word_1_538' title='bbox 959 4328 1007 4383; x_wconf 81' lang='lat' dir='ltr'><strong>det</strong></span> <span class='ocrx_word' id='word_1_539' title='bbox 1025 4328 1073 4394; x_wconf 80' lang='grc' dir='ltr'><strong>(Δ.</strong></span> <span class='ocrx_word' id='word_1_540' title='bbox 1086 4329 1179 4396; x_wconf 76' lang='lat' dir='ltr'><strong>Faber)</strong></span> <span class='ocrx_word' id='word_1_541' title='bbox 1234 4329 1329 4384; x_wconf 85' lang='lat' dir='ltr'><strong>⁸mox</strong></span> <span class='ocrx_word' id='word_1_542' title='bbox 1346 4325 1426 4398; x_wconf 81' lang='lat' dir='ltr'><strong>ilios]</strong></span> <span class='ocrx_word' id='word_1_543' title='bbox 1446 4330 1512 4385; x_wconf 75' lang='lat' dir='ltr'><strong>idem</strong></span> <span class='ocrx_word' id='word_1_544' title='bbox 1532 4326 1628 4384; x_wconf 61' lang='lat' dir='ltr'><strong>&amp;neos</strong></span> 
     </span>
     <span class='ocr_line' id='line_1_47' title="bbox 192 4398 1088 4472; baseline 0 -18"><span class='ocrx_word' id='word_1_545' title='bbox 192 4403 226 4468; x_wconf 84' lang='lat' dir='ltr'><strong>(o.</strong></span> <span class='ocrx_word' id='word_1_546' title='bbox 239 4405 282 4468; x_wconf 82' lang='grc' dir='ltr'>ι·.);</span> <span class='ocrx_word' id='word_1_547' title='bbox 301 4405 365 4469; x_wconf 93' lang='lat' dir='ltr'><strong>post</strong></span> <span class='ocrx_word' id='word_1_548' title='bbox 381 4399 485 4455; x_wconf 78' lang='lat' dir='ltr'><strong>filium?</strong></span> <span class='ocrx_word' id='word_1_549' title='bbox 556 4401 621 4454; x_wconf 76' lang='lat' dir='ltr'><strong>‘ex</strong></span> <span class='ocrx_word' id='word_1_550' title='bbox 638 4398 745 4468; x_wconf 78' lang='lat' dir='ltr'><strong>quarto]</strong></span> <span class='ocrx_word' id='word_1_551' title='bbox 765 4403 909 4468; x_wconf 89' lang='lat' dir='ltr'><strong>praeterea</strong></span> <span class='ocrx_word' id='word_1_552' title='bbox 927 4399 1088 4472; x_wconf 73' lang='lat' dir='ltr'><strong>(Krusysrti</strong></span> 
     </span>
    </p>
   </div>
   <div class='ocr_carea' id='block_1_6' title="bbox 503 4499 617 4508">
    <p class='ocr_par' dir='ltr' id='par_1_13' title="bbox 503 4499 617 4508">
     <span class='ocr_line' id='line_1_48' title="bbox 503 4499 617 4508; baseline -0.018 0"><span class='ocrx_word' id='word_1_553' title='bbox 503 4499 617 4508; x_wconf 76' lang='lat'><strong>..—</strong></span> 
     </span>
    </p>
   </div>
   <div class='ocr_carea' id='block_1_7' title="bbox 190 4547 1627 5120">
    <p class='ocr_par' dir='ltr' id='par_1_14' title="bbox 190 4547 1627 5052">
     <span class='ocr_line' id='line_1_49' title="bbox 193 4547 1627 4622; baseline -0.001 -15"><span class='ocrx_word' id='word_1_554' title='bbox 193 4551 398 4608; x_wconf 87' lang='lat' dir='ltr'><strong>luucia‘s&#39;scr.</strong></span> <span class='ocrx_word' id='word_1_555' title='bbox 417 4552 455 4603; x_wconf 67' lang='grc' dir='ltr'><em>Ρ</em></span> <span class='ocrx_word' id='word_1_556' title='bbox 499 4547 726 4619; x_wconf 72' lang='grc' dir='ltr'><strong>2οιρτέ“οιευω</strong></span> <span class='ocrx_word' id='word_1_557' title='bbox 740 4549 777 4604; x_wconf 64' lang='lat' dir='ltr'><strong>F*</strong></span> <span class='ocrx_word' id='word_1_558' title='bbox 823 4549 881 4606; x_wconf 82' lang='lat' dir='ltr'><strong>isi</strong></span> <span class='ocrx_word' id='word_1_559' title='bbox 935 4551 1078 4608; x_wconf 90' lang='lat' dir='ltr'><strong>commode</strong></span> <span class='ocrx_word' id='word_1_560' title='bbox 1100 4552 1148 4608; x_wconf 75' lang='lat' dir='ltr'><strong>FP</strong></span> <span class='ocrx_word' id='word_1_561' title='bbox 1200 4551 1235 4608; x_wconf 76' lang='lat'><strong>25</strong></span> <span class='ocrx_word' id='word_1_562' title='bbox 1253 4550 1403 4622; x_wconf 65' lang='lat' dir='ltr'><strong>odgoumn</strong></span> <span class='ocrx_word' id='word_1_563' title='bbox 1417 4549 1427 4622; x_wconf 74' lang='grc'><strong>11</strong></span> <span class='ocrx_word' id='word_1_564' title='bbox 1438 4551 1566 4622; x_wconf 68' lang='lat' dir='ltr'><strong>&#39;mmm’</strong></span> <span class='ocrx_word' id='word_1_565' title='bbox 1589 4553 1627 4618; x_wconf 76' lang='lat' dir='ltr'><strong>(ts</strong></span> 
     </span>
     <span class='ocr_line' id='line_1_50' title="bbox 191 4619 1626 4708; baseline 0.002 -32"><span class='ocrx_word' id='word_1_566' title='bbox 191 4627 269 4707; x_wconf 72' lang='lat' dir='ltr'><strong>pater</strong></span> <span class='ocrx_word' id='word_1_567' title='bbox 286 4621 370 4677; x_wconf 86' lang='lat' dir='ltr'><strong>filium</strong></span> <span class='ocrx_word' id='word_1_568' title='bbox 435 4623 552 4706; x_wconf 68' lang='lat' dir='ltr'><strong>Suetus</strong></span> <span class='ocrx_word' id='word_1_569' title='bbox 570 4621 630 4706; x_wconf 82' lang='lat' dir='ltr'><strong>erit]</strong></span> <span class='ocrx_word' id='word_1_570' title='bbox 648 4619 695 4706; x_wconf 62' lang='lat' dir='ltr'><strong>tte</strong></span> <span class='ocrx_word' id='word_1_571' title='bbox 716 4621 880 4692; x_wconf 69' lang='lat' dir='ltr'><strong>suspensione</strong></span> <span class='ocrx_word' id='word_1_572' title='bbox 934 4631 1045 4680; x_wconf 62' lang='lat' dir='ltr'><strong>beneito</strong></span> <span class='ocrx_word' id='word_1_573' title='bbox 1064 4625 1238 4708; x_wconf 68' lang='lat' dir='ltr'><strong>opapiuood</strong></span> <span class='ocrx_word' id='word_1_574' title='bbox 1247 4631 1383 4696; x_wconf 70' lang='lat' dir='ltr'><strong>papium)</strong></span> <span class='ocrx_word' id='word_1_575' title='bbox 1402 4623 1438 4676; x_wconf 72' lang='lat' dir='ltr'><strong>F²</strong></span> <span class='ocrx_word' id='word_1_576' title='bbox 1491 4625 1525 4679; x_wconf 80' lang='lat'><strong>27</strong></span> <span class='ocrx_word' id='word_1_577' title='bbox 1543 4623 1626 4694; x_wconf 79' lang='lat' dir='ltr'><strong>sipa-</strong></span> 
     </span>
     <span class='ocr_line' id='line_1_51' title="bbox 192 4693 1626 4768; baseline 0.003 -22"><span class='ocrx_word' id='word_1_578' title='bbox 192 4711 289 4764; x_wconf 74' lang='lat' dir='ltr'><strong>rpapec</strong></span> <span class='ocrx_word' id='word_1_579' title='bbox 311 4695 359 4748; x_wconf 76' lang='grc' dir='ltr'><strong>τόκ</strong></span> <span class='ocrx_word' id='word_1_580' title='bbox 388 4693 486 4747; x_wconf 76' lang='lat' dir='ltr'><strong>iustos</strong></span> <span class='ocrx_word' id='word_1_581' title='bbox 515 4711 565 4756; x_wconf 75' lang='lat' dir='ltr'><strong>uoq</strong></span> <span class='ocrx_word' id='word_1_582' title='bbox 593 4693 650 4756; x_wconf 70' lang='lat' dir='ltr'><strong>stou</strong></span> <span class='ocrx_word' id='word_1_583' title='bbox 677 4693 880 4754; x_wconf 70' lang='lat' dir='ltr'><strong>monasterirum</strong></span> <span class='ocrx_word' id='word_1_584' title='bbox 934 4699 977 4750; x_wconf 85' lang='lat' dir='ltr'><strong>ter</strong></span> <span class='ocrx_word' id='word_1_585' title='bbox 994 4715 1021 4750; x_wconf 84' lang='lat' dir='ltr'><strong>re</strong></span> <span class='ocrx_word' id='word_1_586' title='bbox 1040 4696 1057 4766; x_wconf 95' lang='lat'><strong>.]</strong></span> <span class='ocrx_word' id='word_1_587' title='bbox 1075 4694 1121 4750; x_wconf 67' lang='lat' dir='ltr'><strong>ssu</strong></span> <span class='ocrx_word' id='word_1_588' title='bbox 1141 4694 1156 4750; x_wconf 82' lang='lat' dir='ltr'><strong>b</strong></span> <span class='ocrx_word' id='word_1_589' title='bbox 1173 4693 1239 4750; x_wconf 72' lang='lat' dir='ltr'><strong>surh</strong></span> <span class='ocrx_word' id='word_1_590' title='bbox 1277 4695 1364 4766; x_wconf 65' lang='grc' dir='ltr'>ληφθῇ</span> <span class='ocrx_word' id='word_1_591' title='bbox 1384 4696 1422 4749; x_wconf 79' lang='lat' dir='ltr'><strong>sei</strong></span> <span class='ocrx_word' id='word_1_592' title='bbox 1441 4693 1626 4768; x_wconf 70' lang='lat' dir='ltr'><strong>uupexpr&#39;suab</strong></span> 
     </span>
     <span class='ocr_line' id='line_1_52' title="bbox 192 4715 1627 4839; baseline 0.004 -23"><span class='ocrx_word' id='word_1_593' title='bbox 192 4763 263 4832; x_wconf 69' lang='grc' dir='ltr'>Α’γτῷ</span> <span class='ocrx_word' id='word_1_594' title='bbox 281 4765 329 4819; x_wconf 82' lang='lat' dir='ltr'><strong>rhu</strong></span> <span class='ocrx_word' id='word_1_595' title='bbox 348 4765 412 4819; x_wconf 78' lang='lat' dir='ltr'><strong>ueri</strong></span> <span class='ocrx_word' id='word_1_596' title='bbox 430 4765 544 4819; x_wconf 69' lang='lat' dir='ltr'><strong>siseres</strong></span> <span class='ocrx_word' id='word_1_597' title='bbox 563 4783 615 4827; x_wconf 69' lang='lat' dir='ltr'><strong>uoq</strong></span> <span class='ocrx_word' id='word_1_598' title='bbox 631 4765 786 4820; x_wconf 77' lang='lat' dir='ltr'><strong>rrsrbussbe</strong></span> <span class='ocrx_word' id='word_1_599' title='bbox 799 4765 882 4819; x_wconf 78' lang='lat' dir='ltr'><strong>aorB</strong></span> <span class='ocrx_word' id='word_1_600' title='bbox 936 4767 993 4830; x_wconf 73' lang='grc' dir='ltr'><strong>γῑὸε</strong></span> <span class='ocrx_word' id='word_1_601' title='bbox 1016 4716 1042 4821; x_wconf 58' lang='grc' dir='ltr'><em>ἓ</em></span> <span class='ocrx_word' id='word_1_602' title='bbox 1067 4767 1178 4839; x_wconf 80' lang='lat' dir='ltr'><strong>(Tipoc.)</strong></span> <span class='ocrx_word' id='word_1_603' title='bbox 1232 4715 1268 4821; x_wconf 46' lang='lat'><strong>32</strong></span> <span class='ocrx_word' id='word_1_604' title='bbox 1290 4765 1401 4821; x_wconf 76' lang='lat' dir='ltr'><strong>dissidia</strong></span> <span class='ocrx_word' id='word_1_605' title='bbox 1424 4771 1453 4820; x_wconf 86' lang='lat' dir='ltr'><strong>et</strong></span> <span class='ocrx_word' id='word_1_606' title='bbox 1475 4774 1573 4836; x_wconf 84' lang='lat' dir='ltr'><strong>quarta</strong></span> <span class='ocrx_word' id='word_1_607' title='bbox 1591 4768 1627 4822; x_wconf 88' lang='lat' dir='ltr'><strong>&#39;et</strong></span> 
     </span>
     <span class='ocr_line' id='line_1_53' title="bbox 191 4834 1625 4908; baseline 0.003 -19"><span class='ocrx_word' id='word_1_608' title='bbox 191 4836 304 4906; x_wconf 77' lang='grc' dir='ltr'><strong>(Τι’ρυο.)</strong></span> <span class='ocrx_word' id='word_1_609' title='bbox 358 4837 591 4892; x_wconf 85' lang='lat' dir='ltr'><strong>9testementum</strong></span> <span class='ocrx_word' id='word_1_610' title='bbox 607 4834 686 4890; x_wconf 87' lang='lat' dir='ltr'><strong>&#39;uiuo’</strong></span> <span class='ocrx_word' id='word_1_611' title='bbox 700 4837 757 4902; x_wconf 89' lang='lat' dir='ltr'><strong>(niu</strong></span> <span class='ocrx_word' id='word_1_612' title='bbox 776 4839 822 4891; x_wconf 77' lang='lat' dir='ltr'><strong>det</strong></span> <span class='ocrx_word' id='word_1_613' title='bbox 837 4837 881 4900; x_wconf 58' lang='lat' dir='ltr'><strong>Fi,</strong></span> <span class='ocrx_word' id='word_1_614' title='bbox 935 4839 1056 4908; x_wconf 87' lang='lat' dir='ltr'><strong>quietum</strong></span> <span class='ocrx_word' id='word_1_615' title='bbox 1076 4853 1112 4892; x_wconf 85' lang='lat' dir='ltr'><strong>ex</strong></span> <span class='ocrx_word' id='word_1_616' title='bbox 1128 4843 1206 4908; x_wconf 89' lang='lat' dir='ltr'><strong>purte</strong></span> <span class='ocrx_word' id='word_1_617' title='bbox 1224 4836 1337 4893; x_wconf 90' lang='lat' dir='ltr'><strong>dimidia</strong></span> <span class='ocrx_word' id='word_1_618' title='bbox 1355 4843 1383 4892; x_wconf 87' lang='lat' dir='ltr'><strong>et</strong></span> <span class='ocrx_word' id='word_1_619' title='bbox 1397 4845 1495 4906; x_wconf 84' lang='lat' dir='ltr'><strong>quarta</strong></span> <span class='ocrx_word' id='word_1_620' title='bbox 1507 4838 1625 4894; x_wconf 88' lang='lat' dir='ltr'><strong>dimidia&#39;</strong></span> 
     </span>
     <span class='ocr_line' id='line_1_54' title="bbox 191 4907 1625 4982; baseline 0.004 -20"><span class='ocrx_word' id='word_1_621' title='bbox 191 4909 274 4962; x_wconf 77' lang='lat' dir='ltr'><strong>odet</strong></span> <span class='ocrx_word' id='word_1_622' title='bbox 290 4909 338 4976; x_wconf 80' lang='lat' dir='ltr'><strong>F’)</strong></span> <span class='ocrx_word' id='word_1_623' title='bbox 355 4923 444 4978; x_wconf 90' lang='lat' dir='ltr'><strong>rump.</strong></span> <span class='ocrx_word' id='word_1_624' title='bbox 463 4909 508 4976; x_wconf 72' lang='lat' dir='ltr'><strong>Fi</strong></span> <span class='ocrx_word' id='word_1_625' title='bbox 528 4907 602 4977; x_wconf 91' lang='lat' dir='ltr'><strong>post]</strong></span> <span class='ocrx_word' id='word_1_626' title='bbox 623 4911 695 4962; x_wconf 91' lang='lat' dir='ltr'><strong>most</strong></span> <span class='ocrx_word' id='word_1_627' title='bbox 712 4909 747 4962; x_wconf 62' lang='lat' dir='ltr'><strong>F*</strong></span> <span class='ocrx_word' id='word_1_628' title='bbox 769 4909 773 4976; x_wconf 93' lang='grc' dir='ltr'>Ι</span> <span class='ocrx_word' id='word_1_629' title='bbox 793 4908 881 4978; x_wconf 88' lang='lat' dir='ltr'><strong>patre]</strong></span> <span class='ocrx_word' id='word_1_630' title='bbox 935 4909 1063 4965; x_wconf 91' lang='lat' dir='ltr'><strong>heredem</strong></span> <span class='ocrx_word' id='word_1_631' title='bbox 1082 4910 1201 4966; x_wconf 84' lang='lat' dir='ltr'><strong>Instituit</strong></span> <span class='ocrx_word' id='word_1_632' title='bbox 1216 4909 1253 4963; x_wconf 63' lang='lat' dir='ltr'><strong>F*</strong></span> <span class='ocrx_word' id='word_1_633' title='bbox 1297 4911 1331 4964; x_wconf 79' lang='lat' dir='ltr'><strong>er</strong></span> <span class='ocrx_word' id='word_1_634' title='bbox 1350 4923 1394 4964; x_wconf 89' lang='lat' dir='ltr'><strong>res</strong></span> <span class='ocrx_word' id='word_1_635' title='bbox 1414 4910 1487 4982; x_wconf 82' lang='lat' dir='ltr'><strong>oudi]</strong></span> <span class='ocrx_word' id='word_1_636' title='bbox 1507 4913 1551 4980; x_wconf 66' lang='grc' dir='ltr'><strong>Ρ,</strong></span> <span class='ocrx_word' id='word_1_637' title='bbox 1569 4927 1625 4968; x_wconf 89' lang='lat' dir='ltr'><strong>res·</strong></span> 
     </span>
     <span class='ocr_line' id='line_1_55' title="bbox 190 4977 1417 5052; baseline 0.002 -20"><span class='ocrx_word' id='word_1_638' title='bbox 190 4981 269 5048; x_wconf 84' lang='lat' dir='ltr'><strong>puter</strong></span> <span class='ocrx_word' id='word_1_639' title='bbox 286 4979 322 5032; x_wconf 85' lang='lat' dir='ltr'><strong>F¹</strong></span> <span class='ocrx_word' id='word_1_640' title='bbox 375 4981 408 5034; x_wconf 88' lang='lat'><strong>15</strong></span> <span class='ocrx_word' id='word_1_641' title='bbox 426 4977 610 5034; x_wconf 70' lang='lat' dir='ltr'><strong>hereditates⁴</strong></span> <span class='ocrx_word' id='word_1_642' title='bbox 624 4979 663 5031; x_wconf 77' lang='lat' dir='ltr'><strong>F²</strong></span> <span class='ocrx_word' id='word_1_643' title='bbox 716 4979 751 5034; x_wconf 72' lang='lat'><strong>20</strong></span> <span class='ocrx_word' id='word_1_644' title='bbox 770 4994 824 5037; x_wconf 88' lang='lat' dir='ltr'><strong>noo</strong></span> <span class='ocrx_word' id='word_1_645' title='bbox 841 4981 882 5036; x_wconf 91' lang='lat' dir='ltr'><strong>iu·</strong></span> <span class='ocrx_word' id='word_1_646' title='bbox 934 4981 1032 5052; x_wconf 92' lang='lat' dir='ltr'><strong>pondit</strong></span> <span class='ocrx_word' id='word_1_647' title='bbox 1049 4982 1087 5035; x_wconf 58' lang='grc' dir='ltr'><strong>Γ)</strong></span> <span class='ocrx_word' id='word_1_648' title='bbox 1102 4983 1107 5050; x_wconf 73' lang='lat' dir='ltr'><strong>i</strong></span> <span class='ocrx_word' id='word_1_649' title='bbox 1122 4983 1208 5052; x_wconf 84' lang='lat' dir='ltr'><strong>patris</strong></span> <span class='ocrx_word' id='word_1_650' title='bbox 1225 4979 1360 5038; x_wconf 67' lang='lat' dir='ltr'><strong>familias*</strong></span> <span class='ocrx_word' id='word_1_651' title='bbox 1404 4981 1417 5018; x_wconf 75' lang='lat'><strong><em>³</em></strong></span> 
     </span>
    </p>

    <p class='ocr_par' dir='ltr' id='par_1_15' title="bbox 190 5049 1446 5120">
     <span class='ocr_line' id='line_1_56' title="bbox 190 5049 1446 5120; baseline 0.005 -15"><span class='ocrx_word' id='word_1_652' title='bbox 190 5051 342 5120; x_wconf 89' lang='lat' dir='ltr'><strong>commodo]</strong></span> <span class='ocrx_word' id='word_1_653' title='bbox 358 5049 487 5116; x_wconf 68' lang='lat' dir='ltr'><strong>wude,</strong></span> <span class='ocrx_word' id='word_1_654' title='bbox 505 5065 559 5106; x_wconf 88' lang='lat' dir='ltr'><strong>uuu</strong></span> <span class='ocrx_word' id='word_1_655' title='bbox 576 5051 749 5107; x_wconf 84' lang='lat' dir='ltr'><strong>iscomodum</strong></span> <span class='ocrx_word' id='word_1_656' title='bbox 767 5053 806 5118; x_wconf 81' lang='lat' dir='ltr'><strong>E,</strong></span> <span class='ocrx_word' id='word_1_657' title='bbox 827 5068 882 5112; x_wconf 90' lang='lat' dir='ltr'><strong>uon</strong></span> <span class='ocrx_word' id='word_1_658' title='bbox 1444 5077 1446 5082; x_wconf 95' lang='lat'>·</span> 
     </span>
    </p>
   </div>
   <div class='ocr_carea' id='block_1_8' title="bbox 0 0 1910 5598">
    <p class='ocr_par' dir='ltr' id='par_1_16' title="bbox 0 0 1910 5598">
     <span class='ocr_line' id='line_1_57' title="bbox 0 0 1910 5598; baseline 0 3"><span class='ocrx_word' id='word_1_659' title='bbox 0 0 1910 5598; x_wconf 95' lang='lat' dir='ltr'><strong> </strong></span> 
     </span>
    </p>
   </div>
  </div>
 </body>
</html>
