3696 5568
756 247 878 319 ml.

128 431 148 483 ir
161 429 203 482 ise
217 427 436 497 splendidissima
452 427 565 483 ciuitate
583 442 672 498 neque
691 427 719 482 in
737 426 940 498 Berytienaiom
959 425 1140 497 pulcherrimo
1157 426 1260 496 oppido
1278 441 1312 482 ex
1331 427 1387 494 his,
1406 427 1453 495 qui
1472 426 1539 496 legi·

127 519 178 572 dns
191 523 320 588 peragunt
337 516 439 588 studia,
458 517 585 586 indignos
604 521 633 571 et
649 515 795 586 pessimos,
814 516 898 571 immo
916 515 1005 586 magis
1016 516 1131 570 sensiles
1143 520 1171 570 et
1183 529 1299 584 quorum
1312 515 1427 571 effeetus
1441 515 1539 570 iniuria

126 606 244 662 ellados
266 621 396 662 exarsere
417 611 446 662 et
468 605 522 662 slis
544 605 658 660 erimina
680 605 727 660 uel
744 605 772 659 in
790 603 866 672 ipsos
883 603 1053 674 professores
1071 605 1116 660 uel
1134 605 1162 660 in
1182 605 1271 660 sooios
1290 618 1355 660 snos
1374 610 1402 660 et
1420 604 1538 660 maxime

125 697 211 765 neos,
226 697 271 764 qui
290 695 374 751 rudes
393 694 429 750 ad
447 695 635 752 recitationem
654 695 746 764 legum
764 692 937 764 perueniunt,
955 697 1123 764 perpetrare.
1154 694 1214 764 quis
1232 693 1304 748 enim
1322 693 1401 749 ludos
1421 693 1540 764 appellet

124 783 333 854 ess,s1qrribus
352 783 465 838 erimina
483 783 628 839 oriuntur?
653 782 706 838 boo
724 783 826 837 etenim
844 780 903 838 fieri
921 783 995 838 nullo
1013 783 1133 852 patimur
1151 782 1242 850 modo,
1261 782 1310 837 sed
1329 783 1433 852 optimo
1452 782 1539 838 ordini
1558 793 1572 834 s

123 873 245 928 unsaris
261 872 432 943 temporibus
450 877 479 928 et
497 871 567 926 hano
583 875 690 943 partem
709 870 844 926 tradimus
863 876 891 924 et
907 874 967 926 toto
985 875 1097 941 postero
1115 871 1325 927 transmittimus
1338 872 1456 940 saeculo,
1476 887 1539 926 oum

92 971 111 1016 ro
123 967 211 1032 oportet
224 963 300 1032 prins
318 962 440 1017 animas¹
459 964 488 1016 et
505 967 604 1031 postea
615 961 724 1030 linguas
738 958 797 1016 lieri
809 959 940 1015 eusditos.
967 960 1004 1015 Et
1021 960 1089 1016 haee
1107 961 1199 1015 omnia
1214 961 1242 1014 in
1254 949 1306 1016 had
1318 959 1429 1031 quidem
1441 959 1538 1016 floren·

123 1052 207 1106 issima
227 1051 341 1106 ciuitate
364 1051 408 1106 nir
429 1049 554 1105 essebur
571 1047 729 1121 praelautus
747 1048 828 1104 huius
846 1048 935 1105 almam
953 1048 1029 1105 urbis
1047 1055 1103 1104 tam
1123 1048 1271 1105 obseruare
1289 1065 1371 1120 quam
1390 1049 1538 1120 uindicare,

122 1144 186 1209 prout
201 1138 291 1194 delicti
309 1143 365 1194 tarn
384 1139 515 1194 iuuenum
532 1153 615 1208 qnam
635 1139 798 1208 scriptorum
817 1139 936 1208 qualitas
954 1138 1085 1207 exegerit,
1105 1153 1186 1194 aurae
1205 1137 1331 1194 babebit:
1349 1139 1377 1194 in
1396 1139 1538 1210 Berytien·

121 1231 176 1282 rium
200 1233 287 1284 autem
315 1228 427 1283 oiuiiate
450 1233 507 1282 tam
531 1228 574 1283 uir
596 1227 763 1284 elatissimns
788 1243 899 1298 praeses
922 1227 1057 1282 Poenicae
1081 1227 1233 1282 maritimas
1256 1243 1338 1297 quam
1363 1225 1539 1284 beatissimus
1559 1238 1587 1278 ro

90 1330 106 1372 11
121 1317 222 1372 eiusdem
240 1317 363 1373 ciuitatis
380 1317 527 1387 episeopus
545 1321 574 1371 et
591 1317 682 1387 legum
701 1315 880 1387 professores.
917 1315 1032 1386 lnoipite
1053 1317 1136 1386 igitur
1154 1317 1246 1386 legum
1265 1317 1416 1372 doctrinam
1436 1317 1476 1372 eis
1494 1317 1539 1372 dei

119 1405 297 1475 gubernatione
314 1405 423 1462 tradere
441 1411 470 1461 et
487 1405 561 1461 uiam
580 1406 686 1476 aperire
705 1421 787 1476 quam
806 1421 857 1462 nos
875 1405 1043 1474 insanimus,
1063 1409 1199 1474 quatenus
1217 1403 1284 1460 fiant
1303 1405 1398 1476 optimi
1418 1405 1539 1461 iustitiae

120 1501 140 1548 et
158 1495 192 1550 rei
211 1495 337 1566 publicae
360 1495 478 1551 ministri
496 1499 525 1550 et
543 1510 594 1550 uos
613 1495 761 1560 maximum
781 1495 866 1551 deone
884 1495 912 1550 in
930 1509 1011 1550 omne
1029 1494 1168 1549 saeculum
1188 1500 1331 1564 sequatur:
1356 1495 1421 1564 quia
1439 1496 1539 1550 uestris

118 1584 266 1654 temporibus
284 1585 347 1640 talis
365 1585 457 1655 legum
475 1583 589 1640 inuenta
607 1590 651 1639 est
667 1585 849 1654 permutatio,
873 1583 980 1654 qualem
1003 1587 1031 1638 et
1049 1583 1123 1653 apud
1141 1583 1308 1640 Homerum¹
1326 1589 1431 1655 patrem
1450 1585 1539 1641 omnis

118 1673 210 1728 nands
228 1675 350 1730 Ghnons
367 1677 397 1729 et
414 1673 564 1730 Diomedes
581 1673 652 1728 inter
670 1685 701 1728 ae
718 1672 824 1730 laniunt
840 1671 983 1728 dissimilia
1000 1677 1202 1742 permutantes:
1559 1681 1587 1724 re

506 1761 601 1832 ibices
619 1764 755 1833 pelusiotes,
775 1761 946 1817 'exarsisset’
964 1759 1136 1816 eussadoitoss.

118 1865 174 1919 qnae
190 1851 280 1906 omnia
297 1851 421 1922 optinere
439 1853 580 1908 saneimus
597 1853 625 1908 in
643 1868 722 1909 omns
739 1867 848 1920 aeuum
867 1849 903 1906 ab
921 1848 1049 1907 omnibus
1067 1854 1123 1904 tam
1136 1847 1338 1920 professoribus
1350 1867 1431 1921 quam
1445 1852 1537 1921 legum

118 1939 267 1995 auditonbus
291 1943 320 1996 et
343 1938 460 1996 librariis
484 1945 512 1996 et
535 1941 601 2012 ipsis
623 1947 652 1997 et
669 1939 806 1996 iuditibus
829 1939 1011 1997 obseruanda
1048 1939 1122 1994 Data
1142 1939 1386 2009 septimodecimo
1405 1939 1539 1996 kalendas

117 2027 237 2085 Ieremias
255 2029 494 2102 Comtantinopoli
512 2029 624 2086 domino
642 2036 736 2086 noatm
755 2030 906 2086 Iustiniano
923 2033 1057 2100 perpetuo
1076 2027 1204 2098 Augusto
1222 2033 1265 2084 ter
1282 2029 1394 2084 oonsnle
1400 2031 1420 2083 ⁴.
1556 2034 1573 2082 t.
1585 2030 1621 2083 15'
1633 2042 1706 2083 sacar

117 2144 181 2213 HG)

117 2311 252 2369 ¹tnimos't’
322 2313 487 2379 ¹1t6‚236
558 2313 736 2369 'iseronem'
759 2313 888 2368 Homerus
958 2314 1056 2368 ⁴onrro
1072 2333 1099 2382 p.
1114 2314 1176 2370 Uitr.
1189 2313 1242 2368 533
1261 2313 1326 2369 Dec.
1340 2313 1374 2369 16

116 2481 390 2550 lrpendidissimal'l
405 2481 652 2552 qni's'legiiimai'
699 2484 789 2552 2pes·
845 2483 879 2536 13
897 2497 996 2537 omnae
1014 2483 1137 2537 monium
1157 2483 1182 2534 F
1240 2483 1273 2537 te
1294 2482 1404 2538 elautus
1425 2482 1464 2549 Fi
1480 2481 1538 2536 dio

115 2553 247 2608 nnds⁴F³
262 2557 267 2619 Ι
283 2553 443 2624 seruile'gi's
456 2554 493 2608 β
537 2553 672 2626 tqnisls,
690 2552 796 2624 quidF
844 2552 947 2622 medes]
967 2553 1086 2610 domidis
1107 2555 1162 2620 ΡῚΙ
1183 2568 1213 2608 se
1231 2555 1291 2608 odd.
1305 2554 1343 2608 Fi
1398 2555 1431 2609 li
1450 2553 1538 2609 sanei-

115 2623 286 2692 thoolool’i
303 2625 394 2680 sati*
411 2629 416 2692 Ι
431 2625 632 2696 optimodiniF
673 2627 789 2681 titrans·
845 2625 914 2692 mus]
926 2625 971 2689 F',
980 2625 1118 2680 sensimus
1130 2626 1164 2677 F¹
1181 2627 1186 2692 Ι
1202 2627 1402 2680 omnaeuumF
1434 2627 1467 2680 18
1477 2640 1538 2696 sep·

115 2695 246 2752 mittiturns
265 2697 310 2761 Ρ,
328 2697 571 2752 transmittitumus
590 2697 627 2750 Ρ
679 2695 790 2752 9iube-
844 2695 1030 2752 timodeoimo
1045 2695 1179 2752 kdsndas
1194 2696 1332 2752 ianuarias
1345 2698 1402 2761 ΙΨ,
1420 2697 1538 2768 septimo

114 2781 166 2822 ann
194 2769 218 2821 F
296 2768 331 2824 10
361 2773 453 2824 antem
484 2769 536 2836 Fi
564 2768 722 2824 maritemae
752 2768 791 2820 F’
843 2767 950 2824 deoimo
969 2767 1096 2824 kalendis
1113 2768 1244 2824 ianuariis
1258 2769 1308 2821 p·-
