3766 5554
268 269 345 336 XXI
369 274 440 335 131
950 263 1037 343 612
1402 307 1407 324 1
1463 287 1511 332 nn
1533 283 1711 332 snomrcro

237 435 251 480 6
270 426 351 482 homo
369 427 413 481 sit.
442 425 518 479 Idem
537 425 576 479 ait
593 423 703 481 homine
722 430 828 480 mortuo
847 424 992 479 ueletiam
1011 424 1147 480 redhibito
1166 425 1289 493 singulos
1307 437 1356 494 pro
1376 424 1433 479 suis
1451 421 1621 494 portionibus
1634 426 1711 476 recte

270 530 360 584 agere.
388 514 506 583 pretium
524 520 616 569 autem
635 518 663 569 et
681 514 853 569 accessiones
872 529 921 582 pro
940 519 1018 584 parte
1036 514 1182 584 recipient:
1208 513 1257 568 sed
1275 519 1304 568 et
1323 512 1427 567 fructus
1446 511 1626 568 accessionis¹
1646 515 1675 564 et
1686 510 1711 564 si

270 619 324 673 quo
343 603 461 658 deterior
479 603 561 659 homo
581 602 670 659 factus
689 608 732 657 eet
750 619 799 672 pro
817 608 895 672 parte
913 601 1098 672 praestabitur
1116 602 1151 657 ah
1170 603 1246 673 ipsis,
1266 603 1318 657 nisi
1335 601 1405 656 sorte
1424 602 1478 656 tale
1493 602 1536 668 sit,
1555 599 1629 668 quod
1641 598 1711 654 diui·

270 693 374 747 sionem
393 709 447 747 non
465 693 588 762 recipiat,
608 698 639 746 ut
656 697 723 761 puta
742 693 856 746 ancillae
871 696 979 762 partus:
999 693 1027 746 in
1040 691 1091 747 hoc
1104 692 1175 745 enim
1189 690 1261 745 idern
1275 689 1439 745 seruandum
1452 695 1504 758 cst,
1522 688 1595 759 quod
1609 689 1636 744 iu
1649 689 1713 757 ipsa

237 789 252 836 7
271 787 356 836 matre
381 782 507 850 uendite,
532 798 613 851 quam
638 796 687 851 pro
706 787 782 850 parto
801 780 938 836 redhiberi
956 796 1038 851 posse
1056 781 1227 848 negauimus.
1264 780 1407 834 Marcellus
1426 793 1535 848 quoque
1554 777 1662 845 scribit,
1687 776 1745 831 sit

270 887 367 926 seruus
386 871 538 925 communis
557 887 665 925 seruum
686 871 782 926 emerit
800 883 828 924 ec
847 871 882 924 sit
899 870 928 925 in
946 885 1031 924 causa
1048 868 1251 936 redhibitionis,
1273 885 1357 924 unum
1376 884 1411 922 ex
1429 867 1546 922 dominis
1563 882 1614 936 pro
1632 869 1712 936 parte

271 974 322 1013 sua
339 958 481 1013 redhibere
500 975 610 1014 seruum
630 975 682 1014 non
701 955 795 1029 posse:
816 975 869 1014 non
888 959 985 1028 magis,
1005 959 1100 1028 inquit,
1119 974 1202 1027 qnam
1221 974 1283 1017 cum
1303 957 1418 1026 emptori
1433 957 1524 1025 plures
1537 955 1652 1009 heredes
1665 970 1711 1010 ex·

238 1059 252 1104 8
271 1050 399 1103 stiterunt
423 1064 474 1103 nec
497 1064 593 1103 ornnes
615 1049 650 1103 ad
670 1048 867 1104 redhibendum
887 1047 1070 1103 consentiunt.
1107 1047 1183 1102 ldem
1202 1048 1346 1102 Marcellus
1364 1047 1403 1100 ait
1420 1061 1476 1100 non
1493 1059 1575 1115 posse
1593 1045 1712 1099 alterum

271 1153 305 1192 ex
323 1137 440 1193 dominis
459 1138 590 1206 consequi
608 1139 716 1192 actione
735 1154 769 1192 ex
788 1141 893 1207 empto,
918 1143 949 1190 ιιι
967 1135 1020 1190 sibi
1037 1151 1087 1206 pro
1105 1142 1183 1206 parte
1202 1135 1330 1191 uenditor
1347 1135 1451 1204 tradat,
1476 1134 1500 1188 si
1518 1149 1567 1203 pro
1585 1134 1712 1203 portione

269 1227 387 1296 pretium
407 1225 497 1280 dabit:
517 1231 545 1281 et
563 1227 614 1281 hoc
633 1227 660 1282 in
679 1226 866 1296 emptoribue²
885 1227 988 1280 seruari
1005 1229 1130 1294 oportere
1144 1226 1195 1280 ait:
1215 1241 1278 1279 nam
1292 1224 1418 1278 uenditor
1430 1223 1552 1292 pignoris
1564 1223 1624 1277 loco
1636 1221 1713 1292 quod
1733 1231 1761 1271 ιο

238 1323 252 1368 9
270 1314 395 1370 uendidit
413 1315 519 1384 retinet,
538 1315 629 1384 quoad
648 1323 754 1385 emptor
772 1313 931 1370 satisfaciat.
958 1315 1126 1385 Pomponius
1145 1314 1192 1382 ait,
1211 1315 1234 1368 ei
1253 1329 1325 1368 unns
1343 1328 1378 1368 ex
1393 1311 1539 1367 heredibus
1551 1312 1595 1366 uel
1608 1309 1713 1365 familia

271 1404 330 1458 eius
356 1404 399 1458 uel
420 1409 580 1472 procurator
597 1406 678 1474 culpa
696 1405 741 1460 ucl
759 1405 822 1459 dolo
840 1403 936 1459 fecerit
953 1419 1011 1458 rem
1030 1403 1206 1472 deteriorem,
1232 1417 1350 1472 aequum
1368 1417 1429 1456 esse
1453 1402 1482 1456 in
1505 1399 1623 1456 solidum
1646 1415 1713 1456 eum

272 1492 357 1547 teneri
382 1491 493 1546 arbitrio
516 1491 629 1547 iudicis:
652 1493 704 1548 hoc
727 1499 819 1548 autem
840 1492 995 1563 expeditius
1014 1507 1090 1561 esse,
1115 1492 1138 1546 si
1156 1506 1251 1547 omnes
1269 1491 1385 1554 heredes
1403 1506 1486 1545 unum
1505 1494 1713 1560 procuratorem

271 1580 306 1636 ad
326 1581 463 1650 agendum
483 1580 626 1637 dederunt.
653 1586 719 1636 tunc
737 1588 765 1636 et
784 1584 808 1637 si
825 1598 879 1651 quo
898 1581 1017 1636 deterior
1035 1596 1132 1636 seruus
1151 1582 1232 1650 culpa
1249 1581 1330 1635 unius
1348 1579 1479 1634 heredum
1498 1578 1588 1635 factus
1606 1579 1712 1634 estet·

271 1669 323 1726 hoc
341 1670 460 1725 solutum
480 1676 530 1740 est,
552 1671 636 1726 ceteri
653 1668 772 1726 familiae
790 1671 986 1727 herciscundae
1004 1671 1134 1726 iudicium
1154 1670 1286 1725 aduersus
1305 1685 1368 1725 eum
1385 1668 1497 1738 habent,
1516 1669 1581 1738 quia
1598 1673 1713 1740 propter
1734 1676 1760 1717 ιι

224 1771 253 1817 10
271 1759 360 1829 ipsum
379 1759 509 1813 damnum
528 1761 649 1815 sentiunt
666 1759 904 1829 impediunturque
922 1760 1072 1816 redhibere.
1101 1759 1286 1815 Siuenditori
1303 1760 1395 1828 plures
1413 1757 1529 1812 heredes
1547 1757 1713 1828 exstiterint,

271 1848 386 1916 singulis
403 1863 453 1916 pro
471 1849 595 1917 portione
613 1848 779 1903 hereditaria
794 1850 896 1918 poterit
907 1865 1003 1904 seruus
1016 1849 1159 1904 redhiberi.
1179 1853 1208 1904 et
1219 1849 1243 1904 si
1255 1863 1352 1902 seruus
1365 1847 1482 1917 plurium
1494 1848 1618 1916 uenierit,
1636 1845 1713 1901 idom

271 1937 324 1990 erit
341 1936 502 1991 dicendum:
522 1954 584 1991 nam
603 1937 627 1992 si
644 1952 715 1992 unus
734 1953 751 1992 a
768 1937 891 2008 pluribus
910 1939 954 1993 uel
970 1939 1061 2007 plnres
1074 1937 1110 1993 ab
1122 1953 1177 1992 uno
1190 1938 1235 1992 uel
1246 1937 1326 2008 plura
1336 1937 1474 2007 mancipia
1486 1935 1521 1991 ab
1533 1937 1607 1991 uno‘
1619 1951 1713 1992 eman·

270 2029 322 2093 tur,
341 2025 434 2079 uerius
453 2029 496 2080 est
514 2025 613 2094 dicere,
632 2026 656 2080 si
674 2027 753 2095 quasi
771 2027 864 2096 plures
882 2027 921 2082 rei
939 2025 1050 2082 iuemnt
1067 2027 1233 2096 uenditores,
1252 2027 1368 2095 singulis
1387 2025 1415 2080 in
1434 2023 1550 2080 solidum
1568 2023 1713 2080 redhiben-

271 2112 351 2168 dum:
377 2115 400 2168 si
417 2118 510 2169 tamen
528 2119 621 2184 partos
639 2120 748 2185 emptae
767 2116 823 2170 sint
840 2132 858 2170 a
875 2116 1005 2184 singulis,
1023 2120 1097 2172 recto
1116 2115 1222 2170 dicetur
1240 2115 1318 2170 alteri
1336 2115 1447 2185 quidem
1465 2129 1547 2184 posse
1565 2111 1714 2184 redhiberi,
1733 2121 1763 2163 ιι

271 2217 333 2258 cum
358 2204 443 2259 altero
469 2208 560 2258 autem
579 2204 624 2272 agi
643 2209 746 2272 quanto
765 2205 885 2259 minoris.
918 2206 984 2260 item
1003 2206 1026 2260 si
1045 2206 1136 2274 plures
1155 2205 1256 2273 singuli
1273 2209 1367 2274 partes
1385 2202 1420 2259 ab
1439 2219 1494 2258 uno
1513 2207 1621 2272 emant,
1647 2207 1715 2257 tnnc

270 2307 320 2362 pro
345 2297 423 2361 parte
448 2293 563 2362 quisque
588 2308 681 2348 eorum
705 2294 876 2362 experietur:
900 2293 950 2349 sed
973 2294 1047 2348 siin
1071 2293 1187 2348 solidum
1210 2297 1317 2363 emant,
1342 2293 1529 2362 unusquisque
1547 2293 1576 2347 in
1594 2290 1714 2346 solidum

223 2389 252 2434 ιι
270 2380 434 2436 redhibebit.
470 2380 499 2436 Si
524 2383 689 2451 mancipium
708 2381 783 2452 quod
800 2381 936 2438 redhiberi
954 2387 1064 2452 oportet
1075 2387 1217 2438 -rnortunm
1236 2383 1301 2452 erit,
1324 2381 1377 2437 hoo
1395 2387 1555 2451 quaeretur,
1579 2379 1716 2449 numquid

272 2471 353 2540 culpa
376 2471 506 2539 emptoris
530 2471 575 2526 uel
598 2470 717 2526 familiae
736 2472 795 2526 eius
813 2472 858 2526 uel
875 2472 1060 2542 procuratoris
1078 2469 1159 2526 homo
1178 2469 1337 2526 demortuus
1356 2471 1405 2525 sit:
1429 2487 1492 2526 nam
1512 2470 1536 2525 si
1554 2470 1636 2540 culpa
1654 2469 1716 2524 eius

273 2559 405 2630 decessit,
424 2575 474 2630 pro
493 2559 558 2615 uiuo
576 2559 719 2615 habendus
738 2565 788 2630 est,
808 2564 853 2615 ett
871 2564 1044 2631 praestentur
1062 2575 1095 2614 ea
1113 2561 1212 2630 omnia,
1232 2575 1303 2630 quae
1321 2565 1534 2631 praestarentur,
1553 2559 1578 2614 si
1596 2559 1715 2614 uiueret
1735 2567 1764 2610 ss

224 2656 253 2701 12
273 2647 387 2717 Culpam
409 2663 517 2704 omnem
536 2649 714 2719 accipiemus,
739 2666 793 2705 non
811 2651 906 2721 utique
923 2651 1020 2705 latam:
1045 2649 1248 2719 propterquod
1266 2649 1412 2705 dicendum
1432 2653 1488 2717 est,
1512 2661 1716 2718 quamcumque

273 2737 444 2792 occasionem
462 2738 544 2792 morti
562 2744 669 2808 emptor
686 2738 835 2808 praestitit,
859 2737 959 2793 debere
978 2741 1070 2793 eum⁶:
1094 2739 1292 2794 etiamsinon
1311 2737 1435 2792 adhibuit
1453 2737 1603 2806 medicum,
1623 2741 1655 2791 ut
1671 2751 1716 2791 sa·

226 2833 255 2878 1c
274 2825 333 2879 nari
347 2825 442 2895 possit,
461 2827 506 2882 uel
518 2827 620 2881 malum
636 2826 769 2896 adhibuit,
788 2826 838 2882 sed
850 2828 931 2897 culpa
943 2843 1001 2882 sus.
1030 2825 1085 2882 Sed
1098 2827 1149 2882 hoc
1161 2827 1293 2897 dicemus,
1312 2829 1335 2883 si
1347 2834 1412 2883 ante
1423 2827 1555 2884 iudicium
1569 2831 1716 2895 acceptum

274 2913 407 2970 decessit:
431 2921 552 2970 ceterum
573 2917 597 2970 si
614 2920 679 2986 post
696 2915 826 2971 iudicium
845 2921 988 2986 acceptum
1007 2915 1160 2972 decessisse
1177 2921 1359 2986 proponatur,
1382 2923 1449 2972 tunc
1467 2917 1494 2971 in
1512 2915 1656 2971 arbitrium
1674 2915 1716 2970 in·

274 3002 342 3058 dicis
361 3004 461 3074 ueniet,
480 3005 596 3073 qualiter
614 3009 738 3060 mortuus
756 3005 804 3059 sit:
823 3009 855 3060 ut
872 3005 944 3060 enim
963 3009 991 3059 et
1003 3005 1088 3060 Pedio
1104 3005 1223 3075 uidetur,
1242 3021 1283 3076 ea,
1302 3020 1491 3075 quaecumque
1505 3010 1570 3075 post
1581 3005 1637 3059 litis
1650 3019 1717 3060 con·
1736 3014 1766 3055 as

226 3093 449 3147 remeationem
468 3094 643 3163 contingunt,
669 3093 810 3148 arbitrium
829 3093 927 3149 iudicis
945 3094 1111 3149 desiderant.
1148 3093 1228 3160 Quod
1245 3095 1275 3149 in
1293 3099 1469 3164 procuratore
1487 3093 1621 3162 diximus,
1642 3093 1717 3148 idem

274 3185 303 3234 et
320 3179 348 3234 in
366 3185 457 3236 tutore
475 3187 504 3237 et
521 3187 646 3238 curatore
665 3183 813 3239 dicendum
831 3183 883 3239 erit
900 3183 1067 3253 ceterisque,
1090 3185 1137 3252 qui
1155 3198 1190 3238 ex
1209 3181 1298 3238 officio
1317 3199 1367 3254 pro
1386 3184 1446 3238 aliis
1464 3183 1665 3238 intemcniunt:
1688 3187 1719 3238 et

273 3267 314 3324 its
332 3268 433 3324 Pedius
452 3271 498 3340 sit,
521 3275 550 3324 ct
567 3270 659 3340 adicit,
677 3271 777 3341 quibus
796 3272 994 3328 administratio
1012 3276 1127 3342 reruml,
1146 3273 1254 3340 culpam
1274 3271 1372 3328 abesse
1390 3277 1530 3343 praestare
1549 3287 1604 3328 non
1622 3272 1718 3342 inique

227 3365 256 3412 lt
275 3357 414 3412 dominum
437 3359 508 3428 cogi.
543 3359 621 3416 idem
639 3361 740 3416 Pedius
759 3361 798 3417 ait
815 3359 934 3417 ismhiae
952 3363 1134 3431 appellatione
1151 3365 1181 3416 et
1198 3360 1268 3416 filios
1286 3358 1403 3416 familias
1421 3359 1616 3416 demonstrari:
1642 3359 1719 3416 iacis

226 3455 256 3502 ιιι
275 3446 346 3501 enim
360 3446 571 3503 domesticorum
581 3448 757 3505 redhibitoria
765 3456 892 3520 agentem
902 3457 1043 3520 praestare
1053 3451 1147 3506 uoluit.
1166 3449 1195 3505 Si
1204 3451 1265 3520 quis
1275 3451 1364 3520 egerit
1371 3454 1473 3520 quanto
1487 3445 1719 3533 &RQ
1737 3459 1768 3501 se

275 3535 385 3590 minoris
403 3541 514 3606 propter
531 3538 604 3592 serui
622 3537 724 3609 fugam,
744 3538 842 3594 deinde
856 3544 922 3610 agat
935 3545 1046 3610 propter
1061 3539 1193 3609 morbum,
1212 3539 1308 3609 quanti
1317 3537 1379 3594 heri
1391 3539 1583 3594 condemnatio
1595 3537 1719 3595 debeat?

275 3623 428 3693 etquidem
446 3626 556 3696 saepius
575 3627 621 3696 agi
638 3641 720 3697 posse
739 3633 841 3698 quanto
860 3629 970 3684 minoris
989 3628 1102 3684 dubium
1122 3643 1176 3683 non
1195 3633 1247 3697 cst,
1265 3628 1316 3684 sed
1333 3629 1374 3683 ait
1390 3628 1511 3683 lulianus
1528 3626 1557 3681 id
1576 3627 1719 3696 agendm

227 3717 257 3766 ιι
276 3725 352 3782 esse,
377 3727 411 3768 ne
434 3714 539 3770 lucrum
563 3720 669 3786 emptor
687 3715 770 3772 faciat
788 3716 877 3773 ethis
895 3717 1018 3774 ciusdem
1037 3719 1077 3773 rei
1095 3717 1523 3789 aestimationemconscqustnr.
1559 3715 1593 3770 In
1611 3713 1718 3772 iactum

275 3800 347 3854 actio
366 3804 498 3871 competit
515 3803 551 3860 sd
568 3805 685 3874 pretium
705 3806 920 3876 reciperandum,
938 3807 962 3861 si
980 3808 1146 3878 mancipium
1165 3806 1331 3862 redhibitum
1346 3805 1356 3878 ΙΙ
1370 3804 1465 3860 fuerit:
1484 3806 1512 3860 in
1527 3819 1584 3874 qua
1596 3821 1653 3860 non
1665 3805 1718 3860 hoc
1737 3811 1756 3859 i.
1768 3809 1822 3858 8⁰2¹

275 3890 428 3960 quaeritur,
450 3908 486 3948 an
504 3894 670 3964 mancipium
689 3894 717 3949 in
735 3909 820 3950 cansa
837 3895 1024 3953 redhibitionis
1043 3894 1139 3965 inerit,
1158 3895 1207 3950 sed
1226 3895 1278 3951 hoc
1295 3899 1412 3965 tantum
1431 3911 1467 3950 an
1486 3894 1523 3948 sit
1539 3893 1719 3966 redhibitum,

276 3993 327 4034 nec
345 3979 494 4037 immerito:
515 3983 639 4053 iniquum
657 3987 700 4038 est
717 3984 799 4053 enim,
817 3988 998 4054 posteaquem
1016 3985 1143 4041 uenditor
1160 3985 1275 4056 agruim
1292 3983 1450 4055 recipiendo
1468 3983 1636 4054 mancipium
1655 3999 1720 4040 esso

275 4083 412 4156 ΗΜΘ]

278 4244 334 4297 ¹et
352 4241 457 4299 iructns
476 4248 504 4300 ct
522 4247 693 4303 accessiones
711 4247 795 4316 (Pol
856 4249 1009 4321 ’pluribus
1028 4261 1075 4307 cns.
1092 4253 1129 4318 (a.
1143 4253 1170 4320 ι.)
1233 4251 1302 4322 ὀι]
1320 4249 1390 4306 nec?
1450 4249 1524 4304 ⁴ucl
1541 4249 1624 4319 plora
1642 4265 1720 4305 man-

276 4313 832 4398 (5ιίρί221)ιιιιοάιΙ.(Βνοιιοιιιοιιιι.·ιι.ι’.)
908 4322 1141 4392 Ιιι1]ιιι(οιίι1.)1
1216 4323 1333 4378 ‘teneri
1352 4331 1398 4378 ins.
1417 4322 1495 4391 (edd.)
1573 4321 1721 4391 'permii-

276 4389 351 4455 titur,
370 4400 463 4442 eorum
482 4395 528 4443 ins.
548 4391 676 4457 (similiter
694 4391 766 4459 Hal.)

276 4540 415 4598 illectum
428 4546 469 4599 P·
510 4545 650 4616 dipsa¹m'
663 4549 701 4603 Ρ
744 4551 968 4607 8malcellusP⁶
1022 4551 1225 4615 troadensem
1249 4551 1287 4616 B,
1315 4560 1417 4607 omnino
1443 4553 1508 4606 mdc
1570 4553 1607 4606 20
1634 4567 1722 4622 posse

277 4615 312 4698 lt)
330 4619 359 4669 et
376 4615 429 4670 hoc
446 4617 655 4686 inemptoribus
667 4623 779 4690 seruari]
795 4629 853 4694 post
864 4627 968 4693 empto·
1021 4643 1071 4677 om.
1084 4625 1123 4678 P·
1172 4625 1207 4678 22
1225 4623 1249 4678 si
1265 4623 1303 4692 in]
1316 4625 1345 4678 in
1358 4623 1400 4677 P·
1446 4624 1481 4677 23
1498 4623 1550 4677 mm
1562 4623 1602 4677 ait
1614 4624 1720 4694 cipinm

276 4684 355 4771 ribus
362 4689 484 4771 eccidisse
493 4688 616 4756 pluribus
629 4694 757 4762 colltpr'tar
766 4713 795 4746 ex
804 4693 831 4746 B
841 4695 967 4764 (Τίγασις
1022 4695 1061 4747 Ρ·
1076 4696 1081 4762 Ι
1096 4699 1236 4763 oporteret
1244 4694 1298 4749 PU
1310 4695 1317 4762 l
1331 4700 1453 4750 mortuus
1462 4694 1501 4746 P·
1516 4696 1521 4760 Ι
1536 4693 1726 4762 queritanU

277 4774 309 4810 ro
328 4757 443 4818 ογτοκοὶ
457 4757 496 4812 tut
510 4762 616 4814 πολλῶιι
630 4757 781 4831 ἣοριοτῶιι
820 4765 852 4818 11
867 4763 957 4832 quoad
1021 4766 1378 4837 acculpam10umpal’·t
1425 4765 1595 4820 eanhmP·
1642 4767 1723 4821 eset

277 4826 389 4892 FlPtU,
407 4829 480 4897 quod
499 4831 624 4885 adPP‘·
669 4833 703 4886 12
721 4833 914 4902 culpa‘de'uel
930 4837 958 4889 F
1022 4836 1157 4906 adicit...
1170 4837 1315 4906 34pedius
1328 4837 1475 4891 aitom.P·
1510 4836 1545 4890 33
1558 4835 1720 4904 qmbusad·

278 4898 312 4951 13
325 4898 469 4982 expeditus
482 4901 523 4954 P'
561 4903 594 4956 15
607 4900 717 4972 habent]
730 4903 871 4960 habebunt
882 4905 973 4960 F’PU
1023 4908 1185 4963 ministratio
1249 4907 1366 4976 3tcogi]
1387 4906 1544 4971 initiationes
1564 4906 1595 4959 h's
1614 4909 1654 4962 sai
1668 4907 1721 4961 ria

278 4969 311 5022 11
324 4976 431 5024 uenerit
439 4972 480 5025 P·
525 4971 558 5026 18
571 4987 634 5028 nam
646 4974 670 5028 ei
682 4990 752 5030 unus
765 4991 782 5030 a
793 4976 917 5046 pluribus
1022 4978 1149 5048 patricias
1167 4980 1223 5033 τῶιι
1242 4977 1435 5051 Ιειτιτροιιὲιιτωιι
1458 4979 1566 5032 ιιοικεῐιι
1583 4977 1617 5030 ri
1636 4977 1723 5040 ι’γιοῨ

277 5041 412 5110 emantur]
432 5041 454 5096 ei
472 5041 503 5094 ιὲ
521 5043 559 5096 sai
578 5045 668 5099 πολλοὶ
686 5047 784 5109 ΔοῨλοιι
799 5047 969 5120 ἂιορᾶοογειιι
1023 5049 1049 5104 Β
1068 5050 1181 5122 (Tipuc.)
