3738 5550
261 228 320 296 XV
342 231 497 294 316-19
930 217 1019 299 456
1495 247 1541 292 na
1562 246 1599 292 ru
1621 247 1697 294 nau

207 388 244 447 16
315 385 456 439 Anneium
479 382 549 439 libro
572 381 693 438 seeundo
716 382 894 451 digestorum.
931 380 1047 447 Quidam
1070 379 1185 436 fundum
1208 382 1352 438 colendum
1370 397 1451 439 seruo
1469 379 1736 468 Qu

262 488 312 529 suo
336 471 437 527 locauit
461 476 489 526 et
512 472 599 527 boues
618 471 643 526 ei
661 470 789 526 dederat:
814 485 876 524 cum
895 469 922 524 hi
940 469 1026 524 boues
1044 486 1098 525 non
1117 476 1210 526 essent
1226 471 1331 540 idonei,
1354 471 1474 526 iusserat
1491 488 1539 528 eos
1556 473 1650 528 uenus
1668 478 1697 528 et

261 560 304 617 his
328 562 445 616 nummis
469 561 516 630 qui
538 561 642 630 recepti
664 564 759 613 essent
779 559 847 612 alios
869 558 1001 627 reparari:
1025 574 1121 613 semus
1142 559 1231 616 boues
1253 559 1433 631 condiderat„
1449 561 1517 615 alios
1534 560 1696 630 redemerat,

260 665 386 705 nummos
409 648 545 703 uenditori
567 662 623 701 non
647 649 780 715 soluerat,
803 652 902 716 postea
922 646 1145 702 conturbauerat:
1169 647 1215 717 qui
1239 648 1326 703 boues
1348 649 1511 704 uendiderat
1531 663 1658 706 nummos
1680 667 1698 704 a

261 739 371 794 domino
387 736 501 808 petebat
518 736 625 790 actione
643 734 678 790 de
695 735 802 805 peculio
820 739 868 789 aut
886 735 959 805 quod
978 737 1080 791 iurem
1099 737 1202 792 domini
1220 751 1330 792 uersum
1349 742 1436 807 esset,
1462 754 1524 793 cum
1542 737 1629 794 boues
1647 753 1697 808 pro
1716 753 1730 794 s

262 827 361 897 quibus
384 825 502 895 pecunia
524 828 664 893 peteretur
685 837 769 893 penes
793 822 932 878 dominum
952 830 1052 880 essent.
1084 825 1226 895 respondit
1246 840 1301 881 non
1324 825 1410 880 uideri
1433 827 1533 896 peculii
1550 823 1696 896 quicquam

261 930 332 983 esse,
350 915 403 969 nisi
422 914 445 968 si
463 912 528 982 quid
547 911 665 967 deducto
684 927 725 980 eo,
744 910 818 980 quod
836 926 932 966 seruus
950 911 1060 968 domino
1078 911 1227 984 debuisset,
1245 914 1380 983 reliquum
1397 913 1487 970 tieret:
1506 914 1573 970 illud
1591 915 1644 970 sibi
1657 915 1696 969 ui·

262 1003 320 1057 deri
337 1002 424 1058 boues
442 1001 552 1070 quidem
570 1001 598 1055 in
616 1015 673 1054 rem
693 999 795 1054 domini
812 1014 907 1055 uersos
926 1015 996 1069 esse,
1016 1000 1066 1056 sed
1083 1017 1134 1071 pro
1152 1017 1186 1056 ea
1203 1017 1233 1056 re
1251 1003 1366 1058 soluisse
1384 1008 1499 1072 tantum,
1518 1003 1614 1072 quanti
1625 1003 1697 1072 prio·

261 1106 305 1146 res
323 1090 410 1145 boues
426 1090 581 1145 uenissent:
603 1090 698 1158 siquo
716 1088 854 1156 amplioris
871 1089 1004 1158 pecuniae
1022 1090 1186 1159 posteriores
1204 1089 1291 1146 boues
1309 1096 1410 1162 essent,
1429 1093 1488 1146 sius
1505 1095 1632 1161 oportere
1650 1090 1697 1148 do-

261 1180 364 1235 minum
383 1179 567 1234 condemnari.
1253 1191 1259 1204 ·
1718 1195 1747 1235 ιο

207 1268 244 1328 17
315 1267 487 1323 hamericus
504 1265 574 1321 libro
592 1269 690 1320 octauo
708 1263 908 1334 quaestionum.
942 1262 1044 1320 Seruus
1061 1264 1089 1320 in
1107 1280 1165 1320 rem
1183 1265 1286 1321 domini
1303 1269 1449 1336 pecuniam
1468 1265 1620 1350 B.1a,7,17
1630 1277 1697 1339 (rip.)
1718 1278 1740 1331 s

261 1362 403 1411 mutuatus
426 1357 484 1411 aine
508 1356 589 1424 culpa
614 1367 675 1408 eam
696 1352 829 1423 perdidit:
853 1352 936 1408 nihilo
959 1354 1049 1408 miuus
1067 1369 1149 1422 posse
1168 1369 1229 1408 oum
1248 1355 1359 1411 domino
1377 1355 1412 1412 de
1430 1358 1458 1412 iu
1476 1370 1533 1410 rem
1552 1369 1635 1409 uerso
1653 1356 1699 1424 agi

262 1445 438 1499 existimauit.
471 1460 533 1498 narn
558 1447 586 1496 et
609 1443 632 1496 si
655 1447 815 1511 procurator
837 1456 915 1495 meus
939 1441 967 1496 in
991 1442 1102 1512 negotia
1126 1457 1187 1497 mea
1205 1443 1377 1513 impensurua
1394 1445 1539 1514 pecuniam
1557 1447 1698 1498 mutuatus

262 1533 321 1588 sine
339 1534 420 1602 culpa
437 1547 498 1587 eam
516 1529 679 1601 perdiderit,
700 1534 775 1585 recto
793 1545 855 1584 eum
873 1529 926 1584 hoc
944 1531 1052 1585 nomine
1070 1531 1192 1585 mandati
1210 1533 1253 1585 uel
1272 1533 1443 1600 negotiorum
1461 1537 1602 1602 gestorum
1622 1537 1698 1587 actu·

230 1635 242 1679 1
261 1635 330 1676 rum.
368 1621 436 1676 Cum
455 1619 547 1675 Sticho
565 1619 670 1674 uicario
688 1619 761 1673 serui
779 1618 820 1672 tui
837 1617 970 1688 Pamphili
989 1619 1125 1673 contraxi:
1150 1619 1222 1674 actio
1246 1619 1280 1673 de
1303 1621 1410 1690 peculio
1434 1627 1462 1675 et
1485 1621 1513 1675 in
1535 1635 1592 1675 rem
1617 1636 1697 1676 uerso
1719 1637 1747 1678 aa

260 1709 301 1764 ita
319 1707 376 1762 dari
395 1707 485 1777 debet,
504 1712 543 1777 ut,
562 1706 636 1777 quod
655 1707 699 1761 uel
716 1707 745 1762 in
763 1709 838 1761 tuam
856 1705 943 1775 ipsius
961 1721 1018 1761 rem
1036 1708 1081 1761 uel
1098 1707 1127 1762 in
1144 1707 1280 1776 peculium
1292 1708 1427 1778 Pamphili
1439 1724 1549 1763 uersum
1562 1710 1606 1778 sit,
1625 1724 1698 1764 com·

261 1795 453 1867 prehendatur,
473 1796 577 1850 scilicet
595 1795 703 1850 edamsi
722 1799 829 1850 mortuo
847 1795 892 1849 uel
911 1795 1028 1851 alienato
1047 1793 1140 1850 Sticho
1160 1799 1266 1865 agatur.
1294 1797 1369 1865 quod
1387 1797 1411 1851 si
1429 1795 1572 1866 Pamphilo
1590 1803 1697 1851 mortuo

261 1901 350 1954 agaim
370 1885 459 1954 magis
478 1888 528 1953 eat,
547 1889 585 1954 ut,
605 1883 731 1952 quamuis
750 1881 860 1938 Stichus
878 1882 963 1951 uiuat,
981 1888 1074 1938 tamen
1086 1883 1121 1938 de
1135 1899 1177 1954 eo,
1196 1885 1269 1953 quod
1282 1883 1310 1938 in
1322 1885 1428 1953 peculio
1441 1884 1575 1954 Pamphili
1587 1899 1696 1938 uersum

261 1977 318 2043 est,
341 1987 396 2028 non
419 1970 471 2026 nisi
495 1973 566 2027 intra
590 1988 691 2027 annum
714 1986 796 2040 quarn
820 1970 844 2024 is
868 1969 988 2025 decessit
1005 1972 1077 2026 sotio
1096 1972 1155 2027 dari
1173 1971 1286 2028 debeat:
1311 1972 1411 2027 etenim
1436 1971 1640 2042 quodammodo
1663 1972 1698 2027 de

261 2061 367 2130 peculio
385 2059 520 2129 Pamphili
537 2064 595 2114 tum
615 2058 731 2129 experiri
748 2057 877 2128 uidebor,
901 2059 982 2114 sicuti
1006 2059 1042 2130 si,
1066 2060 1142 2128 qnod
1160 2061 1237 2115 iussu
1256 2059 1315 2115 eius
1332 2059 1523 2130 credidissem,
1546 2061 1699 2130 experirer:
1720 2077 1750 2117 ao

261 2163 313 2203 nec
331 2163 381 2203 nos
399 2163 510 2203 mouere
526 2147 623 2218 dehet,
646 2147 721 2217 quod
738 2145 848 2202 Stichus
872 2146 906 2202 de
925 2147 1002 2203 cuius
1020 2148 1127 2217 peculio
1145 2149 1235 2218 agitur
1252 2149 1343 2219 uiuat,
1367 2147 1478 2218 quando
1496 2163 1551 2204 non
1569 2149 1649 2202 aliter
1666 2163 1702 2203 ea

261 2251 306 2290 res
324 2237 353 2291 in
370 2237 478 2306 peculio
496 2237 554 2291 eius
572 2251 634 2291 esse
651 2239 755 2306 potest,
779 2251 861 2305 quam
879 2235 903 2290 si
920 2235 1055 2305 Pamphili
1076 2237 1214 2306 peculium
1239 2241 1357 2293 maneat.
1385 2237 1483 2293 eadem
1500 2237 1571 2293 ratio
1589 2235 1699 2306 efficiet,

261 2330 295 2380 ut
311 2323 352 2394 id,
377 2324 451 2393 quod
468 2324 497 2380 in
514 2323 774 2395 peculio'Pamphili
790 2339 902 2380 uersum
920 2323 968 2394 sit,
991 2325 1031 2380 ita
1047 2326 1180 2394 praestari
1198 2324 1299 2381 debere
1317 2325 1453 2394 dicamus,
1478 2331 1511 2380 nt
1531 2326 1609 2395 priua
1631 2325 1700 2395 eius,

262 2411 337 2482 quod
354 2411 405 2467 tibi
422 2412 579 2482 Pamphilus
598 2413 735 2482 debuerit,
754 2412 882 2468 deductio
900 2410 961 2482 liat,
980 2413 1054 2481 quod
1072 2429 1139 2469 nero
1157 2415 1186 2470 in
1202 2418 1280 2469 tuam
1298 2427 1357 2469 rem
1374 2429 1484 2470 uemnm
1503 2412 1598 2484 fuerit,
1621 2429 1700 2484 prae-

263 2503 352 2556 stetur
369 2501 456 2578 etiam
471 2515 525 2556 non
544 2501 663 2557 deducto
681 2515 714 2557 eo
732 2501 807 2571 quod
823 2500 982 2570 Pamphilus
999 2502 1050 2558 tibi
1067 2503 1158 2558 debet.
1722 2520 1752 2561 aa

208 2587 245 2648 18
317 2589 469 2644 Numerius
486 2589 555 2645 libro
573 2590 689 2660 septimo
708 2589 936 2646 membranarum.
963 2590 1094 2656 Quamuis
1110 2593 1139 2648 iu
1155 2607 1216 2647 eam
1228 2606 1285 2647 rom
1303 2607 1354 2662 pro
1371 2607 1453 2648 seruo
1471 2586 1701 2676 [ruffum—(tus.)
1721 2605 1762 2680 ss

264 2694 326 2734 meo
343 2677 519 2749 fideiussoris,
537 2694 608 2748 quae
625 2679 665 2734 ita
682 2682 824 2734 contracta
835 2684 886 2749 est,
905 2682 937 2733 ut
953 2679 982 2734 in
994 2695 1051 2735 rem
1070 2695 1158 2737 meam
1175 2683 1346 2737 uersaretur¹
1366 2682 1462 2748 (ueluti
1477 2682 1508 2752 si,
1528 2697 1590 2737 cum
1603 2698 1701 2736 seruus

262 2765 429 2823 numentum
451 2767 564 2824 emisset
589 2782 643 2838 quo
666 2767 769 2823 familia
795 2767 926 2837 aleretur,
945 2767 956 2842 Ι)
974 2769 1112 2825 uenditori
1139 2768 1268 2825 humenti
1294 2767 1487 2839 fideiusseris),
1517 2771 1630 2840 propius
1658 2775 1793 2826 esti.2s1

262 2862 364 2926 tamon,
382 2860 414 2911 ut
431 2854 467 2910 ds
483 2856 590 2925 peculio
608 2871 642 2912 eo
660 2857 778 2926 nomine,
797 2870 852 2912 non
870 2855 905 2912 de
923 2857 951 2910 iu
969 2872 1027 2912 rem
1045 2873 1126 2916 uerso
1144 2873 1226 2928 agere
1243 2859 1343 2928 possis,
1362 2864 1394 2912 ut
1411 2859 1492 2912 unius
1510 2858 1657 2919 dumtaxat
1673 2861 1702 2914 in

263 2959 374 3016 quoquo
397 2948 539 3000 conmactu
562 2943 596 3000 de
619 2945 724 3000 iurem
742 2958 823 3000 nemo
842 2945 879 3000 ait
896 2945 981 3016 actio,
1006 2945 1053 3016 qui
1076 2945 1105 3000 id
1127 2947 1216 3017 ipsum
1240 2945 1356 3002 credidit
1378 2945 1452 3016 quod
1475 2947 1504 3000 in
1521 2962 1580 3002 rem
1598 2947 1703 3003 domini
1723 2964 1755 3004 co

263 3049 374 3090 uersum
393 3037 443 3088 est

208 3121 246 3180 19
316 3123 436 3178 Plutus
454 3119 522 3176 libro
540 3124 638 3190 quarto
656 3120 856 3190 quaestionum.
893 3121 978 3176 Filius
995 3120 1112 3178 familias
1130 3126 1223 3191 togam
1242 3121 1322 3177 emit:
1346 3107 1454 3177 mortuo
1473 3117 1702 3206 Q
1723 3135 1752 3188 Ρ

264 3209 363 3266 deinde
387 3213 522 3279 eupator
545 3210 674 3279 ignorans
689 3214 728 3275 et
750 3213 851 3279 putans
875 3225 952 3264 suam
980 3225 1041 3266 esse
1065 3209 1205 3266 dedicauit
1228 3225 1289 3266 eam
1312 3211 1341 3265 in
1363 3208 1445 3264 funus
1469 3211 1537 3264 eius.
1575 3199 1704 3266 Neratius

264 3298 333 3354 libro
351 3313 544 3368 responsorum
563 3297 602 3352 ait
620 3299 648 3354 in
667 3313 725 3354 rem
743 3297 829 3368 patris
847 3313 957 3353 uersum
976 3298 1077 3353 uideri:
1100 3299 1130 3353 in
1153 3299 1260 3354 actione
1283 3303 1374 3355 autem
1398 3299 1433 3354 de
1456 3299 1565 3368 peculio
1582 3299 1658 3368 quod
1674 3299 1703 3353 in

263 3403 354 3443 rerum
376 3391 475 3442 natura
497 3401 552 3442 non
575 3391 650 3442 esset
673 3403 728 3442 uno
750 3386 832 3442 modo
856 3387 994 3441 aestimari
1016 3384 1130 3456 debere,
1153 3387 1177 3441 si
1199 3386 1262 3442 dolo
1285 3389 1356 3444 malo
1380 3387 1439 3442 eiua
1463 3401 1581 3456 quocum
1605 3391 1706 3456 agatur
1724 3405 1754 3446 as

264 3474 367 3531 iactum
386 3483 467 3530 esset.
494 3475 590 3545 atquin
608 3475 632 3529 si
650 3472 705 3530 filio
723 3479 803 3545 pater
819 3479 913 3543 togam
938 3489 1029 3530 emere
1047 3474 1157 3544 debuit,
1180 3476 1209 3530 in
1232 3491 1289 3530 rem
1311 3477 1397 3546 patris
1420 3489 1465 3530 rea
1488 3490 1570 3530 uersa
1587 3479 1705 3531 estnon

264 3580 337 3618 nuno
355 3578 410 3632 quo
428 3562 612 3632 fenerabitur,
637 3563 688 3618 sed
705 3578 759 3634 quo
778 3569 902 3634 tempore
920 3564 986 3618 emit
1004 3561 1097 3628 (funus
1117 3565 1189 3619 enim
1207 3562 1255 3618 filii
1273 3579 1320 3620 aas
1344 3565 1462 3620 alienum
1485 3563 1573 3634 patris
1594 3569 1652 3618 est:
1675 3569 1705 3618 et

264 3651 316 3706 hoc
334 3651 461 3707 Neratius
479 3665 603 3721 quoque,
626 3651 673 3721 qui
691 3651 726 3707 ds
744 3652 772 3706 in
789 3667 847 3707 rem
871 3666 952 3708 uerso
969 3656 1076 3722 patrem
1094 3651 1180 3707 teneri
1198 3652 1319 3721 putauit,
1342 3653 1464 3709 ostendit
1480 3652 1624 3721 negotium
1642 3651 1703 3721 hoc,

263 3738 293 3794 id
311 3743 354 3794 est
371 3741 538 3809 sepulturam
558 3743 586 3794 et
603 3738 685 3795 funus
702 3738 751 3796 filii
769 3741 856 3810 patris
873 3755 934 3796 essa
953 3755 1001 3796 aes
1020 3741 1137 3796 alienum
1143 3783 1150 3811 ‚
1174 3756 1229 3796 non
1246 3739 1318 3808 filib:
1342 3740 1432 3796 factus
1450 3745 1577 3809 astorgo
1596 3738 1705 3796 debitor

263 3828 376 3898 peculii,
400 3828 526 3897 quamuis
544 3843 588 3883 rea
606 3843 661 3883 non
679 3833 782 3899 exstet,
806 3832 838 3883 ut
855 3829 938 3884 etiam
956 3827 991 3884 de
1009 3830 1117 3899 peculio
1134 3829 1222 3899 possit
1239 3829 1390 3899 conueniri,
1412 3830 1442 3884 in
1463 3843 1546 3898 quam
1565 3828 1703 3884 actionem
1723 3847 1755 3888 aa

263 3915 341 3971 uenit
357 3921 386 3971 et
403 3916 476 3986 quod
494 3916 523 3972 in
540 3931 598 3971 rem
616 3931 727 3972 uersum
746 3920 802 3972 est:
820 3931 891 3987 quae
910 3922 1002 3973 tamen
1014 3917 1131 3974 adiectio
1143 3922 1209 3973 trrnc
1221 3918 1376 3974 necessaria
1387 3922 1439 3988 eat,
1457 3932 1520 3972 cum
1533 3931 1622 3972 annua
1639 3919 1706 3987 post

263 4010 378 4058 mortem
397 4003 444 4059 filii
462 4005 589 4061 excessit

263 4093 291 4144 F
295 4091 400 4161 [1²(VL
405 4093 453 4165 U)]

265 4217 273 4249 ¹
293 4219 446 4269 uerteretur
464 4215 551 4284 (Hats
571 4216 721 4271 delimato
739 4215 777 4268 D.
790 4215 833 4280 16,
846 4215 870 4280 l,
882 4215 918 4269 21
927 4235 969 4288 pr.
984 4219 1049 4270 talia
1066 4215 1262 4288 relinquendc)i

264 4338 281 4391 3
299 4338 346 4404 qui
365 4337 468 4405 recepti
490 4337 591 4406 essent]
615 4338 662 4406 qui
685 4337 854 4407 recepissent
874 4337 951 4402 ΡΨ,
1005 4339 1170 4408 uersaretur]
1188 4337 1234 4392 iic
1253 4337 1359 4412 ifppicp
1428 4338 1460 4393 rh
1472 4338 1586 4410 erpotis
1601 4339 1640 4393 eie
1652 4339 1703 4394 risa

263 4423 333 4477 quos
350 4413 490 4476 receperat
502 4409 534 4472 L,
551 4409 599 4476 qui
610 4410 713 4478 recepti
725 4412 789 4464 sunt
804 4409 830 4462 U
872 4408 953 4464 'lnisi
1005 4408 1094 4472 oiciau
1113 4429 1165 4474 ιιογ
1182 4411 1209 4464 Β
1228 4411 1336 4476 (Aaou.)
1389 4411 1424 4464 28
1446 4408 1617 4465 fideiussoris
1637 4411 1676 4464 P·

263 4479 295 4547 si]
322 4478 375 4532 nisi
399 4479 462 4532 P⁰L
516 4479 533 4532 8
555 4494 605 4548 pro
629 4494 662 4534 ea
680 4495 709 4534 re
792 4481 809 4534 9
827 4485 952 4549 oportere
1005 4480 1143 4551 proprium
1153 4480 1536 4550 P⁶VU⁰i,propriusP‘LU⁵
1563 4483 1598 4536 29
1609 4483 1692 4536 unius

263 4549 361 4602 οηιἚ1
383 4548 502 4616 {quanti
525 4550 638 4620 priores]
662 4556 793 4620 quantum
816 4549 953 4618 potesP·
1006 4568 1091 4606 unum
1110 4552 1148 4605 P·
1202 4553 1237 4606 30
1255 4552 1374 4622 quoquo]
1394 4552 1461 4616 FV·,
1483 4567 1537 4620 quo
1557 4553 1702 4618 PVthUl

263 4621 438 4690 toporteret
455 4619 513 4682 PV,
533 4625 640 4689 oportet
658 4621 711 4676 hv
758 4625 791 4677 11
809 4621 878 4676 libro
896 4621 955 4676 uiiii
1007 4625 1177 4679 contractum
1190 4623 1221 4687 P,
1239 4629 1406 4678 contractum
1426 4627 1469 4677 est
1490 4622 1533 4687 Ul
1549 4623 1606 4693 qui]
1625 4623 1702 4692 quod

263 4691 311 4744 PL
384 4692 418 4745 14
443 4689 601 4758 perdiderat
626 4692 702 4755 1²¹0,
732 4692 852 4762 perdidit
879 4693 953 4746 Pisa
1007 4695 1083 4759 ΡΨ,
1101 4693 1167 4762 quia
1188 4692 1223 4747 U‘
1270 4695 1306 4748 34
1323 4693 1406 4762 ι)ιιοι1]
1426 4695 1473 4762 qui
1491 4693 1533 4746 P·
1580 4695 1703 4749 353111-

263 4763 296 4816 11
314 4760 494 4831 pamphiliF¹
539 4761 575 4814 20
586 4761 744 4830 ειρίιίιίἲῑ
788 4765 822 4818 22
835 4769 945 4818 maneat
1007 4765 1137 4832 marePl
1153 4779 1215 4819 cum
1228 4765 1381 4833 quoPLU‘
1422 4764 1553 4832 ditasset]
1566 4765 1704 4820 esseFP·

262 4831 346 4887 habet
367 4833 406 4886 P¹¹
460 4832 495 4886 23
518 4831 555 4885 sit
576 4851 624 4885 om.
641 4832 679 4884 ΕΙ
732 4835 767 4888 ab
790 4833 944 4903 pamphilus
1006 4836 1041 4890 37
1059 4834 1230 4890 iuuerauitur
1247 4835 1284 4888 F¹
1339 4837 1374 4890 38
1393 4835 1439 4904 qui
1459 4834 1504 4904 de]
1527 4835 1642 4905 quidam
1660 4837 1703 4891 P·

261 4903 438 5031 {wasalia
452 4901 649 5043 'ifeb‘ffltfhl
672 4902 953 5032 12311ᾶοίῗοτίῐῶ
1005 4906 1042 4962 40
1058 4909 1154 4977 posset
1170 4905 1247 4960 PVL
1299 4906 1334 4961 41
1352 4903 1443 4962 es‘se't
1458 4905 1498 4958 F²

317 4991 327 5029 l
478 4992 563 5040 ,mc
608 4982 621 5004 ⁶
725 4991 753 5030 ιιι
779 4991 838 5032 rm
863 4991 891 5031 m
