3690 5558
150 339 274 398 oureus
296 339 404 389 noers
426 338 552 389 erosos
745 269 746 274 Ἰ
820 317 908 400 597
1297 330 1357 400 XX
1379 333 1400 399 5
1424 341 1459 396 12
1478 370 1510 380 -
1531 337 1588 402 64

150 494 197 551 per
214 480 340 536 iniurium
358 477 456 536 iudiois
474 479 585 536 domino
602 495 674 552 rem,
693 494 764 551 queo
782 482 914 540 debitoris
931 496 988 539 non
1004 480 1110 554 inisset,
1129 483 1290 543 obstulisset
1307 489 1426 545 ereditor
1442 491 1522 560 qussi
1539 490 1588 549 ob·

149 570 260 638 ligstsm
283 568 348 639 eibi,
372 575 402 624 et
424 574 613 638 quaereretur,
638 586 674 626 en
697 570 787 626 soluto
811 570 904 626 debito
927 573 1034 628 restitui
1058 587 1120 628 eam
1145 579 1284 644 oporteret
1302 576 1431 649 debitori,
1455 579 1588 638 Soaeuoie

149 663 240 715 noste
258 658 455 714 restituendam
474 657 610 727 probauit
638 659 712 730 qnod
730 659 754 714 si
771 673 826 714 nou
843 659 883 714 its
900 661 1033 730 uendidit,
1052 667 1084 716 nt
1101 667 1206 720 eertum
1220 664 1257 718 ait
1269 667 1425 723 omnimodo
1437 668 1512 739 epod
1524 685 1587 726 enm

148 748 266 818 pretium
287 762 490 816 remansurum,
515 761 610 802 uerum
632 746 772 816 obligatae
793 751 838 802 est
860 748 896 803 sd
920 749 948 804 id
971 749 1184 821 restituendum,
1208 751 1324 809 arbitror
1345 755 1453 810 interim
1477 758 1587 826 quidem

148 836 213 892 rubii
231 853 249 891 e
266 836 390 893 debitore
408 836 465 906 peti
483 850 573 904 posse,
593 835 642 892 sed
659 837 688 892 in
705 851 841 906 suspenso
856 835 950 892 baberi
962 836 1164 896 liberationem:
1182 855 1277 897 nerum
1291 843 1315 897 si
1327 845 1435 899 actione
1448 859 1482 899 ex
1495 851 1587 916 empto
1606 857 1619 898 e

148 927 300 981 conuentus
317 925 502 996 praestitisset
519 924 638 980 oreditor
655 925 779 996 emptori,
801 923 925 980 debitum
943 927 1072 996 persequi
1090 943 1153 984 enm
1172 945 1189 984 e
1207 929 1330 987 debitore
1348 947 1439 1004 posse,
1457 935 1522 1003 quie
1540 951 1586 1004 ep·

148 1016 239 1084 paruit
255 1029 311 1070 non
329 1029 391 1070 esse
408 1011 561 1068 bbereturn.

100 1101 131 1158 13
199 1105 320 1160 Pronus
337 1101 407 1158 libro
425 1101 513 1172 primo
531 1100 712 1158 deeretornm.
740 1101 874 1172 Greditor,
892 1102 939 1172 qui
957 1102 1016 1159 iure
1035 1119 1085 1160 erro
1100 1105 1201 1176 pignus
1213 1107 1348 1179 distrahit,
1367 1110 1410 1165 ius
1429 1105 1587 1196 Q
1618 1118 1644 1170 Ρ

148 1205 228 1248 suum
246 1191 345 1248 eedere
363 1189 446 1246 debet
463 1195 499 1259 et,
519 1190 543 1246 si
560 1191 661 1261 pignus
678 1189 810 1260 possidet,
829 1190 937 1246 undere
955 1193 1050 1263 utiquo
1068 1192 1152 1249 debet
1167 1198 1379 1265 possessionem.
1606 1209 1619 1250 e

99 1279 132 1336 14
200 1279 360 1336 Suseuous
382 1279 451 1335 libro
471 1283 551 1334 sexto
568 1279 746 1348 digestorum.
783 1279 887 1334 Arbitri
905 1279 1073 1337 diuidendae
1092 1281 1252 1340 hereditatis
1270 1285 1341 1340 inter
1359 1283 1402 1370 [ci.
1415 1297 1444 1344 D.
1458 1298 1510 1344 int.
1526 1299 1542 1345 1.
1557 1301 1584 1346 ιι
1619 1296 1643 1347 Α

148 1368 262 1424 heredes
284 1384 347 1424 oum
366 1383 481 1439 oorpora
498 1367 664 1423 hereditarie
681 1366 853 1436 diuisissent,
877 1369 987 1424 nomine
1005 1383 1115 1440 quoqne
1132 1373 1316 1429 eommunium
1336 1363 1586 1446 debitorum-soff

149 1459 228 1514 ratim
251 1457 376 1512 diuerse¹
396 1457 510 1526 singulis
532 1457 561 1512 in
578 1455 695 1512 solidum
714 1455 938 1525 adsignauerunt
971 1459 1126 1528 quaesitum
1145 1466 1200 1530 ert,
1222 1477 1258 1516 en
1275 1465 1463 1534 unnsquisque
1482 1480 1586 1536 eorum,

148 1546 274 1602 debitore
296 1546 350 1601 sibi
374 1544 484 1601 eddioto
507 1547 634 1600 oessente
657 1545 686 1600 in
709 1544 858 1614 solutione,
881 1559 931 1615 pro
951 1546 1039 1603 solido
1056 1549 1157 1619 pignus
1175 1549 1228 1605 sub
1250 1565 1284 1606 eo
1306 1553 1416 1608 nomine
1434 1552 1586 1624 obligatum

148 1635 267 1692 uendere
284 1633 382 1705 possit
409 1633 551 1704 respondit
567 1633 700 1702 potuisse.

889 1850 898 1869 ,
1606 1812 1634 1852 ιι

148 1925 185 2004 lt
230 1921 400 2016 QUIBUS
433 1921 578 1999 MODIS
612 1919 783 1998 PIGNUS
817 1785 908 1996 UigL
945 1921 1238 2002 HYPOTHECA
1272 1925 1506 2005 SOLUITUR
1549 1929 1587 2007 R
1616 1947 1717 2002 esen

116 2082 133 2136 1
200 2081 382 2136 Promissus
405 2076 474 2133 libro
496 2075 642 2132 undeeimo
659 2090 861 2146 responsorem.
898 2077 1037 2134 Debitoris
1055 2077 1178 2136 absentie
1196 2083 1301 2138 emious
1319 2084 1431 2152 negotiu
1449 2079 1586 2166 [nn-nei
1606 2088 1647 2142 'P

149 2169 235 2240 gessit
256 2172 285 2224 et
302 2169 420 2238 pignore
437 2167 506 2222 eitra
524 2165 690 2236 emptionem
708 2165 825 2235 peeunia
843 2181 894 2222 rua
911 2165 1051 2223 liberenit:
1076 2169 1119 2224 ius
1137 2170 1282 2240 pristinum
1301 2171 1411 2227 domino
1429 2161 1586 2228 msbtutnm

149 2257 266 2314 uidetur.
298 2258 383 2327 igitur
404 2255 452 2327 qui
474 2255 614 2324 negotium
632 2255 733 2324 gessit,
759 2255 853 2310 utilem
872 2253 1032 2310 Sermonem
1050 2255 1110 2312 deri
1127 2257 1179 2314 sibi
1198 2273 1252 2314 non
1270 2265 1345 2315 reete
1363 2260 1544 2317 desiderabit:
1563 2263 1587 2318 si
1606 2272 1634 2312 ιι

121 2351 241 2404 rumen
263 2345 419 2416 possideat,
443 2345 604 2415 exeeptione
623 2343 634 2414 ΙΙ
654 2344 708 2400 doli
732 2343 896 2400 defenditur.
933 2343 1002 2400 Gom
1024 2345 1150 2402 uenditor
1174 2352 1317 2404 numerate
1340 2349 1394 2404 sibi
1411 2357 1488 2420 parte
1506 2351 1586 2421 pretii
1604 2357 1683 2404 teto

148 2435 289 2508 praedium
312 2434 386 2504 qnod
406 2433 531 2490 uenierat
547 2432 656 2502 pignori
673 2433 826 2504 eoeepisset
843 2448 877 2488 eo
894 2437 992 2502 poetes
1009 2433 1148 2490 residuum
1166 2437 1282 2506 pretinm
1302 2439 1417 2508 emptori
1434 2439 1533 2494 litteris
1551 2440 1587 2495 ad

150 2541 210 2580 eum
229 2524 321 2580 missis
340 2523 479 2592 deessset,
497 2521 603 2590 eoque⁸
615 2519 745 2577 defuneto
758 2521 933 2578 donationem
945 2520 1108 2591 quibusdem
1122 2522 1210 2579 medis
1221 2525 1345 2580 inutilem
1358 2541 1420 2581 esse
1432 2527 1585 2584 constabat

149 2615 205 2670 inre
222 2613 346 2686 pignoris
363 2609 459 2668 fisonm
478 2609 581 2666 frustra
597 2615 691 2680 petere
708 2611 858 2681 praedium,
877 2611 924 2680 qui
942 2617 1114 2667 snooessoret
1130 2613 1158 2667 in
1170 2613 1260 2668 loonm
1271 2615 1432 2686 uenditoris,
1451 2616 1585 2687 apperuit,

149 2704 226 2758 onius
243 2701 366 2772 pignoris
384 2701 503 2756 solutum
521 2715 583 2754 esse
601 2705 713 2770 pectem
728 2700 817 2770 prime
828 2700 971 2756 uoluntate
983 2698 1138 2755 donationis
1150 2701 1303 2773 eonstebet,
1321 2703 1449 2772 quoniam
1461 2704 1585 2760 inutilem

120 2791 281 2862 speonnieo
298 2790 474 2846 deustionem
492 2789 537 2844 lex
555 2786 635 2858 ieoit,
655 2789 700 2844 eni
718 2801 773 2844 non
791 2793 834 2844 est
851 2789 929 2844 loeus
947 2789 975 2843 in
992 2789 1107 2858 pignore
1124 2788 1273 2846 liberando.
1310 2791 1446 2848 Defensor
1464 2792 1585 2848 absentis
1604 2803 1633 2845 so

150 2881 303 2936 motionem
325 2878 477 2934 iudiestum
499 2878 569 2934 solui
592 2877 743 2947 praestitit:
767 2878 795 2932 in
814 2877 954 2932 dominum
972 2877 1073 2932 iudieio
1090 2883 1188 2947 posteo
1204 2879 1337 2937 trendato
1355 2879 1530 2937 fideiussores
1548 2881 1584 2937 ob

149 2985 204 3026 reru
221 2968 371 3024 iudioetem
390 2981 460 3038 quos
478 2965 606 3022 defensor
624 2966 700 3022 dedit
717 2981 772 3022 non
790 2964 956 3020 tenebuntur
973 2981 1024 3020 neo
1042 2967 1157 3036 pignora
1174 2983 1245 3037 quse
1263 2966 1406 3024 dederunt

114 3059 132 3115 2
200 3059 296 3115 Gerus
312 3056 381 3112 libro
399 3071 470 3112 nono
489 3055 525 3111 ed
543 3056 663 3110 edietum
681 3053 857 3126 prouineinle.
885 3052 915 3108 Si
932 3053 1051 3110 oreditor
1062 3053 1196 3110 Seruiano
1207 3055 1314 3112 notione
1327 3058 1427 3127 pignus
1445 3049 1584 3142 W
1616 3063 1637 3118 s

149 3165 166 3204 a
187 3160 346 3218 possessore
368 3143 479 3216 petierit
503 3149 533 3198 et
553 3159 697 3214 possessor
715 3144 771 3201 litis
789 3142 1006 3198 aestimationem
1025 3141 1154 3200 obtulerit
1171 3151 1201 3199 et
1219 3145 1254 3200 eb
1272 3160 1306 3201 eo
1324 3144 1432 3203 debitor
1449 3133 1584 3202 rer-nuin-

149 3237 229 3306 dioet,
249 3251 303 3292 non
321 3235 400 3289 aliter
417 3233 469 3288 boo
487 3229 578 3288 faeere
596 3233 769 3303 oonoedetnr,
787 3231 839 3287 nisi
857 3232 934 3302 prius
952 3232 977 3286 ei
996 3229 1117 3286 debitum
1136 3233 1242 3288 oiierut.
1603 3246 1632 3286 eo

113 3323 132 3382 3
200 3325 351 3382 Uoranus
375 3320 445 3378 libro
468 3327 567 3378 oeteuo
591 3322 815 3392 disputationum.
852 3320 882 3378 si
902 3335 947 3378 res
965 3321 1097 3376 dbtraote
1114 3319 1197 3378 inerit
1213 3323 1268 3393 sie,
1286 3323 1339 3378 nisi
1356 3323 1429 3378 intre
1447 3317 1584 3406 [edm
1615 3328 1637 3383 S

149 3419 252 3470 teroem
270 3411 342 3468 diem
361 3412 500 3468 meliorem
518 3410 706 3467 eondioioneru
724 3411 883 3480 inuenisset,
902 3407 1038 3479 fueritque
1055 3409 1158 3466 trudito
1175 3417 1204 3468 et
1221 3410 1290 3467 torte
1303 3417 1417 3482 emptor,
1436 3399 1584 3481 antequem

148 3502 242 3558 melior
264 3501 388 3556 eondieio
410 3501 566 3570 oden-etur,
590 3499 661 3554 beno
683 3513 741 3555 rem
763 3499 871 3569 pignori
893 3497 1028 3569 dedisset,
1052 3499 1195 3556 lleroedus
1213 3500 1282 3558 libro
1299 3502 1396 3571 quinto
1415 3501 1584 3571 digestorum

149 3592 187 3647 sit
203 3589 275 3646 liniri
292 3591 401 3660 pignus,
420 3589 445 3644 si
462 3589 557 3644 melior
575 3587 699 3644 oondloio
716 3587 799 3644 inerit
816 3589 906 3658 ellete,
924 3601 1099 3660 quemquem,
1121 3589 1170 3646 nbi
1187 3590 1228 3646 sio
1245 3605 1289 3646 res
1307 3591 1439 3646 disbeota
1456 3594 1513 3660 ert,
1532 3589 1584 3644 nisi

148 3681 263 3753 emptori
282 3679 475 3750 displieuisset,
493 3679 594 3749 pignus
611 3675 683 3732 liniri
701 3693 755 3732 non
773 3681 860 3747 putet
1603 3689 1632 3731 ss

109 3769 130 3827 4
199 3771 278 3826 Iners
295 3767 364 3824 libro
382 3768 587 3836 septuagesimo
605 3767 687 3824 tertio
705 3765 741 3822 ad
758 3765 888 3822 edietum.
916 3761 946 3821 Si
964 3763 1080 3835 debitor,
1099 3766 1177 3822 onius
1194 3781 1239 3822 res
1256 3767 1364 3838 pignori
1381 3767 1428 3823 ob·
1461 3777 1585 3834 benet
1603 3771 1645 3825 'Ii

148 3859 248 3930 ligetee
267 3859 353 3927 erent,
371 3871 481 3912 seruum
500 3871 581 3926 qnem
601 3861 706 3912 emerat
723 3854 899 3925 redhibuerit,
917 3869 953 3910 an
971 3853 1079 3910 desinet
1096 3853 1245 3912 Seruianae
1262 3857 1339 3911 loeus
1352 3857 1433 3912 esse?
1457 3842 1584 3924 umam}

114 3957 127 4002 1
149 3953 203 4018 est,
227 3962 265 4002 ne
286 3945 407 4015 desinet,
431 3945 484 4000 nisi
508 3959 543 4001 ex
566 3945 707 4001 uoluntate
732 3943 874 4000 oreditorie
896 3942 949 4000 hoo
969 3941 1072 3998 suetum
1091 3948 1142 3999 est
1178 3943 1208 4000 Si
1226 3945 1254 4000 in
1272 3944 1428 4000 uenditione
1446 3939 1585 4028 [W

147 4036 269 4106 pignoris
286 4034 457 4090 eonsenserit
474 4033 593 4090 ereditor
610 4035 655 4090 uel
673 4039 705 4090 ut
722 4033 829 4089 debitor
847 4031 918 4088 heno
936 4047 993 4088 rem
1011 4037 1149 4102 permutet
1166 4033 1211 4088 uel
1230 4032 1314 4088 donet
1328 4033 1372 4088 nel
1384 4034 1412 4088 in
1424 4033 1515 4090 dotem
1529 4034 1584 4104 det,

147 4124 292 4180 dicendum
311 4124 363 4178 erit
379 4123 481 4193 pignus
498 4121 615 4192 liberari,
633 4123 686 4178 nisi
703 4123 782 4178 selue
800 4137 884 4176 oense
901 4122 1024 4192 pignoris
1042 4121 1086 4176 sui
1103 4122 1242 4177 eonsensit
1259 4122 1303 4177 nel
1321 4121 1471 4176 uenditioni
1484 4123 1529 4176 uel
1541 4137 1584 4177 oe·
1603 4133 1631 4173 so

146 4215 227 4269 teris:
245 4229 309 4268 nam
328 4212 418 4268 solent
435 4212 513 4266 multi
531 4211 609 4266 selue
627 4227 711 4267 oense
728 4211 851 4282 pignoris
869 4211 912 4266 sui
930 4211 1092 4266 consentire.
1120 4211 1170 4266 sed
1184 4211 1208 4265 si
1220 4209 1280 4280 ipse
1293 4208 1447 4266 uendiderit
1458 4211 1584 4280 ereditur,

145 4320 171 4374 F
176 4318 230 4389 [P(
234 4319 266 4384 V,
283 4320 328 4373 ubi
345 4339 370 4372 u.
378 4317 414 4372 31
426 4318 458 4374 ab
471 4317 599 4388 ulpianus
610 4319 692 4374 denuo
704 4345 737 4357 ·-
751 4321 822 4394 es.p.
834 4317 888 4372 588
900 4344 934 4355 -
947 4324 1039 4387 incipit
1048 4335 1140 4371 manue
1157 4319 1246 4382 edero,
1264 4317 1380 4391 reuisere
1392 4320 1513 4390 aequetis,
1537 4317 1583 4387 U)]

146 4473 157 4508 ¹
177 4469 288 4525 diuerso
305 4470 352 4524 det
370 4470 414 4544 (ef.
425 4489 451 4540 p.
464 4468 518 4524 596
534 4489 560 4522 a.
573 4468 618 4536 29)
690 4468 702 4503 ¹
719 4467 817 4538 eoque]
836 4467 890 4522 eoi

145 4601 364 4706 3probabitf²
418 4599 558 4704 derbitor
574 4602 602 4656 P
646 4601 717 4656 ber
735 4599 838 4672 empto]
891 4599 983 4685 ΕΒΗ
1023 4601 1057 4654 21
1075 4598 1200 4702 rpredium
1213 4597 1325 4668 qnodF
1363 4600 1403 4703 26.
1416 4597 1526 4682 iudicio]
1544 4597 1584 4651 iu·

143 4671 839 4815 ῗθῦΡῗοροξιῖᾱιῖ-Χξτθξᾱᾞθ]Προιιίἒᾱὲῗιὲῗὲιοβῗῗ
892 4671 999 4798 [1332111
1009 4671 1174 4810 litigium&
1188 4675 1227 4795 ἕξ
1243 4668 1587 4796 abil3ffrliigetur3i'21iniili]

143 4815 391 4886 pomiteeuaoere
401 4814 440 4870 Ρ*
487 4816 521 4870 10
539 4815 717 4884 digestorum]
730 4829 840 4885 respon·
894 4816 928 4870 37
946 4819 1043 4868 *erant
1060 4813 1097 4866 P
1113 4815 1117 4878 Ι
1133 4811 1204 4880 esee]
1223 4817 1297 4896 esset
1315 4813 1355 4867 ΡιΙ
1409 4813 1443 4897 31)
1462 4811 1517 4894 det]
1538 4810 1584 4894 de:

257 4889 313 5013 t.
328 4885 841 5027 ,btitul-itiitere}
1096 4953 1335 5024 n
1349 4883 1585 5007 iernen

141 4974 399 5086 wlgefflffliy
432 5031 466 5085 16
479 5029 795 5099 soluiturleteltbrteum
807 5028 841 5092 B,
896 4997 961 5082 dnm
980 5027 1032 5081 erit
1049 4972 1098 5080 on?
1110 5026 1144 5081 Ut
1187 5027 1222 5081 41
1242 5026 1300 5094 sed]
1311 4993 1351 5078 'Fi'
1359 4973 1417 5078 {um
1427 4994 1584 5090 B’(Anon.):

142 5102 263 5158 soluitur
288 5101 333 5157 uel
359 5116 415 5158 non
442 5102 494 5156 end.
519 5101 545 5154 F
615 5101 649 5155 19
676 5099 843 5157 desiderauit
897 5099 919 5154 ei
937 5097 967 5152 e's
985 5095 1244 5160 airbcbeesocriro
1255 5095 1376 5163 notice,
1395 5095 1445 5152 sed
1457 5099 1486 5154 et
1496 5093 1588 5154 F’PU
