3648 5564
109 325 224 372 errans
238 325 579 374 neminemnam
774 299 857 382 197
1271 307 1301 376 V
1323 311 1344 378 3
1366 317 1402 374 ot
1420 347 1454 360 -
1472 312 1528 378 41

68 467 95 524 tl
148 465 300 520 inaures
317 463 386 520 lihro
404 463 522 536 septim
539 461 766 520 membranarum.
796 461 866 522 cnm
884 461 958 520 idem
975 463 1091 522 modern
1109 461 1287 522 hereditatem
1307 467 1354 522 ad·
1386 480 1529 552 eaeque
1549 479 1589 552 ss

107 568 188 608 uersus
212 553 285 610 dnos
302 553 426 612 deieudlt
442 559 472 610 et
488 552 639 609 secundnm
658 553 773 609 alterum
791 567 827 609 ex
844 551 886 608 his
904 551 1054 610 indicatum
1072 559 1123 624 est,
1140 555 1235 623 quaeri
1253 555 1336 626 solet,
1360 545 1529 630 utre—mper-

106 643 157 699 inde
172 643 199 699 ci
217 643 399 700 hereditatem
417 643 525 699 restitui
543 647 676 712 oporteat,
694 647 777 711 atque
795 645 942 713 oporteret,
961 643 985 698 si
1003 641 1136 698 aduersus
1154 643 1236 700 alium
1250 641 1365 700 deieusa
1376 660 1431 703 ncn
1442 651 1528 704 esset:

106 737 130 786 nt
147 733 252 788 seilicet
269 733 293 788 si
308 749 376 788 mcx
393 738 423 788 st
439 729 590 788 mundum
608 731 692 788 alium
709 729 792 786 inerit
809 729 973 802 indicatum,
996 730 1155 788 absoluatnr
1172 733 1196 788 is
1214 747 1277 788 curn
1295 748 1350 804 quo
1368 739 1459 792 sctum
1477 740 1529 806 est,

104 824 157 891 qnia
173 837 265 892 neque
283 821 424 892 possideat
440 835 530 891 neque
548 820 611 876 dolo
629 819 701 876 malo
719 817 822 889 iecerit,
840 835 895 890 quo
912 821 1002 876 minus
1020 819 1173 892 possideret
1189 821 1263 891 quod
1278 822 1380 880 iudicio
1391 825 1528 880 reuictus¹
1547 839 1560 879 s

104 911 257 966 restitnerit:
280 927 315 966 nn
339 911 404 979 quis
425 909 514 980 possit
533 913 562 964 et
579 909 730 964 secundnm
749 910 831 966 alium
849 909 978 980 indicari,
1001 923 1057 966 non
1074 911 1152 967 aliter
1169 911 1313 968 restituere
1330 911 1432 970 dehem
1447 929 1529 984 quam

102 1001 246 1055 sicsntnm
265 1001 291 1055 ei
309 998 399 1070 inerit,
416 998 491 1069 quod
509 997 643 1054 aduersus
661 998 744 1054 alium
763 998 878 1055 eandem
896 997 1076 1054 hereditatem
1095 996 1225 1056 defendit
1254 1000 1303 1056 sed
1321 1003 1418 1058 melius
1435 1009 1478 1059 est
1489 1003 1529 1060 oi·

102 1088 154 1144 ido
169 1089 271 1146 indicis
290 1089 417 1144 cantione
433 1089 478 1143 nel
496 1087 675 1143 satisdatione
692 1087 767 1143 uicto
786 1085 897 1158 mederi,
916 1101 978 1144 cum
997 1091 1026 1142 et
1042 1102 1087 1144 res
1104 1087 1182 1145 salua
1199 1088 1253 1145 sit¹
1265 1089 1299 1160 ei,
1317 1091 1365 1161 qui
1377 1091 1405 1146 in
1417 1107 1529 1150 exsecu-

101 1179 164 1234 h'one
180 1178 289 1234 tardior
305 1178 384 1234 uenit
400 1177 534 1232 aduenas
551 1177 668 1247 priorem
687 1175 827 1232 uictorem.
1431 1227 1434 1232 ,
1548 1195 1562 1235 a

59 1267 86 1324 58
145 1265 307 1324 &mons
330 1267 399 1323 licre
422 1267 503 1322 terlio
527 1265 705 1336 digestorum.
742 1265 827 1322 illim
851 1269 970 1335 epatre
994 1263 1185 1336 emancipstrs
1204 1268 1355 1324 eorundum
1373 1263 1573 1352 ΜΔ

99 1357 283 1412 modicionem
300 1355 458 1411 testamenti
475 1355 571 1411 matris
589 1353 657 1410 adiit
674 1353 862 1425 hereditatem,
880 1368 963 1424 quam
976 1357 1062 1426 pater,
1081 1361 1227 1426 antequam
1239 1355 1325 1414 hlium
1337 1347 1529 1432 emancipffl,

98 1445 215 1516 possedit
239 1444 402 1516 fructusque
424 1459 459 1500 ex
482 1459 516 1499 ea
537 1445 687 1515 pomedit⁸,
710 1443 761 1499 sed
783 1443 970 1513 erogationem
988 1443 1016 1498 in
1034 1443 1164 1500 honorem
1181 1443 1230 1502 dlii
1248 1463 1310 1503 num
1329 1453 1403 1504 esset
1420 1454 1530 1507 senator

98 1533 155 1590 iecit
171 1550 209 1590 ex
228 1549 271 1590 es
299 1535 454 1604 quaesitum
472 1538 523 1602 est,
542 1549 604 1590 cunr
622 1537 736 1605 paratus
753 1533 791 1588 sit
807 1537 888 1603 pater
904 1533 1047 1590 rsmtusrs
1065 1533 1245 1592 hereditatem
1262 1534 1357 1593 habits
1368 1537 1472 1594 rsh'one
1484 1553 1529 1596 eo·

96 1639 148 1678 rum
166 1639 242 1694 quse
261 1624 289 1679 in
306 1639 370 1679 eum
389 1623 521 1693 erogauit,
541 1638 575 1678 sn
593 1621 665 1678 filins
683 1621 767 1678 nihilo
784 1621 874 1677 minus
892 1635 1071 1692 perseuerans
1088 1629 1183 1694 potere
1199 1623 1378 1682 hereditatem
1397 1627 1451 1684 dcli
1466 1629 1530 1686 mali

97 1714 254 1783 oreophone
278 1713 445 1769 mmmoueri
467 1711 563 1782 possit.
600 1711 742 1782 respondi,
767 1715 796 1765 et
818 1709 842 1765 si
860 1724 915 1765 ncn
933 1711 1119 1784 exciperetur,
1143 1713 1211 1770 satis
1228 1729 1279 1786 per
1295 1712 1414 1772 officinm
1431 1716 1530 1772 iudicis
1548 1730 1576 1772 rs

94 1804 201 1858 consuli.
235 1815 240 1826 ·

775 1899 846 1984 ῙΠΙ,
1547 1911 1619 1960 sur

341 2039 379 2116 lt
420 2035 461 2116 sl
487 2035 609 2114 PARS
636 2033 955 2114 HEREDITATIS
983 2034 1208 2114 PETATUR
1247 2035 1285 2115 il
1548 2051 1622 2106 aar

64 2195 76 2250 l
137 2197 147 2262 ,l
168 2195 327 2252 Unrnaus
344 2194 413 2252 lrhro
431 2194 543 2264 quintn⁴
562 2191 598 2248 nd
616 2191 744 2248 edictum.
771 2191 839 2247 Post
855 2191 998 2264 actionem,
1017 2207 1098 2263 quarn
1112 2194 1374 2264 proposuitpreetor
1391 2189 1528 2280 Q
1548 2193 1575 2248 E

90 2285 112 2338 ei
132 2287 179 2354 qui
204 2283 245 2340 sd
269 2300 301 2340 se
325 2285 412 2340 scium
434 2283 614 2340 hereditatem
633 2282 769 2352 pertinere
787 2279 940 2350 contendit,
966 2297 1136 2352 consequens
1154 2281 1207 2338 luit
1225 2287 1253 2338 ct
1271 2283 1296 2338 ei
1314 2297 1465 2354 proponere
1484 2285 1530 2354 qui
1548 2289 1577 2328 ¹⁰

66 2384 74 2426 1
89 2379 189 2442 partem
209 2373 376 2429 hereditatis
394 2373 472 2445 petit.
499 2367 551 2438 Qui
570 2371 747 2426 hereditatem
767 2369 811 2424 nel
828 2375 935 2440 partem
953 2369 1112 2426 hereditatis
1130 2371 1207 2442 petit,
1226 2371 1316 2427 isnon
1329 2385 1364 2427 ex
1376 2385 1408 2428 co
1421 2371 1530 2428 metitur

90 2463 157 2531 qnod
175 2478 328 2534 possessor
346 2462 505 2532 occupauit,
530 2458 580 2516 sed
599 2475 634 2515 ex
652 2474 702 2515 sno
721 2459 792 2513 iure:
817 2462 846 2512 et
863 2457 925 2513 ideo
943 2459 1002 2514 siue
1021 2473 1056 2514 ex
1074 2475 1136 2516 asse
1153 2458 1234 2514 heres
1252 2459 1300 2530 sit,
1319 2463 1406 2516 totam
1423 2459 1529 2516 heredi-

88 2559 167 2608 tatem
187 2551 355 2620 uindicabit,
372 2552 438 2606 licet
454 2557 485 2606 tu
503 2567 586 2606 unam
604 2565 660 2606 rem
679 2547 830 2620 possideas,
850 2547 909 2602 siue
927 2562 962 2602 cr
980 2551 1066 2619 parte,
1085 2553 1200 2619 partem,
1218 2547 1283 2604 licet
1299 2553 1331 2604 tu
1348 2553 1435 2606 tetam
1453 2549 1529 2606 here-

64 2641 199 2698 sdihtem
220 2640 376 2712 possideas.
405 2639 476 2708 Quin
494 2640 577 2696 immo
594 2639 618 2694 si
636 2636 691 2693 duo
709 2636 871 2708 possideant
884 2635 1063 2692 hereditatem
1082 2642 1111 2692 et
1128 2637 1183 2692 duo
1200 2637 1263 2708 sint,
1282 2639 1329 2706 qui
1348 2637 1383 2694 ad
1396 2653 1426 2694 se
1437 2643 1530 2710 partes

88 2732 226 2800 pertinere
247 2729 355 2799 dicant,
380 2744 435 2785 non
452 2729 552 2800 singuli
571 2743 589 2784 a
605 2727 720 2798 singulis
738 2731 831 2796 petere
850 2725 971 2782 contenti
989 2740 1051 2782 esse
1069 2726 1183 2798 dehent,
1201 2732 1270 2798 puta
1285 2727 1390 2798 primus
1408 2743 1426 2783 a
1442 2729 1530 2800 primo
1548 2735 1576 2776 ’ὑ

89 2822 128 2875 nel
150 2818 300 2876 secundus
317 2834 335 2872 a
352 2817 487 2886 meando,
512 2816 562 2872 sed
580 2815 661 2872 ambo
679 2831 696 2869 a
713 2816 801 2886 primo
819 2819 847 2870 et
864 2813 946 2870 ambo
964 2831 981 2869 a
998 2813 1133 2872 secundo:
1157 2830 1246 2886 neque
1264 2815 1336 2870 eninr
1355 2817 1424 2873 alter
1440 2819 1529 2889 primi,

87 2911 151 2965 alter
173 2907 299 2966 secundi
316 2911 421 2978 partem
440 2905 576 2978 possidet,
600 2905 650 2960 sed
668 2903 749 2960 ambo
767 2905 909 2974 utriusque
926 2918 976 2974 pro
993 2901 1103 2959 herede.
1134 2909 1163 2959 et
1181 2905 1205 2960 si
1221 2918 1365 2975 possessor
1382 2911 1412 2962 et
1428 2907 1530 2976 petitor

85 2999 252 3068 possideant
269 2995 464 3070 hereditatem,
482 3011 545 3051 cum
563 2993 749 3064 unusquisque
768 3007 861 3050 eorum
880 2997 986 3064 partem
1004 2992 1143 3048 dimidiam
1162 2993 1321 3050 hereditatis
1339 2995 1392 3052 sihi
1410 2995 1528 3066 edurat,

85 3089 200 3143 inuicem
221 3091 321 3157 petere
339 3084 486 3154 debebunt,
504 3089 535 3140 ut
552 3088 645 3155 partes
662 3098 752 3138 rerum
771 3088 985 3152 consequantur:
1008 3085 1057 3136 ant
1074 3081 1097 3136 si
1115 3083 1328 3140 controuersiam
1347 3083 1399 3140 sihi
1416 3099 1472 3140 non
1489 3083 1528 3140 ia·

60 3178 156 3232 triunt
174 3175 357 3244 hereditatis,
376 3173 494 3230 familiae
513 3171 709 3229 herciscundae
728 3171 844 3242 experiri
861 3185 909 3226 ecs
928 3161 1072 3242 oportebit.
1110 3169 1139 3226 Sl
1158 3185 1210 3242 ego
1229 3175 1359 3242 exparte
1377 3187 1420 3228 me
1438 3171 1528 3228 dicam
1548 3179 1576 3220 ⁸⁰

85 3263 232 3336 heredem,
254 3261 368 3319 coheres
386 3267 478 3318 autem
496 3277 574 3318 meus
591 3261 732 3332 possideat
749 3259 927 3316 hereditatem
946 3275 1008 3316 cum
1026 3263 1164 3330 extraneo,
1184 3275 1246 3317 cum
1264 3277 1319 3317 non
1336 3261 1398 3332 plus
1416 3261 1528 3318 coheres

84 3353 197 3410 haberet
222 3369 278 3409 sna
301 3357 392 3422 parte,
418 3357 509 3407 utrum
533 3366 550 3407 a
568 3351 626 3406 solo
645 3356 775 3406 extraneo
793 3365 829 3405 an
847 3364 914 3406 uero
932 3355 962 3406 et
978 3365 996 3404 a
1013 3347 1146 3404 coherede
1164 3347 1294 3407 deberem
1310 3353 1405 3421 petere
1423 3349 1527 3406 heredi-

83 3449 173 3514 tatem,
194 3441 351 3514 quaeritur.
379 3445 408 3496 et
425 3442 548 3510 Pegasus
565 3438 651 3494 iertru
668 3439 840 3495 existimasse
859 3453 876 3494 a
893 3439 952 3495 solo
970 3441 1101 3494 extraneo
1118 3453 1163 3494 me
1179 3443 1274 3509 petere
1292 3437 1392 3494 dehere
1410 3454 1527 3510 eumque

82 3535 279 3588 restituturum
304 3529 436 3600 quidquid
458 3529 594 3599 possidet,
618 3532 647 3583 et
668 3526 793 3585 fortassis
810 3527 862 3584 hoc
881 3525 971 3584 officio
988 3527 1087 3584 iudicis
1105 3525 1206 3584 debeat
1223 3525 1295 3584 lieri:
1318 3531 1439 3586 ceterum
1457 3527 1527 3585 ratic

83 3621 157 3690 lacit,
182 3627 222 3676 ut
242 3635 261 3674 a
278 3618 387 3674 duobus
405 3625 498 3689 petam
516 3617 708 3687 hereditatem,
731 3615 783 3672 hoc
801 3621 845 3672 est
861 3621 891 3672 et
908 3631 926 3672 a
943 3615 1077 3672 coherede
1095 3631 1169 3686 meo,
1193 3623 1223 3674 et
1239 3618 1283 3673 ille
1301 3631 1410 3689 qnoque
1427 3617 1529 3687 dirigat
1546 3622 1575 3664 ⁸⁶

56 3712 222 3766 lectionem
245 3707 381 3764 aduersum
399 3713 522 3763 exterum
540 3721 740 3777 possessorem:
759 3705 808 3760 sed
820 3705 919 3776 Pegasi
931 3706 1066 3762 mntentia
1080 3705 1172 3760 utilior
1190 3711 1240 3762 est
1268 3705 1336 3762 item
1355 3707 1388 3776 si,
1406 3719 1468 3762 cum
1482 3721 1526 3762 me

81 3805 217 3869 exparte
238 3795 355 3852 dimidia
372 3795 500 3852 heredem
518 3795 652 3864 dicerem,
669 3795 796 3850 trientem
813 3793 974 3850 hereditatis
991 3793 1173 3866 possiderem,
1192 3792 1291 3850 dando
1309 3794 1447 3850 residuum
1466 3811 1526 3852 sex-

80 3893 183 3944 tantem
206 3887 296 3942 uelim
315 3885 450 3956 persequi,
469 3885 584 3954 qualiter
602 3899 682 3954 mm
700 3883 851 3940 uideamus.
884 3887 913 3939 et
930 3881 1023 3940 Labeo
1040 3883 1136 3940 scribit
1152 3883 1245 3953 utique
1263 3887 1368 3954 partem
1386 3884 1526 3940 dimidiam

80 3975 274 4046 FIHVLUll

81 4103 88 4134 ¹
105 4099 247 4168 renim]
264 4103 380 4172 fimcst
396 4097 446 4153 Rs
463 4097 587 4170 (sephu
612 4096 732 4150 ἡττηθεὶς
756 4093 828 4166 cirri)
847 4097 886 4164 τῷ
905 4096 1040 4168 upirrsarr,
1059 4096 1194 4160 τογιὲετιι
1213 4094 1245 4158 ci
1264 4095 1327 4150 aaut
1345 4097 1525 4161 cqansrrrriars:

79 4169 254 4314 {stazsflffi
273 4170 339 4238 etl?
414 4168 493 4238 'sitl
508 4169 621 4242 finanus
642 4168 685 4222 B:
707 4169 745 4222 sit
766 4168 826 4224 ita?
904 4167 1067 4240 ⁸possedit]
1090 4168 1214 4239 percepit
1237 4170 1273 4235 (a
1292 4170 1319 4235 t)
1391 4167 1526 4224 ‘decimo

81 4369 93 4419 1
111 4366 245 4422 mamus
274 4365 449 4434 ‘Epaor'eanrc
469 4363 494 4416 Β
513 4364 519 4432 l
540 4361 722 4418 membrarum
742 4361 782 4415 P·
834 4362 884 4418 sed
901 4367 931 4418 et
947 4362 1120 4434 rogacionum
1132 4363 1179 4428 1³⁶,
1198 4361 1247 4418 sed
1263 4368 1377 4432 eterog.
1394 4361 1425 4427 V,
1444 4362 1468 4418 si
1485 4377 1525 4420 er·

79 4438 251 4508 topcrteat
277 4435 366 4500 ΝΠ,
389 4439 499 4506 oportet
516 4433 564 4488 PL
617 4435 634 4490 5
659 4433 782 4504 possidet
834 4434 1008 4504 rogacionum
1030 4435 1068 4488 L·
1088 4435 1092 4502 Ι
1112 4433 1214 4489 honore
1240 4432 1340 4498 Petu,
1367 4432 1467 4489 honere
1490 4435 1539 4506 Β·Ι

78 4525 104 4562 n.
116 4509 143 4563 d
157 4525 199 4564 m.
221 4505 292 4562 iecit
310 4507 370 4571 PV,
387 4505 511 4577 possidet
530 4523 556 4560 n.
573 4505 600 4560 d
618 4522 654 4560 nr.
673 4503 739 4560 iacit
759 4504 785 4559 U
835 4507 870 4561 13
888 4521 923 4562 ex
940 4505 983 4576 ea]
1007 4511 1035 4560 et
1052 4505 1159 4561 PVLU
1210 4506 1244 4560 15
1267 4503 1470 4576 exceptione'm'
1490 4507 1526 4559 F’

79 4581 283 4634 trestitnerct
300 4578 329 4633 P
378 4578 463 4633 enei
486 4577 663 4632 satisdatione
754 4575 782 4630 in
837 4578 871 4633 18
887 4593 953 4648 pars
999 4581 1044 4632 ris
1061 4577 1089 4631 P
1139 4577 1173 4632 21
1192 4577 1240 4647 qui
1257 4575 1313 4632 her.
1329 4592 1355 4631 u.
1392 4574 1438 4634 .h.
1456 4575 1526 4646 petit

78 4653 265 4708 exsecuh'one
287 4667 337 4704 orn.
355 4649 391 4702 F¹
412 4650 418 4715 1
437 4650 466 4704 in
489 4667 538 4702 om.
551 4649 590 4704 P·
649 4649 666 4704 e
690 4648 784 4703 ueniat
836 4667 885 4702 cm.
902 4649 951 4703 PL
982 4657 1057 4713 ,lua
1071 4648 1106 4702 V·
1126 4649 1130 4716 Ι
1150 4649 1184 4718 ἱι]
1207 4649 1251 4704 ius
1273 4593 1392 4702 vass

81 4723 187 4778 PVLU
245 4723 280 4778 12
304 4718 465 4790 sructume
486 4735 521 4774 ex
544 4735 578 4775 ea
598 4719 729 4824 possedit]
753 4721 782 4785 F,
836 4721 871 4776 23
889 4719 1080 4775 uindicauitF
1130 4721 1165 4776 28
1183 4719 1302 4789 adserat]
1321 4715 1457 4782 F¹PL⁶U‚
1477 4717 1525 4772 ad·

80 4792 248 4864 memeque
271 4807 307 4850 ex
329 4805 364 4846 ea
385 4792 509 4862 percepit
524 4791 602 4846 PVL
617 4791 653 4856 U,
672 4792 781 4846 oncle:
836 4796 928 4846 serant
950 4792 995 4856 Ρ,
1018 4790 1120 4847 adserit
1140 4792 1177 4846 L·
1234 4792 1271 4847 34
1291 4790 1449 4846 restiturum
1474 4789 1524 4858 ΡΙ

79 4866 200 4937 onsriap
274 4863 380 4934 aanhcxe
394 4863 503 4918 rearis
519 4861 781 4926 reheweeicacate-
806 4911 810 4923 .
836 4862 985 4934 quidqtlid
998 4863 1035 4916 F'
1070 4864 1105 4920 35
1122 4863 1247 4918 illiP·L·
1283 4863 1318 4916 36
1333 4858 1465 4928 exterum]
1479 4873 1524 4914 ex·

80 4941 211 4991 maias
241 4937 279 4988 rai
305 4933 383 4989 haee
401 4935 515 5005 sapricio
533 4932 562 4988 ὲκ
579 4935 636 4986 ndis
655 4945 781 5006 ahepoao·
834 4940 959 4990 meeum
977 4933 1068 4990 PL⁸U
1114 4935 1149 4992 38
1166 4933 1269 5004 utique]
1289 4929 1399 4996 P‘UU,
1418 4930 1525 4999 utrique

79 5009 173 5062 sasima
194 5007 360 5076 upssas'rmrs
378 5007 427 5060 Rs
445 5006 568 5077 (slepi),
590 5006 712 5060 neruosis
733 5004 781 5060 rr'rs
835 5006 899 5072 lv,
918 5013 966 5062 inc.
978 5005 1018 5060 P*

79 5079 264 5150 uapoaorrisa
288 5079 328 5133 aci
353 5076 466 5150 asponis
487 5077 577 5132 λιΒώκ
601 5077 629 5132 Β
647 5076 781 5146 (ΜΗ
843 5075 849 5086 ‘

1391 4647 1526 4712 ,osulf
