3738 5550
278 252 338 318 llV
362 257 375 317 l
399 259 510 312 47-50
954 246 1043 326 448
1668 270 1715 316 na

280 412 309 463 et
326 407 462 462 deducere
481 407 539 476 ipse
557 410 650 476 potest
668 405 800 462 aduersus
818 407 901 462 alium
920 412 1056 477 agentem,
1075 407 1141 462 dum
1156 411 1249 461 tamon
1261 407 1297 476 id,
1316 405 1390 476 quod
1402 405 1476 477 apud
1489 404 1623 475 sehabet,
1641 420 1715 462 oom-

246 500 366 567 tputet.
404 495 433 550 Si
455 511 551 550 seruus
576 494 694 550 deducto
717 496 824 564 peculio
849 495 976 550 uenditus
1000 497 1048 565 sit,
1071 495 1208 565 procedit,
1231 499 1263 550 ut
1285 495 1412 550 uenditor
1434 498 1463 550 et
1485 494 1650 550 deductione
1673 494 1716 548 uti

280 586 392 655 possit¹,
412 589 447 652 et,
463 585 485 638 si
497 589 562 652 post
574 583 758 637 uenditionem
772 584 894 652 coeperit
905 584 1007 654 aliquid
1020 584 1155 638 uenditori
1168 599 1264 638 seruus
1277 583 1385 653 debere,
1404 599 1459 638 non
1471 583 1568 638 minuit
1580 582 1715 653 peculia’,

246 679 260 724 6
280 674 417 742 quianon
435 672 546 727 domino
564 671 654 726 debet.
691 671 766 736 Quae
790 671 909 727 diximus
927 673 955 726 in
980 677 1101 741 emptore
1125 677 1153 726 et
1177 672 1331 742 uenditare,
1356 673 1452 728 eadem
1475 678 1540 728 sunt
1562 677 1591 727 et
1613 671 1638 726 si
1661 671 1715 726 alio

280 761 378 830 quouis
395 776 496 829 genere
515 760 663 814 dominium
683 765 819 816 mutatum
842 761 890 828 sit,
914 765 946 815 ut
962 761 1068 830 legato,
1092 759 1163 815 dotis
1187 761 1310 831 datione,
1334 762 1399 832 quia
1421 762 1501 832 quasi
1522 759 1747 831 patrimonium

279 850 357 905 liberi
374 849 491 904 hominis
507 849 643 918 peculium
663 849 735 904 serui
754 850 926 918 intellegitur,
946 849 1110 918 ubicumque
1129 851 1211 904 esset.

221 932 262 992 48
332 939 411 992 lnam
428 938 496 994 libro
515 938 630 1006 septimo
655 937 761 992 decimo
784 937 820 992 ad
837 938 982 993 Plautium.
1019 939 1118 992 Libera
1140 937 1239 1007 peculii
1263 937 1462 993 administratio
1485 953 1541 994 non
1559 931 1716 1020 Q
1735 944 1764 998 Ε

280 1032 423 1096 permanet
440 1042 529 1096 neque
546 1027 575 1081 in
592 1023 709 1093 iugitiuo
727 1041 815 1094 neque
833 1027 861 1081 in
880 1025 1010 1096 subrepto
1029 1041 1118 1096 neque
1136 1027 1164 1081 in
1181 1034 1223 1095 eo,
1243 1025 1278 1080 de
1296 1041 1351 1095 quo
1369 1027 1475 1082 umciat
1491 1026 1567 1096 quis,
1586 1026 1663 1082 uiuat
1681 1041 1717 1080 an

249 1124 260 1166 1
281 1121 404 1172 mortuus
422 1116 466 1170 sit.
503 1114 554 1170 Cui
571 1113 671 1182 peculii
688 1113 887 1169 administratio
906 1114 971 1169 data
989 1121 1040 1184 est,
1059 1115 1186 1183 delegare
1204 1114 1357 1169 debitorem
1375 1131 1455 1170 suum
1472 1119 1574 1184 potest
1736 1125 1750 1167 a

223 1199 262 1258 49
333 1206 505 1260 Pomourus
522 1202 591 1257 libro
609 1207 705 1271 quarto
725 1202 761 1256 ad
779 1203 907 1268 Quintum
925 1204 1054 1259 Mucium.
1085 1205 1147 1260 Non
1164 1204 1252 1259 solum
1270 1204 1298 1257 id
1316 1219 1398 1273 pecu-
1418 1199 1717 1286 [QQQQ
1734 1210 1779 1282 Es

280 1293 346 1347 lium
365 1296 420 1362 est,
445 1291 520 1362 quod
542 1290 667 1345 dominus
691 1305 771 1345 semo
795 1292 943 1362 concessit,
968 1308 1063 1348 uerum
1082 1293 1109 1346 id
1127 1307 1251 1362 quoque,
1269 1291 1343 1360 quod
1361 1293 1504 1361 ignorante
1521 1288 1532 1360 ΙΙ
1552 1291 1665 1360 quidem
1684 1305 1717 1345 eo
1735 1296 1812 1346 taur

252 1389 261 1431 t
282 1381 447 1450 adquisitum
466 1380 509 1449 ait,
529 1385 628 1449 umen,
647 1380 670 1432 si
688 1380 824 1450 rescisset,
843 1396 975 1450 passurus
993 1385 1052 1435 crat
1070 1395 1131 1435 esse
1149 1381 1177 1435 in
1195 1381 1310 1450 peculio.
1348 1379 1377 1436 Si
1395 1381 1539 1449 ignorante
1557 1393 1601 1434 me
1620 1393 1717 1434 semus

283 1484 359 1523 meus
378 1469 488 1536 negotia
506 1483 568 1522 mea
585 1468 824 1537 administrauen‘t,
842 1469 976 1522 tantidem
995 1468 1102 1524 debitor
1119 1468 1185 1523 mihi
1202 1469 1388 1538 intellegetur,
1407 1469 1503 1538 quanti
1520 1466 1676 1536 tenebatur,
1694 1467 1719 1522 si

249 1562 263 1606 2
282 1556 349 1611 liber
366 1557 478 1625 negotia
496 1572 558 1610 mea
575 1556 801 1611 administrasset.
839 1556 875 1612 Ut
893 1556 1000 1611 debitor
1018 1557 1062 1611 uel
1079 1572 1176 1612 seruus
1195 1556 1305 1612 domino
1323 1557 1368 1612 uel
1382 1557 1509 1612 dominus
1521 1571 1602 1611 seruo
1612 1555 1718 1611 intelle·

281 1649 374 1715 gatar,
399 1660 433 1699 ex
457 1660 541 1700 causa
564 1645 636 1700 ciuili
660 1645 873 1713 computandum
897 1650 953 1700 est:
977 1645 1094 1714 ideoque
1117 1646 1140 1700 si
1158 1645 1284 1701 dominus
1302 1646 1330 1700 iu
1348 1645 1468 1700 rationes
1486 1660 1551 1716 suas
1568 1643 1671 1700 referat
1687 1658 1719 1698 se
1738 1657 1767 1700 rs

282 1733 382 1788 debere
401 1748 482 1788 seruo
505 1748 570 1802 suo,
594 1748 655 1788 cum
680 1734 790 1788 omnino
815 1749 903 1803 neque
928 1738 1052 1788 mutuum
1077 1735 1213 1804 acceperit
1236 1748 1325 1803 neque
1346 1733 1403 1788 ulla
1424 1747 1509 1788 musa
1530 1736 1721 1803 praecesserat

232 1865 233 1869 ,
281 1821 407 1890 debendi,
426 1821 501 1876 nuda
518 1822 588 1876 ratio
607 1837 661 1876 non
678 1819 745 1876 facit
762 1837 825 1880 eum
844 1821 1002 1878 debitorem.

224 1904 264 1963 50
334 1911 515 1965 Patauitanus
532 1909 601 1964 libro
619 1924 691 1964 nono
709 1911 909 1978 quaestionum.
943 1911 984 1967 Eo
1003 1903 1720 1995 tempore,quo[n†1ffi,t—0T3{—‘—18,t,tt,trcn—1st
1739 1916 1766 1970 P

281 1999 310 2053 in
327 1999 434 2067 peculio
453 1997 518 2052 nihil
536 2003 587 2066 est,
605 2003 684 2066 pater
701 1979 805 2053 latitat:
823 1999 851 2053 in
869 1998 1003 2055 bonorum
1021 2001 1224 2068 possessionem
1242 2001 1301 2054 eius
1318 2000 1358 2054 rei
1374 1986 1526 2054 seruandae
1545 2013 1630 2052 causa
1647 1998 1721 2051 mitti

282 2102 337 2141 non
355 2102 481 2156 possum,
500 2086 547 2154 qui
564 2085 600 2139 de
618 2087 725 2154 peculio
744 2102 806 2141 cum
826 2101 859 2142 eo
877 2091 988 2142 acturus
1007 2104 1081 2158 sum,
1100 2089 1165 2158 quia
1182 2103 1237 2144 non
1255 2086 1434 2142 mandationis
1452 2101 1538 2141 cauea
1554 2085 1647 2140 latitat
1663 2085 1719 2154 qni,
1738 2099 1767 2139 ao

282 2175 306 2230 si
324 2175 453 2229 iudicium
473 2174 617 2243 acciperet,
637 2173 742 2229 absolui
761 2173 882 2229 deberet.
910 2191 961 2230 nec
980 2176 1015 2231 ad
1033 2192 1090 2231 rem
1108 2177 1235 2247 pertinet,
1254 2176 1329 2246 quod
1340 2174 1398 2230 fieri
1410 2179 1511 2245 potest,
1528 2179 1561 2228 ut
1578 2174 1720 2228 damnau'o

282 2267 424 2332 sequatur:
449 2279 512 2320 nam
531 2267 559 2318 et
577 2264 601 2318 si
618 2264 647 2317 in
664 2263 737 2318 diem
755 2264 801 2318 uel
819 2262 869 2318 sub
889 2263 1048 2320 condicione
1067 2264 1213 2333 debeatur,
1235 2262 1415 2320 fraudationis
1433 2277 1519 2317 causa
1536 2277 1592 2318 nou
1608 2261 1721 2316 uidetur

282 2352 402 2422 latitare,
427 2353 538 2406 tametsi
559 2356 652 2420 potest
673 2351 771 2406 iudicis
794 2351 893 2406 iniuria
914 2353 1097 2407 condemnari.
1125 2353 1175 2408 scd
1197 2350 1386 2407 fideiussorem
1410 2351 1506 2406 datum
1528 2365 1563 2406 eo
1586 2354 1720 2419 tempore,

282 2455 338 2510 quo
356 2440 421 2495 nihil
438 2440 467 2496 in
484 2440 590 2510 peculio
608 2445 663 2510 est,
681 2440 768 2496 teneri
785 2444 865 2508 putat
881 2440 1017 2510 Iulianus,
1040 2442 1168 2510 quoniam
1186 2438 1331 2496 fideiussor
1348 2438 1456 2494 loturae
1474 2454 1585 2508 quoquo
1603 2439 1721 2494 actionis
1866 2507 1867 2516 χ

250 2535 262 2580 1
283 2529 370 2598 accipi
392 2529 492 2598 possit,
516 2529 540 2583 si
562 2533 655 2582 tamen
678 2528 718 2582 sic
741 2533 872 2598 acceptus
895 2533 946 2584 est.
983 2527 1012 2584 Si
1031 2529 1148 2584 creditor
1164 2533 1283 2598 patrem,
1307 2528 1355 2597 qui
1376 2528 1412 2582 de
1434 2529 1542 2597 peculio
1565 2526 1720 2594 tenebatur,
1739 2539 1770 2582 aa

282 2617 589 2686 heredemvinstituerit,
608 2617 673 2686 quia
690 2617 785 2672 mortis
803 2622 913 2686 tempus
931 2617 958 2670 in
976 2617 1115 2672 Falcidiae
1132 2618 1238 2672 ratione
1256 2620 1408 2686 spectatur,
1431 2616 1503 2672 illius
1521 2615 1655 2685 temporis
1671 2629 1720 2684 pe

249 2713 264 2757 a
283 2707 383 2761 culium
402 2705 625 2761 considerabitur.
662 2705 753 2760 Etiam
771 2709 917 2774 postquam
936 2705 1062 2761 dominus
1080 2706 1115 2760 de
1132 2705 1239 2775 peoulb
1257 2711 1409 2760 conuentus
1427 2708 1483 2774 est,
1507 2702 1653 2759 fideiussor
1669 2716 1719 2772 pro

283 2809 363 2851 seruo
382 2795 469 2863 accipi
485 2797 578 2863 potest
594 2798 623 2848 et
639 2793 729 2863 ideo⁸,
753 2808 808 2862 qua
825 2794 944 2862 ratione,
968 2794 1073 2863 sipost
1090 2795 1225 2849 actionem
1243 2793 1375 2848 dictatam
1392 2807 1490 2847 seruus
1507 2792 1654 2861 pecuniam
1672 2805 1719 2844 ex-

283 2883 408 2953 soluerit,
426 2898 481 2937 non
499 2883 587 2952 magis
605 2885 729 2952 repetere
746 2885 840 2952 potest
857 2897 939 2951 quam
959 2882 982 2936 si
1000 2882 1131 2938 iudicium
1148 2882 1280 2936 dictatum
1298 2895 1354 2936 uon
1371 2879 1478 2950 fuisset,
1497 2879 1595 2935 eadem
1613 2879 1720 2934 ratione

282 2970 427 3026 fideiussor
444 2984 553 3040 quoque
570 2970 673 3026 utiliter
690 2973 820 3039 acceptus
837 2969 989 3041 uidebitur,
1015 2971 1080 3038 quia
1102 2969 1232 3024 naturalis
1251 2968 1394 3038 obligatio,
1417 2984 1500 3038 quam
1519 2968 1602 3023 etiam
1621 2981 1720 3022 seruus
1741 2977 1774 3020 a·

250 3065 265 3111 8
283 3059 422 3128 suscipere
440 3058 562 3127 uidetur,
581 3059 608 3112 in
627 3058 702 3113 litem
719 3059 853 3114 ususlata
869 3073 924 3114 non
942 3061 993 3114 est.
1031 3057 1133 3114 Seruus
1151 3058 1269 3127 alienus,
1292 3072 1354 3112 cum
1374 3057 1463 3113 bonae
1481 3055 1563 3112 iidei‘
1581 3051 1721 3139 &Q

283 3147 399 3204 seruiret
416 3145 491 3216 mihi,
509 3161 634 3202 nummos
652 3147 755 3202 alitio
772 3149 929 3202 mutuatos⁶
943 3146 1008 3202 mihi
1025 3147 1109 3216 dedit
1127 3151 1159 3201 ut
1172 3161 1234 3201 eum
1251 3146 1478 3214 manumitterem,
1496 3151 1526 3200 et
1543 3145 1720 3201 manumissi:

283 3236 401 3292 creditor
419 3235 576 3305 quaerebat,
594 3250 675 3305 quem
692 3235 728 3289 de
746 3236 853 3304 peculio
871 3236 1038 3292 conueniret.
1066 3235 1131 3304 dixi,
1152 3249 1316 3303 quamquam
1335 3233 1453 3289 creditor
1471 3234 1634 3288 electionem
1652 3233 1720 3288 alias

283 3324 410 3394 haberet,
433 3329 526 3378 minen
543 3324 572 3380 iu
589 3323 729 3393 proposito
747 3323 886 3379 dominum
906 3339 967 3380 ease
985 3323 1202 3378 conueniendum
1227 3327 1335 3378 etcum
1355 3322 1391 3377 ad
1409 3321 1593 3378 exhibendum
1612 3337 1720 3376 mecum
1786 3365 1791 3374 .

284 3417 407 3468 acturum
425 3412 558 3482 pecuniae
576 3412 693 3483 nomine,
712 3425 783 3481 quae
801 3413 853 3482 ipsi
871 3416 945 3468 esset
963 3411 1100 3482 adquisita
1117 3411 1214 3466 necin
1232 3425 1294 3468 eam
1306 3426 1417 3466 causam
1436 3411 1562 3478 alienata,
1581 3423 1653 3479 quae
1671 3423 1722 3478 pro
1740 3419 1771 3460 aa

284 3501 374 3570 capite
391 3501 465 3556 serui
481 3499 556 3556 facta
572 3505 782 3570 proponereturr
801 3517 890 3572 neque
908 3501 979 3556 enim
998 3499 1196 3556 admittendum
1209 3514 1271 3554 esse
1283 3499 1484 3554 fflstinctionem
1496 3497 1722 3566 existimantium,

284 3589 308 3644 si
326 3604 381 3644 non
398 3589 597 3659 manumittam,
615 3589 719 3646 domini
736 3591 879 3660 pecuniam
898 3604 968 3658 csse,
990 3589 1202 3644 manumissione
1220 3603 1287 3644 uero
1305 3593 1400 3643 secuta
1417 3587 1504 3642 uideri
1520 3586 1669 3655 pecuniam
1686 3600 1722 3640 ex

283 3692 314 3732 re
336 3693 399 3733 mea
421 3678 575 3748 quaesitam
597 3676 677 3748 mihi,
701 3678 829 3747 quoniam
854 3678 942 3748 magis
963 3681 1076 3748 propter
1097 3692 1154 3733 rem
1178 3691 1282 3747 meam,
1306 3692 1388 3746 quam
1411 3691 1446 3731 ex
1468 3689 1498 3730 re
1521 3689 1585 3730 mea
1605 3673 1724 3745 pecunia

284 3764 351 3820 mihi
365 3765 487 3822 daretur.

285 3869 444 3942 F[P(LU)]

287 4023 296 4056 ²
314 4020 339 4105 si
356 4025 421 4076 ante
438 4021 624 4108 uenditionem
635 4037 739 4108 nseruus
752 4022 784 4108 'oi
800 4022 904 4109 aliquid
926 4021 1055 4107 debueritn
1071 4024 1112 4076 ael
1132 4023 1229 4105 similis
1247 4028 1294 4074 ina.
1313 4017 1500 4104 (i‘mi““.3·'
1525 4016 1541 4072 ὁ
1559 4014 1722 4101 spiracia-

284 4110 414 4156 arousuoc
431 4111 499 4148 aona
516 4103 642 4164 ruelarper
662 4110 693 4147 ra
711 4111 762 4164 προ
780 4112 827 4148 rac
845 4111 966 4163 apscede
989 4111 1061 4161 aruc
1079 4100 1290 4174 xpemcraesura,
1310 4108 1341 4152 ογ
1360 4109 1410 4173 aas
1429 4106 1460 4142 ra
1478 4106 1544 4142 uera
1562 4106 1612 4172 rua
1631 4105 1723 4159 upacru

284 4163 617 4301 eossgptssdg,(ietgi)r÷tet
638 4163 1039 4290 hagcmffiaterfstwppkmo)
1138 4164 1150 4197 ²
1173 4165 1278 4216 mrnuat
1300 4157 1456 4231 peculium?
1552 4159 1564 4194 ⁸
1588 4157 1653 4214 ideo
1677 4159 1724 4213 det

286 4365 462 4434 legentem]
487 4365 642 4434 exigentem
666 4365 744 4420 PLU
795 4365 975 4421 2deductio-
1028 4364 1078 4434 sic]
1098 4365 1121 4419 si
1139 4369 1231 4420 tantm
1249 4364 1272 4418 si
1285 4363 1369 4427 ΡΨ,
1387 4366 1480 4415 tamen
1498 4361 1521 4416 si
1535 4361 1573 4414 L·
1628 4363 1665 4416 36
1683 4375 1725 4416 ra·

285 4449 348 4489 nem
360 4435 401 4488 P·
436 4437 602 4491 3seruisF¹
638 4437 801 4506 taliquouis
814 4437 855 4491 P·
888 4438 976 4492 5mu·
1028 4434 1360 4505 tione's'spect⁴aturl'³.
1400 4433 1434 4486 28
1452 4431 1573 4486 rationes
1590 4432 1631 4485 P·
1647 4433 1653 4498 1
1669 4431 1724 4487 dic·

284 4509 392 4560 tutatum
405 4506 446 4560 P‘
491 4507 976 4579 trusam.1³·,eupptmensaa
1029 4507 1136 4562 tamP'
1163 4507 1346 4575 29ne⁴petere
1354 4504 1393 4558 1²³
1424 4502 1616 4558 adsidebatur
1625 4502 1726 4558 Plau·

285 4575 645 4703 “curruum
661 4579 705 4702 u
885 4578 977 4718 rra
1029 4571 1729 4714 acernaacerna,

284 4661 320 4772 {21⁰
332 4717 379 4782 P·,
399 4733 434 4774 cn
453 4686 546 4772 1³¹⁴uu
564 4718 568 4784 l
589 4689 759 4774 ueornr'uer
773 4687 874 4774 'erun
891 4718 977 4774 conr·
1030 4719 1137 4788 quar·
1152 4721 1157 4786 l
1173 4687 1470 4783 censiderassent
1491 4714 1611 4768 snmus
1627 4729 1727 4783 quera

285 4803 338 4843 nus
356 4789 401 4842 uel
418 4788 529 4844 domino
546 4803 643 4844 seruus
662 4791 706 4854 Ρ,
731 4789 838 4846 debitor
859 4791 904 4845 uel
922 4805 977 4844 ser·
1030 4789 1151 4858 batque
1174 4789 1208 4843 de
1230 4788 1337 4858 peculio
1358 4786 1493 4842 actionem
1511 4785 1552 4839 P·
1605 4785 1643 4840 35
1662 4787 1727 4840 alie

286 4874 339 4914 uus
357 4859 468 4914 domino
485 4861 531 4914 uel
548 4859 674 4916 dominus
692 4861 766 4915 serui
786 4861 827 4926 Ua
851 4860 977 4916 dominus
1030 4864 1123 4915 uatarn
1142 4858 1294 4913 F¹P·L⁰U⁶
1337 4859 1372 4912 36
1387 4857 1511 4911 emetP·
1526 4858 1531 4920 Ι
1546 4854 1728 4912 existiman*

286 4928 394 4985 debitor
411 4945 492 4988 semo
510 4931 554 4986 uel
566 4945 663 4986 seruus
675 4931 821 4986 dominoL
869 4932 977 5001 19pos·
1030 4931 1099 4986 dum
1123 4931 1161 4984 F’
1213 4930 1247 4984 37
1272 4929 1415 4998 pecuniam
1504 4925 1592 4980 uideri
1617 4927 1660 4980 tta
1677 4927 1728 4982 F*

286 5001 408 5057 sessione
426 5003 454 5056 P
495 5003 530 5058 21
548 5006 692 5072 acceperet
709 5003 746 5055 F¹
791 5001 978 5058 susianen
1030 5002 1066 5056 33
1084 5000 1224 5071 quoniam]
1241 5015 1324 5070 quum
1342 5000 1390 5064 P⁶,
1409 4997 1474 5067 qrria
1495 4995 1536 5051 U?
