3690 5558
106 317 359 368 mmmmm
755 291 842 373 547
1303 294 1419 364 xvllll
1445 302 1514 362 111

72 469 92 513 11
106 461 140 510 est
154 461 182 512 ut
197 455 375 526 sequentibus
393 453 547 510 aetiombus
564 453 683 510 deducto
701 468 734 510 eo
752 453 825 523 quod
849 453 1009 523 praestitum
1027 457 1071 508 ast
1092 451 1125 506 lis
1145 451 1312 508 aestimetur.
1347 451 1423 508 Idem
1442 453 1516 506 reete

105 547 142 612 nit,
159 545 261 614 siquid
279 543 375 599 borum
394 559 448 598 non
467 547 634 613 praestetur,
659 557 721 598 eum
740 547 832 597 estora
849 540 923 596 laeta
941 541 1008 609 sint,
1031 541 1105 596 nollo
1123 539 1241 595 deduoto
1264 539 1517 596 condemnationem

71 631 250 690 rriaoiendam.
286 633 363 688 ldem
385 631 454 688 libro
478 630 598 687 seeundo
620 645 812 700 responsorum
835 630 874 684 ait
896 635 1046 700 emptorem
1068 629 1161 684 noxali
1184 627 1284 684 iodioio
1308 629 1517 684 eondemnatum

104 727 234 791 exempto
252 722 360 776 wtione
377 720 406 776 id
424 724 530 774 tantum
549 719 686 789 oonsequi,
707 719 802 789 quanti
820 717 932 772 minimo
950 714 1062 786 defungi
1080 718 1183 788 potuit:
1207 716 1334 786 idemque
1351 719 1478 786 putatet
1495 716 1519 770 sl

104 823 132 864 er
147 811 273 880 stipulatu
291 815 370 879 aget:
392 814 421 864 et
438 809 497 863 siue
515 806 646 863 defendat
662 807 753 862 noxali
770 807 885 876 indieio‚
904 805 963 860 siue
981 821 1049 874 nou,
1067 808 1132 876 qnia
1150 804 1320 861 mortinetum
1339 804 1390 860 fuit
1407 805 1518 860 noxium
1537 817 1551 858 ι

70 909 90 954 lt
103 913 199 953 seruum
216 897 316 966 inisse,
340 897 423 954 nibilo
444 899 535 954 minus
557 898 601 952 nel
625 912 660 952 ex
681 897 813 965 stipulatu
836 896 880 950 uel
903 909 938 948 ex
961 899 1053 964 empto
1070 909 1154 964 agere
1171 909 1261 965 posse.
1287 895 1372 949 ¹idem
1392 893 1519 948 Neratius

104 987 135 1040 ait
150 987 315 1042 uenditorem
333 987 361 1042 in
379 1000 410 1042 re
427 987 560 1042 tradenda
578 986 678 1041 debere
695 989 835 1055 praestare
854 983 984 1054 emptori,
1008 989 1040 1038 ut
1061 984 1089 1038 in
1111 985 1158 1040 lite
1181 984 1216 1039 de
1238 983 1412 1054 possessione
1430 982 1520 1050 potior

106 1075 148 1128 rit:
170 1075 217 1130 ssd
235 1075 356 1130 lulianus
373 1073 442 1130 libro
465 1075 560 1144 quinto
578 1075 685 1132 decimo
702 1073 871 1143 digestorum
888 1071 987 1142 probat
1003 1087 1054 1128 neo
1074 1072 1162 1127 uideri
1182 1072 1327 1140 traditum,
1351 1072 1374 1125 si
1398 1071 1521 1141 superior

105 1163 129 1216 in
149 1164 317 1231 possessione
341 1169 448 1234 emptor
469 1162 577 1219 iuturus
599 1179 653 1219 non
675 1164 725 1218 sit:
751 1163 803 1217 erit
827 1162 911 1232 igitur
933 1176 968 1216 ex
990 1166 1082 1231 empto
1104 1161 1189 1226 aetio,
1211 1161 1263 1216 niel
1284 1160 1337 1216 boo
1358 1165 1520 1230 praestetur.

70 1249 202 1306 ritanus
220 1253 259 1307 ait
276 1268 352 1321 eum,
377 1253 424 1323 qui
447 1267 481 1308 ex
506 1252 606 1323 duplae
630 1251 805 1321 stipulatione
827 1251 883 1306 litis
905 1249 1122 1306 aestimationem
1146 1253 1310 1304 oonseeutus
1328 1253 1383 1318 est,
1408 1249 1520 1303 aliarum
1539 1259 1568 1300 ιο

102 1354 180 1394 rerum
196 1341 314 1409 nomine,
332 1340 484 1411 dequibus
502 1341 530 1396 in
548 1338 750 1396 perditionibus
769 1339 859 1394 osueri
877 1340 960 1408 solet,
978 1337 1044 1394 nihil
1062 1338 1192 1408 consequi
1209 1351 1299 1408 posse.
1335 1336 1455 1393 Iulianus
1473 1336 1520 1391 de·

69 1437 90 1482 lt
103 1425 199 1484 finiente
216 1429 301 1500 dupla
318 1445 353 1484 ex
370 1435 463 1500 emptu
481 1429 617 1499 agendum
641 1429 757 1499 putauit.
793 1428 918 1496 Denique
940 1426 1009 1482 libro
1031 1426 1153 1482 deoimo¹
1173 1425 1246 1494 apud
1265 1425 1403 1480 Minicium
1422 1426 1474 1494 ait,
1496 1424 1521 1480 si

104 1517 156 1584 nnis
171 1533 278 1573 seruum
296 1533 331 1574 ea
348 1518 507 1575 eondieioue
524 1517 686 1586 uendiderit,
705 1523 736 1572 ut
753 1517 824 1572 intra
841 1516 955 1584 triginta
973 1515 1032 1570 dies
1050 1515 1160 1585 duplam
1174 1513 1352 1584 promitteret,
1371 1517 1469 1583 postea
1486 1527 1521 1568 ne

104 1604 160 1674 quid
176 1612 368 1677 praestaretur,
387 1613 416 1662 et
433 1611 539 1676 emptor
556 1605 608 1662 boo
625 1605 684 1662 lieri
701 1605 774 1660 intra
791 1604 863 1658 diem
880 1619 936 1658 nou
954 1603 1158 1672 desiderauerit,
1176 1603 1215 1657 ita
1232 1601 1342 1658 demum
1360 1617 1415 1658 non
1434 1601 1521 1656 teneri

104 1693 273 1765 uenditorem,
298 1696 468 1765 siignorans
486 1696 604 1752 alienum
623 1694 759 1750 uendidit:
782 1699 848 1748 tuno
870 1693 989 1748 enimin
1011 1691 1063 1748 boo
1080 1689 1165 1760 fiens,
1188 1696 1219 1746 ut
1241 1705 1290 1762 per
1312 1691 1402 1760 ipsum
1426 1695 1455 1745 et
1471 1705 1522 1760 per
1540 1699 1568 1742 rs

103 1780 217 1839 beredem
234 1785 295 1840 eius
313 1790 463 1854 emptorem
482 1783 582 1840 babere
600 1784 704 1839 boaret:
728 1782 774 1852 qui
797 1786 888 1836 autem
912 1781 1028 1836 alienum
1052 1779 1142 1835 seiens
1162 1779 1300 1849 uendidit,
1324 1778 1401 1848 dolo,
1424 1778 1520 1849 lnquit,

69 1879 90 1925 lt
103 1885 149 1926 non
164 1876 236 1928 earet
252 1877 283 1927 et
298 1873 361 1928 ideo
379 1874 464 1943 empti
480 1872 580 1928 iudieio
598 1871 743 1928 tenebitur.
779 1868 948 1926 Sententiam
966 1869 1062 1924 Iuliani
1084 1869 1255 1924 uerissimam
1279 1882 1341 1922 esse
1359 1867 1476 1923 arbitror
1492 1867 1521 1922 in

103 1959 249 2028 pignoribus
271 1975 394 2030 eumue:
422 1977 485 2016 nam
510 1962 533 2016 si
555 1961 614 2016 iure
637 1959 779 2014 oreditoris
802 1957 969 2028 pendiderit,
996 1957 1095 2014 deinde
1122 1956 1190 2012 haee
1213 1955 1312 2012 inerint
1334 1956 1438 2025 euiota,
1466 1971 1521 2011 non

103 2053 199 2104 tenebar
215 2065 266 2106 neo
284 2050 320 2104 ad
337 2051 454 2120 pretium
472 2047 670 2105 restituendum
689 2063 724 2102 ex
742 2053 834 2118 empto
853 2048 960 2102 aetione
978 2046 1107 2102 oreditor:
1125 2045 1178 2100 boe
1196 2046 1266 2101 enim
1286 2045 1377 2100 multis
1390 2045 1521 2100 eonstitu-

103 2138 210 2194 tionibus
227 2140 354 2194 edentum
373 2145 423 2194 est
455 2138 547 2194 dolum
564 2139 646 2208 plane
664 2135 791 2193 nendnn
808 2136 967 2206 praestabit,
985 2135 1105 2204 deniqne'
1115 2135 1196 2190 etiam
1209 2134 1373 2204 repromittit
1390 2132 1426 2188 ds
1444 2132 1520 2188 dolo:
1540 2143 1569 2186 ro

104 2226 146 2280 sed
162 2232 189 2280 et
204 2229 227 2282 si
244 2243 300 2284 non
318 2227 514 2298 repromiserit,
538 2228 627 2282 selene
650 2231 743 2280 tamen
766 2224 818 2280 sibi
840 2240 894 2280 non
919 2225 1086 2294 obligatam⁸
1104 2223 1147 2279 uel
1171 2237 1226 2278 non
1249 2237 1310 2278 esse
1328 2222 1387 2278 eius
1405 2222 1452 2291 qui
1470 2220 1522 2276 sibi

104 2313 223 2384 obligauit
242 2316 410 2384 nendidorit,
433 2314 570 2372 tenebitur
592 2329 626 2368 ex
649 2319 754 2383 emptu,
778 2313 843 2383 quia
865 2314 957 2370 dolum
976 2329 1038 2369 eum
1058 2316 1199 2383 praestare
1224 2310 1324 2366 debore
1342 2310 1521 2367 ostendimus.

69 2409 90 2452 ll
105 2400 129 2456 Si
144 2405 201 2472 quis
216 2420 273 2460 rem
291 2403 448 2461 uendiderit
464 2409 493 2460 et
511 2404 536 2458 ei
554 2418 727 2458 aomanorum
745 2402 812 2471 quid
828 2401 940 2472 dixerit,
965 2401 1057 2458 omnia
1073 2399 1197 2470 quidem,
1221 2414 1292 2469 quae
1311 2399 1428 2454 diximus
1446 2400 1475 2454 in
1492 2414 1522 2454 re

104 2489 229 2562 dunen,
248 2494 276 2549 in
293 2493 346 2548 boo
363 2507 471 2564 qnoqm
489 2491 629 2562 sequenda
646 2492 723 2561 sint⁴,
742 2497 773 2546 ut
789 2495 882 2546 tamen
900 2491 1043 2547 euletionis
1061 2489 1169 2546 nomine
1188 2503 1242 2544 non
1261 2487 1288 2542 in
1304 2487 1416 2559 duplum
1429 2493 1522 2544 tenea·

103 2583 149 2649 tur,
165 2581 211 2636 sed
228 2583 255 2637 in
273 2581 325 2636 boe
342 2586 448 2636 mutum
467 2579 616 2650 obligetur,
633 2585 665 2635 nt
682 2581 797 2649 emptori
814 2579 914 2636 bebere
932 2580 1026 2648 lioeat,
1044 2583 1073 2634 et
1090 2593 1144 2632 non
1162 2577 1250 2633 solum
1268 2591 1318 2646 per
1336 2591 1380 2647 se,
1406 2576 1455 2631 sed
1473 2591 1523 2647 per
1540 2587 1571 2630 re

69 2675 90 2720 ιι
104 2681 195 2724 onnes.
230 2670 282 2736 Qui
300 2675 391 2726 autem
417 2669 516 2725 babere
537 2669 618 2724 lieere
641 2667 777 2738 uenffldit,
800 2669 943 2724 uideamus
966 2667 1032 2738 quid
1055 2665 1156 2722 debeat
1177 2668 1326 2735 praestare.
1355 2669 1384 2720 st
1406 2666 1522 2720 multum

103 2755 221 2814 interese
239 2759 369 2828 arbitror,
387 2763 478 2814 utrum
496 2757 548 2814 boo
566 2757 725 2828 polliceatur
741 2772 791 2827 per
808 2771 838 2812 se
856 2758 1051 2827 uenientesqne
1069 2770 1087 2809 a
1104 2768 1134 2810 se
1152 2768 1283 2825 personas
1301 2767 1356 2808 nou
1375 2750 1448 2823 fieri,
1466 2766 1522 2821 quo

103 2844 182 2900 minus
198 2847 297 2902 babere
314 2847 404 2917 lineat,
422 2861 458 2902 an
476 2861 541 2902 uero
560 2861 609 2916 per
627 2861 730 2902 omnes.
758 2861 821 2902 nam
840 2845 929 2916 siper
947 2861 986 2914 se,
1005 2859 1059 2900 non
1074 2843 1183 2900 uidetur
1195 2842 1224 2896 id
1234 2846 1386 2912 praestare,
1404 2855 1440 2896 ne
1452 2841 1521 2896 alius

103 2934 211 2990 euinmt:
232 2935 347 3006 proinde
365 2935 390 2990 si
407 2935 497 2990 euiota
514 2949 558 2990 res
576 2934 642 3003 erit,
666 2934 725 2990 siue
743 2934 882 3003 stipulatio
905 2933 1066 3004 interposita
1083 2937 1140 3000 est,
1164 2945 1198 2985 ex
1222 2929 1355 3000 stipulatu
1373 2945 1428 2985 non
1446 2933 1521 2984 tene-

102 3018 178 3090 bitur,
195 3025 253 3080 sine
270 3040 326 3080 non
344 3027 387 3078 est
404 3023 578 3094 interposita,
602 3037 636 3076 ex
654 3027 747 3092 empto
766 3037 819 3077 nou
837 3020 982 3076 tenebitur.
1008 3021 1058 3076 sed
1075 3020 1196 3075 Iulianus
1212 3018 1282 3073 libro
1300 3017 1396 3087 quinto
1413 3017 1520 3072 deeimo
1539 3027 1569 3070 so

102 3107 257 3179 digestorum
276 3111 384 3180 soribit,
407 3113 514 3168 etiamsi
532 3115 626 3181 aperte
644 3109 771 3165 uenditor
788 3110 945 3179 pronuntiet
967 3123 1017 3180 per
1034 3125 1064 3164 es
1083 3105 1265 3176 heredemque
1283 3121 1363 3162 suum
1382 3121 1436 3162 nou
1446 3103 1520 3178 fieri,

102 3211 150 3264 qno
166 3201 251 3256 minus
268 3199 369 3256 babere
385 3200 481 3269 lineat,
504 3215 587 3269 posse
610 3197 720 3254 delendi
744 3213 779 3254 ex
801 3203 893 3268 empto
917 3213 979 3254 eum
1003 3198 1030 3253 in
1052 3197 1104 3252 boe
1122 3195 1231 3267 quidem
1250 3209 1305 3250 nou
1322 3195 1422 3264 teneri,
1446 3191 1521 3264 quod

102 3288 220 3356 emptoris
237 3289 365 3360 interest,
384 3304 479 3344 uerum
497 3293 589 3344 tamen
606 3292 639 3342 ut
655 3287 773 3358 pretium
791 3285 889 3342 reddat
906 3287 1002 3342 teneri.
1028 3286 1128 3341 ibidem
1148 3285 1187 3340 ait
1204 3283 1277 3340 idem
1294 3298 1357 3338 esse
1375 3281 1520 3339 dioendum

102 3377 127 3426 st
142 3375 165 3428 si
180 3382 269 3446 aperte
287 3378 316 3434 in
334 3377 491 3434 uenditione
508 3375 752 3447 eomprehendatur
769 3374 834 3430 nihil
852 3375 995 3431 eoietionis
1012 3375 1121 3430 nomine
1140 3377 1308 3442 praestatum
1331 3371 1378 3426 iri:
1402 3371 1519 3440 pretinm
1539 3381 1570 3425 ιι

102 3461 201 3528 quidem
218 3465 311 3523 deberi
328 3481 358 3522 re
376 3467 481 3535 euieta,
499 3465 643 3521 utilitatem
661 3479 716 3520 non
733 3463 838 3519 deberi:
858 3462 867 3532 11
887 3479 976 3534 neque
999 3464 1071 3518 enim
1088 3461 1177 3518 bonae
1201 3459 1265 3516 fidei
1288 3463 1445 3516 eonomine
1468 3457 1521 3514 bae
1537 3465 1554 3514 t.
1565 3467 1611 3514 att

101 3551 210 3616 patiturt
227 3555 419 3626 mnuensone,
442 3559 475 3610 ut
497 3559 603 3624 emptor
624 3567 682 3608 rom
706 3553 844 3608 amitteret
865 3557 894 3606 et
914 3551 1031 3621 pretium
1054 3551 1180 3606 uenditor
1202 3549 1339 3605 renueret
1366 3547 1418 3604 nisi
1441 3545 1519 3617 forte,

101 3636 188 3709 inquit,
204 3642 243 3698 sie
260 3643 322 3712 quis
339 3657 434 3698 omnes
451 3643 519 3698 istas
538 3657 622 3712 supra
638 3641 754 3712 seriptss
772 3641 966 3696 oonuemiones
983 3639 1108 3709 reeipiet,
1133 3635 1363 3709 quemadmodum
1381 3635 1519 3706 reeipitur,

101 3731 129 3780 ut
144 3729 264 3786 uenditor
281 3746 407 3788 nummos
425 3731 550 3801 aooipiet,
568 3730 694 3800 quamuis
712 3743 788 3784 merx
806 3728 842 3784 ad
860 3733 1010 3798 emptorem
1028 3743 1082 3784 nou
1099 3728 1244 3798 pertineat,
1262 3725 1348 3782 ueluti
1366 3739 1429 3780 oum
1446 3722 1520 3780 tutn-

101 3829 154 3870 rum
171 3819 266 3874 iaeturn
285 3819 351 3874 retis
369 3820 539 3889 apisoatore
557 3819 672 3874 emimus
690 3821 739 3872 aut
754 3816 911 3888 indaginem
935 3817 1024 3887 plagis
1045 3817 1143 3886 positis
1161 3832 1178 3870 a
1195 3820 1326 3872 uenatore
1344 3814 1389 3868 uel
1406 3811 1519 3884 panthe-

101 3907 170 3958 ram⁸
185 3907 218 3962 ab
236 3923 355 3978 aueups:
373 3924 436 3964 nam
455 3908 562 3964 etiamsi
581 3907 646 3962 nihil
664 3906 751 3976 oepit,
774 3905 857 3962 nihilo
880 3906 970 3960 minus
989 3911 1096 3975 emptor
1113 3904 1230 3975 pretium
1249 3908 1388 3973 praestare
1406 3915 1520 3957 neeesse
1539 3912 1568 3954 lo

101 3989 213 4051 babebit:
236 3996 286 4051 sed
303 3997 331 4050 in
350 3997 558 4066 suprascriptis
575 3993 802 4052 oonuentionibus
824 3998 919 4050 eontra
940 3993 992 4048 erit
1009 3993 1162 4048 dieendum.
1190 3991 1243 4048 nisi
1260 3989 1330 4046 torte
1348 3991 1438 4046 solens
1457 3989 1520 4044 alie·

101 4087 250 4164 1ἿΡ11Ἦ11

101 4221 213 4324 {quinto
235 4227 284 4294 (D.
304 4226 508 4294 Gottosreclust‘?
579 4223 683 4294 ¹lieri]
705 4226 792 4280 teneri
815 4223 982 4290 (oorntmlt
1057 4221 1231 4292 'obligata‘l
1301 4220 1400 4275 ‘sunt
1422 4216 1521 4286 (edd.)?

127 4297 222 4350 subn?
293 4297 473 4365 ⁶pantberan
490 4299 534 4370 (ιβ
552 4298 638 4351 Varro
657 4299 688 4350 de
705 4297 765 4350 tn.
778 4297 804 4362 5,
817 4294 898 4362 100)‘?

101 4413 278 4489 demptorem]
287 4425 394 4490 emptor
402 4426 445 4475 est
454 4421 495 4474 P⁶
540 4419 774 4482 bnonom.P⁰Vl
829 4417 990 4474 hoeP‘VU
1029 4419 1063 4472 18
1075 4415 1184 4486 inerint]
1197 4415 1279 4472 inerit
1290 4413 1364 4470 FPU
1396 4414 1429 4468 19
1441 4426 1519 4482 prae-

101 4486 478 4560 momentaneoque
500 4491 542 4556 Vl
564 4487 780 4545 nimaiestumF
828 4491 896 4545 bum
915 4489 941 4542 F
985 4489 1023 4544 &3
1044 4487 1122 4614 guid}
1131 4487 1200 4558 sP‘,
1224 4487 1272 4556 qui
1295 4487 1356 4540 FP·
1409 4485 1444 4539 25
1465 4499 1520 4540 nou

101 4557 201 4630 (⁶m·s)=
218 4561 300 4617 ailbe
318 4559 416 4616 'ecrrB
461 4561 606 4632 ldebere]
620 4560 703 4616 debet
717 4562 774 4623 Ρ”Ι
830 4581 878 4616 om.
891 4561 932 4614 P·
986 4561 1020 4614 nl
1063 4559 1115 4614 erit
1132 4561 1178 4624 P·,
1201 4556 1279 4614 fieret
1301 4556 1352 4611 VU
1404 4557 1438 4610 31
1457 4570 1519 4624 pro·

100 4633 212 4702 empne]
232 4634 347 4702 emptori
365 4637 473 4703 oportet
484 4634 604 4688 neradus
616 4632 655 4686 ait
673 4633 711 4686 P·
727 4635 731 4698 Ι
746 4632 776 4687 li·
829 4631 942 4686 nunoint
953 4630 1006 4684 PU
1018 4631 1023 4698 1
1039 4629 1106 4700 lieri]
1119 4628 1233 4692 P⁵V⁵U,
1247 4627 1332 4684 teneri
1346 4629 1373 4692 F,
1391 4626 1462 4680 ...eri
1472 4626 1519 4690 P0,

100 4701 191 4754 temP
238 4705 272 4759 10
290 4705 345 4758 litis
363 4705 580 4760 aestimationem
599 4718 650 4758 oon
669 4703 776 4767 om.P',
831 4712 878 4757 rnc.
894 4702 928 4754 V⁰
972 4702 1007 4756 32
1026 4717 1107 4770 posse
1125 4698 1207 4755 edei.
1227 4701 1265 4754 P·
1308 4698 1343 4754 35
1361 4698 1433 4752 hano
1449 4695 1520 4766 pati·

100 4767 149 4824 litis
170 4776 381 4830 aestimationem
405 4794 452 4828 nm.
471 4776 497 4828 V
552 4776 584 4830 11
609 4773 714 4828 erueris
738 4775 778 4826 Ρ’1
829 4776 875 4827 tur
898 4773 1105 4828 conuentionem
1115 4770 1211 4850 sPll',
1234 4771 1286 4826 bae
1309 4769 1434 4840 paciatur
1457 4782 1521 4822 oon·

101 4839 131 4892 13
148 4841 224 4913 dupla
241 4847 444 4915 promitteretur
458 4846 530 4912 PVl
545 4849 642 4914 postea
659 4859 694 4898 ne
711 4843 777 4913 quid
830 4842 959 4900 uentione
977 4844 1024 4907 Ρη
1043 4843 1113 4898 beno
1131 4843 1254 4914 paoiatur
1273 4841 1480 4897 consentionem
1499 4836 1524 4892 U

100 4921 272 4976 praestaretur
289 4917 422 4970 om.P⁰V
476 4918 509 4972 14
527 4917 566 4971 ita
583 4915 692 4970 demum
711 4915 774 4985 non]
829 4916 864 4970 36
883 4915 1027 4983 amitteret]
1039 4913 1137 4983 sPtll,
1156 4913 1337 4969 amitteth·
1378 4912 1412 4965 37
1425 4908 1520 4978 inquid

101 4980 132 5034 td
149 4989 233 5044 omnia
249 4987 360 5042 demum
378 4989 419 5052 Vn
437 4987 473 5042 ad
491 4987 581 5042 omnia
599 4987 708 5042 demum
721 5001 776 5041 non
829 4988 969 5057 ΗΜ)
991 4986 995 5052 Ι
1020 4985 1068 5054 sie]
1093 4986 1117 5042 si
1139 4985 1192 5041 PU
1252 4985 1287 5040 39
1316 4981 1457 5054 patheram
1482 4980 1521 5034 P·

100 5051 143 5118 P¹,
164 5059 257 5113 ireP·
311 5059 345 5115 15
362 5059 472 5130 ignoras
493 5059 535 5114 P⁰
555 5062 559 5127 Ι
580 5059 608 5113 in
625 5057 686 5126 boo]
706 5058 775 5122 FP·,
828 5058 864 5112 40
881 5071 968 5127 aeupe
986 5057 1015 5110 P

1247 5141 1309 5198 35*
