<?xml version="1.0" encoding="UTF-8"?>
<!DOCTYPE html PUBLIC "-//W3C//DTD XHTML 1.0 Transitional//EN"
    "http://www.w3.org/TR/xhtml1/DTD/xhtml1-transitional.dtd">
<html xmlns="http://www.w3.org/1999/xhtml" xml:lang="en" lang="en">
 <head>
  <title>
</title>
<meta http-equiv="Content-Type" content="text/html;charset=utf-8" />
  <meta name='ocr-system' content='tesseract 3.04.00' />
  <meta name='ocr-capabilities' content='ocr_page ocr_carea ocr_par ocr_line ocrx_word'/>
</head>
<body>
  <div class='ocr_page' id='page_1' title='image "./digestaiustinia00mommgoog_0803.png"; bbox 0 0 3766 5554; ppageno 0'>
   <div class='ocr_carea' id='block_1_1' title="bbox 602 980 1774 1104">
    <p class='ocr_par' dir='ltr' id='par_1_1' title="bbox 602 980 1774 1104">
     <span class='ocr_line' id='line_1_1' title="bbox 602 980 1774 1104; baseline -0.009 -2"><span class='ocrx_word' id='word_1_1' title='bbox 602 1029 751 1102; x_wconf 78' lang='lat' dir='ltr'>rmus</span> <span class='ocrx_word' id='word_1_2' title='bbox 777 1029 1036 1103; x_wconf 80' lang='lat' dir='ltr'>meremus</span> <span class='ocrx_word' id='word_1_3' title='bbox 1065 980 1319 1104; x_wconf 80' lang='lat' dir='ltr'>suounous</span> <span class='ocrx_word' id='word_1_4' title='bbox 1700 1045 1774 1092; x_wconf 64' lang='lat' dir='ltr'>aaa</span> 
     </span>
    </p>
   </div>
   <div class='ocr_carea' id='block_1_2' title="bbox 949 1247 964 1330">
    <p class='ocr_par' dir='ltr' id='par_1_2' title="bbox 949 1247 964 1330">
     <span class='ocr_line' id='line_1_2' title="bbox 949 1247 964 1330; baseline 0 0"><span class='ocrx_word' id='word_1_5' title='bbox 949 1247 964 1330; x_wconf 89' lang='lat'>1</span> 
     </span>
    </p>
   </div>
   <div class='ocr_carea' id='block_1_3' title="bbox 278 1365 1796 1586">
    <p class='ocr_par' dir='ltr' id='par_1_3' title="bbox 278 1365 1796 1586">
     <span class='ocr_line' id='line_1_3' title="bbox 278 1365 1796 1463; baseline -0.009 0"><span class='ocrx_word' id='word_1_6' title='bbox 278 1382 316 1463; x_wconf 75' lang='lat' dir='ltr'><strong>R</strong></span> <span class='ocrx_word' id='word_1_7' title='bbox 355 1385 418 1461; x_wconf 89' lang='lat' dir='ltr'>DE</span> <span class='ocrx_word' id='word_1_8' title='bbox 454 1384 619 1462; x_wconf 86' lang='lat' dir='ltr'>USURIS</span> <span class='ocrx_word' id='word_1_9' title='bbox 654 1381 717 1459; x_wconf 89' lang='lat' dir='ltr'>ET</span> <span class='ocrx_word' id='word_1_10' title='bbox 751 1365 1027 1460; x_wconf 73' lang='lat' dir='ltr'>FRUOTIBUS&#39;</span> <span class='ocrx_word' id='word_1_11' title='bbox 1049 1381 1112 1459; x_wconf 88' lang='lat' dir='ltr'>ET</span> <span class='ocrx_word' id='word_1_12' title='bbox 1148 1382 1312 1461; x_wconf 79' lang='lat' dir='ltr'>CAUSIS</span> <span class='ocrx_word' id='word_1_13' title='bbox 1344 1383 1408 1461; x_wconf 87' lang='lat' dir='ltr'>ET</span> <span class='ocrx_word' id='word_1_14' title='bbox 1444 1383 1653 1463; x_wconf 90' lang='lat' dir='ltr'>OMNIBUS</span> <span class='ocrx_word' id='word_1_15' title='bbox 1703 1397 1796 1452; x_wconf 79' lang='lat' dir='ltr'>Psss</span> 
     </span>
     <span class='ocr_line' id='line_1_4' title="bbox 609 1507 1318 1586; baseline 0.001 -1"><span class='ocrx_word' id='word_1_16' title='bbox 609 1508 974 1586; x_wconf 81' lang='lat' dir='ltr'><strong>ACCESSIONIBUS</strong></span> <span class='ocrx_word' id='word_1_17' title='bbox 1008 1507 1071 1584; x_wconf 87' lang='lat' dir='ltr'>ET</span> <span class='ocrx_word' id='word_1_18' title='bbox 1106 1508 1241 1585; x_wconf 72' lang='lat' dir='ltr'>Morte</span> <span class='ocrx_word' id='word_1_19' title='bbox 1280 1509 1318 1586; x_wconf 76' lang='lat' dir='ltr'><strong>R</strong></span> 
     </span>
    </p>
   </div>
   <div class='ocr_carea' id='block_1_4' title="bbox 205 1643 1743 4415">
    <p class='ocr_par' dir='ltr' id='par_1_4' title="bbox 208 1643 1743 1842">
     <span class='ocr_line' id='line_1_5' title="bbox 208 1643 1733 1766; baseline -0.005 -24"><span class='ocrx_word' id='word_1_20' title='bbox 208 1687 224 1742; x_wconf 90' lang='lat'>1</span> <span class='ocrx_word' id='word_1_21' title='bbox 296 1643 331 1739; x_wconf 82' lang='grc' dir='ltr'>Ρ</span> <span class='ocrx_word' id='word_1_22' title='bbox 333 1696 491 1738; x_wconf 75' lang='lat' dir='ltr'>numianus</span> <span class='ocrx_word' id='word_1_23' title='bbox 510 1682 578 1739; x_wconf 89' lang='lat' dir='ltr'>libro</span> <span class='ocrx_word' id='word_1_24' title='bbox 597 1682 718 1738; x_wconf 88' lang='lat' dir='ltr'>seeundo</span> <span class='ocrx_word' id='word_1_25' title='bbox 736 1682 937 1752; x_wconf 79' lang='lat' dir='ltr'><strong>quaestionum.</strong></span> <span class='ocrx_word' id='word_1_26' title='bbox 966 1681 1034 1737; x_wconf 79' lang='lat' dir='ltr'>Cum</span> <span class='ocrx_word' id='word_1_27' title='bbox 1052 1683 1152 1737; x_wconf 91' lang='lat' dir='ltr'>iudicio</span> <span class='ocrx_word' id='word_1_28' title='bbox 1169 1681 1525 1751; x_wconf 79' lang='lat' dir='ltr'>bonaefideidiseeptatur,</span> <span class='ocrx_word' id='word_1_29' title='bbox 1544 1675 1686 1766; x_wconf 58' lang='lat' dir='ltr'><em>Q</em></span> <span class='ocrx_word' id='word_1_30' title='bbox 1704 1683 1733 1736; x_wconf 91' lang='lat' dir='ltr'><strong><em>P</em></strong></span> 
     </span>
     <span class='ocr_line' id='line_1_6' title="bbox 244 1768 1743 1842; baseline 0.001 -17"><span class='ocrx_word' id='word_1_31' title='bbox 244 1771 355 1826; x_wconf 87' lang='lat' dir='ltr'>arbitrio</span> <span class='ocrx_word' id='word_1_32' title='bbox 373 1771 471 1826; x_wconf 87' lang='lat' dir='ltr'>iudicis</span> <span class='ocrx_word' id='word_1_33' title='bbox 490 1788 634 1827; x_wconf 70' lang='lat' dir='ltr'>securarum</span> <span class='ocrx_word' id='word_1_34' title='bbox 653 1771 751 1826; x_wconf 91' lang='lat' dir='ltr'>modus</span> <span class='ocrx_word' id='word_1_35' title='bbox 764 1786 799 1826; x_wconf 86' lang='lat' dir='ltr'>ex</span> <span class='ocrx_word' id='word_1_36' title='bbox 811 1786 886 1826; x_wconf 91' lang='lat' dir='ltr'>more</span> <span class='ocrx_word' id='word_1_37' title='bbox 899 1770 1017 1839; x_wconf 81' lang='lat' dir='ltr'>regionis</span> <span class='ocrx_word' id='word_1_38' title='bbox 1030 1768 1077 1825; x_wconf 90' lang='lat' dir='ltr'>ubi</span> <span class='ocrx_word' id='word_1_39' title='bbox 1089 1776 1259 1826; x_wconf 86' lang='lat' dir='ltr'>contractum</span> <span class='ocrx_word' id='word_1_40' title='bbox 1273 1776 1316 1826; x_wconf 91' lang='lat' dir='ltr'>est</span> <span class='ocrx_word' id='word_1_41' title='bbox 1328 1771 1511 1839; x_wconf 81' lang='lat' dir='ltr'>constituitur,</span> <span class='ocrx_word' id='word_1_42' title='bbox 1529 1769 1569 1824; x_wconf 85' lang='lat' dir='ltr'>ita</span> <span class='ocrx_word' id='word_1_43' title='bbox 1581 1777 1684 1842; x_wconf 70' lang='lat' dir='ltr'>tamem</span> <span class='ocrx_word' id='word_1_44' title='bbox 1703 1779 1717 1820; x_wconf 71' lang='grc' dir='ltr'>ι</span> <span class='ocrx_word' id='word_1_45' title='bbox 1738 1774 1743 1784; x_wconf 89' lang='grc'><strong>“</strong></span> 
     </span>
    </p>

    <p class='ocr_par' dir='ltr' id='par_1_5' title="bbox 213 1858 1686 2018">
     <span class='ocr_line' id='line_1_7' title="bbox 213 1858 1686 1930; baseline 0 -16"><span class='ocrx_word' id='word_1_46' title='bbox 213 1869 225 1914; x_wconf 85' lang='grc'>1</span> <span class='ocrx_word' id='word_1_47' title='bbox 243 1864 275 1914; x_wconf 90' lang='lat' dir='ltr'>ut</span> <span class='ocrx_word' id='word_1_48' title='bbox 292 1860 347 1928; x_wconf 82' lang='lat' dir='ltr'>legi</span> <span class='ocrx_word' id='word_1_49' title='bbox 365 1873 419 1914; x_wconf 91' lang='lat' dir='ltr'>non</span> <span class='ocrx_word' id='word_1_50' title='bbox 432 1861 561 1915; x_wconf 83' lang='lat' dir='ltr'>offendat.</span> <span class='ocrx_word' id='word_1_51' title='bbox 589 1861 686 1916; x_wconf 87' lang='lat' dir='ltr'>Socius</span> <span class='ocrx_word' id='word_1_52' title='bbox 698 1861 722 1914; x_wconf 87' lang='lat' dir='ltr'>si</span> <span class='ocrx_word' id='word_1_53' title='bbox 735 1860 796 1914; x_wconf 92' lang='lat' dir='ltr'>ideo</span> <span class='ocrx_word' id='word_1_54' title='bbox 810 1858 1033 1914; x_wconf 87' lang='lat' dir='ltr'>condemnandus</span> <span class='ocrx_word' id='word_1_55' title='bbox 1045 1860 1104 1930; x_wconf 88' lang='lat' dir='ltr'>crit,</span> <span class='ocrx_word' id='word_1_56' title='bbox 1123 1859 1197 1929; x_wconf 89' lang='lat' dir='ltr'>quod</span> <span class='ocrx_word' id='word_1_57' title='bbox 1207 1860 1354 1929; x_wconf 87' lang='lat' dir='ltr'>pecuniam</span> <span class='ocrx_word' id='word_1_58' title='bbox 1366 1873 1537 1914; x_wconf 90' lang='lat' dir='ltr'>communem</span> <span class='ocrx_word' id='word_1_59' title='bbox 1550 1860 1686 1916; x_wconf 80' lang='lat' dir='ltr'>inusserit</span> 
     </span>
     <span class='ocr_line' id='line_1_8' title="bbox 243 1947 1684 2018; baseline 0.001 -16"><span class='ocrx_word' id='word_1_60' title='bbox 243 1948 288 2002; x_wconf 85' lang='lat' dir='ltr'>uel</span> <span class='ocrx_word' id='word_1_61' title='bbox 305 1949 334 2002; x_wconf 88' lang='lat' dir='ltr'>in</span> <span class='ocrx_word' id='word_1_62' title='bbox 352 1964 417 2003; x_wconf 91' lang='lat' dir='ltr'>suos</span> <span class='ocrx_word' id='word_1_63' title='bbox 436 1965 502 2004; x_wconf 87' lang='lat' dir='ltr'>usus</span> <span class='ocrx_word' id='word_1_64' title='bbox 521 1950 694 2018; x_wconf 88' lang='lat' dir='ltr'>conuerterit,</span> <span class='ocrx_word' id='word_1_65' title='bbox 713 1948 870 2003; x_wconf 91' lang='lat' dir='ltr'>omnimodo</span> <span class='ocrx_word' id='word_1_66' title='bbox 889 1948 970 2001; x_wconf 90' lang='lat' dir='ltr'>etiam</span> <span class='ocrx_word' id='word_1_67' title='bbox 984 1963 1060 2002; x_wconf 92' lang='lat' dir='ltr'>mora</span> <span class='ocrx_word' id='word_1_68' title='bbox 1072 1963 1127 2002; x_wconf 92' lang='lat' dir='ltr'>non</span> <span class='ocrx_word' id='word_1_69' title='bbox 1138 1949 1336 2002; x_wconf 88' lang='lat' dir='ltr'>interueniente</span> <span class='ocrx_word' id='word_1_70' title='bbox 1349 1947 1562 2018; x_wconf 89' lang='lat' dir='ltr'>praestabuntur</span> <span class='ocrx_word' id='word_1_71' title='bbox 1573 1963 1684 2004; x_wconf 83' lang='lat' dir='ltr'>usurae.</span> 
     </span>
    </p>

    <p class='ocr_par' dir='ltr' id='par_1_6' title="bbox 211 2034 1734 2284">
     <span class='ocr_line' id='line_1_9' title="bbox 211 2034 1684 2106; baseline -0.001 -14"><span class='ocrx_word' id='word_1_72' title='bbox 211 2037 301 2092; x_wconf 72' lang='lat' dir='ltr'>aNec</span> <span class='ocrx_word' id='word_1_73' title='bbox 324 2042 416 2091; x_wconf 90' lang='lat' dir='ltr'>tamen</span> <span class='ocrx_word' id='word_1_74' title='bbox 440 2037 522 2092; x_wconf 87' lang='lat' dir='ltr'>iudex</span> <span class='ocrx_word' id='word_1_75' title='bbox 541 2038 635 2092; x_wconf 87' lang='lat' dir='ltr'>iudicii</span> <span class='ocrx_word' id='word_1_76' title='bbox 652 2039 741 2093; x_wconf 90' lang='lat' dir='ltr'>bonae</span> <span class='ocrx_word' id='word_1_77' title='bbox 759 2035 824 2091; x_wconf 86' lang='lat' dir='ltr'>fidei</span> <span class='ocrx_word' id='word_1_78' title='bbox 841 2041 915 2090; x_wconf 88' lang='lat' dir='ltr'>recte</span> <span class='ocrx_word' id='word_1_79' title='bbox 934 2034 1039 2090; x_wconf 90' lang='lat' dir='ltr'>iubebit</span> <span class='ocrx_word' id='word_1_80' title='bbox 1056 2037 1191 2106; x_wconf 88' lang='lat' dir='ltr'>interponi</span> <span class='ocrx_word' id='word_1_81' title='bbox 1210 2037 1364 2106; x_wconf 80' lang='lat' dir='ltr'>cautiones,</span> <span class='ocrx_word' id='word_1_82' title='bbox 1389 2042 1433 2105; x_wconf 90' lang='lat' dir='ltr'>ut,</span> <span class='ocrx_word' id='word_1_83' title='bbox 1457 2037 1481 2090; x_wconf 94' lang='lat' dir='ltr'>si</span> <span class='ocrx_word' id='word_1_84' title='bbox 1499 2036 1604 2091; x_wconf 86' lang='lat' dir='ltr'>tardius</span> <span class='ocrx_word' id='word_1_85' title='bbox 1623 2052 1684 2090; x_wconf 86' lang='lat' dir='ltr'>sen·</span> 
     </span>
     <span class='ocr_line' id='line_1_10' title="bbox 243 2124 1734 2196; baseline 0 -16"><span class='ocrx_word' id='word_1_86' title='bbox 243 2126 346 2180; x_wconf 89' lang='lat' dir='ltr'>tentiae</span> <span class='ocrx_word' id='word_1_87' title='bbox 365 2126 562 2182; x_wconf 83' lang='lat' dir='ltr'>condemnatus</span> <span class='ocrx_word' id='word_1_88' title='bbox 581 2127 710 2196; x_wconf 86' lang='lat' dir='ltr'>paruerit,</span> <span class='ocrx_word' id='word_1_89' title='bbox 730 2124 814 2180; x_wconf 79' lang='lat' dir='ltr'>futuri</span> <span class='ocrx_word' id='word_1_90' title='bbox 832 2125 962 2194; x_wconf 87' lang='lat' dir='ltr'>temporis</span> <span class='ocrx_word' id='word_1_91' title='bbox 975 2125 1130 2195; x_wconf 89' lang='lat' dir='ltr'>pendantur</span> <span class='ocrx_word' id='word_1_92' title='bbox 1142 2141 1249 2195; x_wconf 89' lang='lat' dir='ltr'>usurae,</span> <span class='ocrx_word' id='word_1_93' title='bbox 1269 2141 1331 2180; x_wconf 89' lang='lat' dir='ltr'>eum</span> <span class='ocrx_word' id='word_1_94' title='bbox 1343 2126 1372 2180; x_wconf 92' lang='lat' dir='ltr'>in</span> <span class='ocrx_word' id='word_1_95' title='bbox 1383 2129 1521 2194; x_wconf 74' lang='lat' dir='ltr'>potestate</span> <span class='ocrx_word' id='word_1_96' title='bbox 1534 2126 1570 2181; x_wconf 89' lang='lat' dir='ltr'>sit</span> <span class='ocrx_word' id='word_1_97' title='bbox 1583 2126 1685 2180; x_wconf 87' lang='lat' dir='ltr'>actoris</span> <span class='ocrx_word' id='word_1_98' title='bbox 1704 2133 1734 2174; x_wconf 79' lang='grc' dir='ltr'>ιο</span> 
     </span>
     <span class='ocr_line' id='line_1_11' title="bbox 243 2213 1684 2284; baseline 0.001 -17"><span class='ocrx_word' id='word_1_99' title='bbox 243 2213 392 2268; x_wconf 90' lang='lat' dir='ltr'>iudicatum</span> <span class='ocrx_word' id='word_1_100' title='bbox 412 2216 531 2282; x_wconf 78' lang='lat' dir='ltr'>exigere.</span> <span class='ocrx_word' id='word_1_101' title='bbox 563 2216 683 2270; x_wconf 78' lang='lat' dir='ltr'>Psunus</span> <span class='ocrx_word' id='word_1_102' title='bbox 702 2219 793 2270; x_wconf 91' lang='lat' dir='ltr'>notat:</span> <span class='ocrx_word' id='word_1_103' title='bbox 818 2214 883 2284; x_wconf 88' lang='lat' dir='ltr'>quid</span> <span class='ocrx_word' id='word_1_104' title='bbox 902 2214 974 2268; x_wconf 89' lang='lat' dir='ltr'>enim</span> <span class='ocrx_word' id='word_1_105' title='bbox 992 2214 1110 2284; x_wconf 87' lang='lat' dir='ltr'>pertinet</span> <span class='ocrx_word' id='word_1_106' title='bbox 1128 2214 1163 2268; x_wconf 88' lang='lat' dir='ltr'>ad</span> <span class='ocrx_word' id='word_1_107' title='bbox 1182 2213 1302 2269; x_wconf 86' lang='lat' dir='ltr'>officium</span> <span class='ocrx_word' id='word_1_108' title='bbox 1320 2213 1419 2268; x_wconf 90' lang='lat' dir='ltr'>iudicis</span> <span class='ocrx_word' id='word_1_109' title='bbox 1438 2219 1501 2283; x_wconf 90' lang='lat' dir='ltr'>post</span> <span class='ocrx_word' id='word_1_110' title='bbox 1519 2214 1684 2269; x_wconf 82' lang='lat' dir='ltr'>condemna·</span> 
     </span>
    </p>

    <p class='ocr_par' dir='ltr' id='par_1_7' title="bbox 211 2301 1732 2730">
     <span class='ocr_line' id='line_1_12' title="bbox 211 2301 1684 2373; baseline 0.001 -17"><span class='ocrx_word' id='word_1_111' title='bbox 211 2313 225 2356; x_wconf 83' lang='lat' dir='ltr'>e</span> <span class='ocrx_word' id='word_1_112' title='bbox 243 2302 346 2356; x_wconf 90' lang='lat' dir='ltr'>tionem</span> <span class='ocrx_word' id='word_1_113' title='bbox 368 2302 452 2357; x_wconf 82' lang='lat' dir='ltr'>futuri</span> <span class='ocrx_word' id='word_1_114' title='bbox 471 2304 601 2372; x_wconf 90' lang='lat' dir='ltr'>temporis</span> <span class='ocrx_word' id='word_1_115' title='bbox 619 2302 775 2358; x_wconf 74' lang='lat' dir='ltr'>occutus?</span> <span class='ocrx_word' id='word_1_116' title='bbox 805 2304 994 2358; x_wconf 74' lang='lat' dir='ltr'>Parmmnus.</span> <span class='ocrx_word' id='word_1_117' title='bbox 1018 2301 1097 2358; x_wconf 77' lang='lat' dir='ltr'>Circa</span> <span class='ocrx_word' id='word_1_118' title='bbox 1114 2303 1217 2357; x_wconf 90' lang='lat' dir='ltr'>tutelae</span> <span class='ocrx_word' id='word_1_119' title='bbox 1235 2303 1434 2358; x_wconf 88' lang='lat' dir='ltr'>restitutionem</span> <span class='ocrx_word' id='word_1_120' title='bbox 1452 2318 1502 2372; x_wconf 89' lang='lat' dir='ltr'>pro</span> <span class='ocrx_word' id='word_1_121' title='bbox 1520 2301 1616 2357; x_wconf 80' lang='lat' dir='ltr'>fauore</span> <span class='ocrx_word' id='word_1_122' title='bbox 1633 2319 1684 2373; x_wconf 88' lang='lat' dir='ltr'>pu·</span> 
     </span>
     <span class='ocr_line' id='line_1_13' title="bbox 243 2391 1684 2462; baseline 0.002 -17"><span class='ocrx_word' id='word_1_123' title='bbox 243 2391 369 2460; x_wconf 89' lang='lat' dir='ltr'>pillorum</span> <span class='ocrx_word' id='word_1_124' title='bbox 386 2392 466 2447; x_wconf 89' lang='lat' dir='ltr'>latior</span> <span class='ocrx_word' id='word_1_125' title='bbox 482 2393 670 2462; x_wconf 78' lang='lat' dir='ltr'>interpretatio</span> <span class='ocrx_word' id='word_1_126' title='bbox 688 2391 763 2447; x_wconf 82' lang='lat' dir='ltr'>iacta</span> <span class='ocrx_word' id='word_1_127' title='bbox 781 2395 837 2448; x_wconf 85' lang='lat' dir='ltr'>est:</span> <span class='ocrx_word' id='word_1_128' title='bbox 856 2406 937 2446; x_wconf 87' lang='lat' dir='ltr'>nemo</span> <span class='ocrx_word' id='word_1_129' title='bbox 956 2391 1027 2446; x_wconf 92' lang='lat' dir='ltr'>enim</span> <span class='ocrx_word' id='word_1_130' title='bbox 1047 2391 1162 2461; x_wconf 82' lang='lat' dir='ltr'>ambigit</span> <span class='ocrx_word' id='word_1_131' title='bbox 1179 2391 1274 2461; x_wconf 87' lang='lat' dir='ltr'>bodie,</span> <span class='ocrx_word' id='word_1_132' title='bbox 1293 2392 1353 2448; x_wconf 90' lang='lat' dir='ltr'>sius</span> <span class='ocrx_word' id='word_1_133' title='bbox 1371 2391 1454 2446; x_wconf 84' lang='lat' dir='ltr'>iudex</span> <span class='ocrx_word' id='word_1_134' title='bbox 1473 2392 1637 2460; x_wconf 86' lang='lat' dir='ltr'>accipiatur,</span> <span class='ocrx_word' id='word_1_135' title='bbox 1655 2392 1684 2448; x_wconf 89' lang='lat' dir='ltr'>iu</span> 
     </span>
     <span class='ocr_line' id='line_1_14' title="bbox 244 2479 1683 2551; baseline 0 -17"><span class='ocrx_word' id='word_1_136' title='bbox 244 2479 317 2534; x_wconf 91' lang='lat' dir='ltr'>diem</span> <span class='ocrx_word' id='word_1_137' title='bbox 334 2481 494 2551; x_wconf 86' lang='lat' dir='ltr'>sententiae,</span> <span class='ocrx_word' id='word_1_138' title='bbox 514 2482 573 2536; x_wconf 92' lang='lat' dir='ltr'>siue</span> <span class='ocrx_word' id='word_1_139' title='bbox 592 2482 650 2536; x_wconf 89' lang='lat' dir='ltr'>sine</span> <span class='ocrx_word' id='word_1_140' title='bbox 668 2481 759 2536; x_wconf 88' lang='lat' dir='ltr'>iudice</span> <span class='ocrx_word' id='word_1_141' title='bbox 777 2481 864 2536; x_wconf 88' lang='lat' dir='ltr'>tutela</span> <span class='ocrx_word' id='word_1_142' title='bbox 881 2480 1050 2550; x_wconf 90' lang='lat' dir='ltr'>restituatur,</span> <span class='ocrx_word' id='word_1_143' title='bbox 1069 2481 1097 2534; x_wconf 92' lang='lat' dir='ltr'>in</span> <span class='ocrx_word' id='word_1_144' title='bbox 1115 2495 1178 2534; x_wconf 89' lang='lat' dir='ltr'>eum</span> <span class='ocrx_word' id='word_1_145' title='bbox 1192 2479 1332 2549; x_wconf 83' lang='lat' dir='ltr'>diemque</span> <span class='ocrx_word' id='word_1_146' title='bbox 1345 2479 1592 2535; x_wconf 84' lang='lat' dir='ltr'>restitrrit¹usuras</span> <span class='ocrx_word' id='word_1_147' title='bbox 1605 2494 1683 2549; x_wconf 87' lang='lat' dir='ltr'>prae·</span> 
     </span>
     <span class='ocr_line' id='line_1_15' title="bbox 243 2568 1732 2640; baseline -0.003 -17"><span class='ocrx_word' id='word_1_148' title='bbox 243 2569 318 2624; x_wconf 89' lang='lat' dir='ltr'>stari.</span> <span class='ocrx_word' id='word_1_149' title='bbox 345 2569 426 2640; x_wconf 88' lang='lat' dir='ltr'>plane</span> <span class='ocrx_word' id='word_1_150' title='bbox 444 2571 468 2624; x_wconf 91' lang='lat' dir='ltr'>si</span> <span class='ocrx_word' id='word_1_151' title='bbox 486 2571 589 2625; x_wconf 86' lang='lat' dir='ltr'>tutelae</span> <span class='ocrx_word' id='word_1_152' title='bbox 606 2571 707 2626; x_wconf 88' lang='lat' dir='ltr'>iudicio</span> <span class='ocrx_word' id='word_1_153' title='bbox 726 2570 864 2625; x_wconf 87' lang='lat' dir='ltr'>nolentem</span> <span class='ocrx_word' id='word_1_154' title='bbox 883 2569 1000 2639; x_wconf 87' lang='lat' dir='ltr'>experiri</span> <span class='ocrx_word' id='word_1_155' title='bbox 1018 2571 1094 2624; x_wconf 89' lang='lat' dir='ltr'>tutor</span> <span class='ocrx_word' id='word_1_156' title='bbox 1112 2569 1183 2624; x_wconf 92' lang='lat' dir='ltr'>ultro</span> <span class='ocrx_word' id='word_1_157' title='bbox 1206 2569 1365 2623; x_wconf 88' lang='lat' dir='ltr'>conuenerit</span> <span class='ocrx_word' id='word_1_158' title='bbox 1389 2573 1418 2624; x_wconf 91' lang='lat' dir='ltr'>et</span> <span class='ocrx_word' id='word_1_159' title='bbox 1439 2568 1585 2639; x_wconf 88' lang='lat' dir='ltr'>pecuniam</span> <span class='ocrx_word' id='word_1_160' title='bbox 1604 2575 1683 2640; x_wconf 88' lang='lat' dir='ltr'>optu-</span> <span class='ocrx_word' id='word_1_161' title='bbox 1702 2579 1732 2620; x_wconf 80' lang='lat' dir='ltr'>sa</span> 
     </span>
     <span class='ocr_line' id='line_1_16' title="bbox 242 2657 1428 2730; baseline 0.001 -19"><span class='ocrx_word' id='word_1_162' title='bbox 242 2657 304 2712; x_wconf 90' lang='lat' dir='ltr'>ierit</span> <span class='ocrx_word' id='word_1_163' title='bbox 322 2673 438 2727; x_wconf 90' lang='lat' dir='ltr'>eamque</span> <span class='ocrx_word' id='word_1_164' title='bbox 455 2657 629 2728; x_wconf 80' lang='lat' dir='ltr'>obsignatam</span> <span class='ocrx_word' id='word_1_165' title='bbox 648 2659 813 2728; x_wconf 88' lang='lat' dir='ltr'>deposuerit,</span> <span class='ocrx_word' id='word_1_166' title='bbox 833 2673 868 2712; x_wconf 84' lang='lat' dir='ltr'>ex</span> <span class='ocrx_word' id='word_1_167' title='bbox 885 2673 918 2713; x_wconf 90' lang='lat' dir='ltr'>eo</span> <span class='ocrx_word' id='word_1_168' title='bbox 937 2663 1060 2730; x_wconf 89' lang='lat' dir='ltr'>tempore</span> <span class='ocrx_word' id='word_1_169' title='bbox 1078 2673 1134 2713; x_wconf 91' lang='lat' dir='ltr'>non</span> <span class='ocrx_word' id='word_1_170' title='bbox 1151 2657 1303 2728; x_wconf 81' lang='lat' dir='ltr'>praestabit</span> <span class='ocrx_word' id='word_1_171' title='bbox 1321 2673 1428 2712; x_wconf 82' lang='lat' dir='ltr'>usuras.</span> 
     </span>
    </p>

    <p class='ocr_par' dir='ltr' id='par_1_8' title="bbox 206 2739 1733 3084">
     <span class='ocr_line' id='line_1_17' title="bbox 206 2739 1730 2830; baseline 0.001 -26"><span class='ocrx_word' id='word_1_172' title='bbox 206 2745 224 2804; x_wconf 79' lang='grc'>2</span> <span class='ocrx_word' id='word_1_173' title='bbox 295 2747 373 2800; x_wconf 81' lang='lat' dir='ltr'>lusu</span> <span class='ocrx_word' id='word_1_174' title='bbox 390 2747 458 2803; x_wconf 91' lang='lat' dir='ltr'>libro</span> <span class='ocrx_word' id='word_1_175' title='bbox 476 2755 555 2802; x_wconf 80' lang='lat' dir='ltr'>sexto</span> <span class='ocrx_word' id='word_1_176' title='bbox 573 2748 773 2818; x_wconf 85' lang='lat' dir='ltr'>quaestionum.</span> <span class='ocrx_word' id='word_1_177' title='bbox 802 2747 890 2816; x_wconf 85' lang='lat' dir='ltr'>Uolgo</span> <span class='ocrx_word' id='word_1_178' title='bbox 908 2753 1049 2816; x_wconf 89' lang='lat' dir='ltr'>receptum</span> <span class='ocrx_word' id='word_1_179' title='bbox 1067 2751 1118 2814; x_wconf 88' lang='lat' dir='ltr'>est,</span> <span class='ocrx_word' id='word_1_180' title='bbox 1138 2752 1176 2816; x_wconf 89' lang='lat' dir='ltr'>ut,</span> <span class='ocrx_word' id='word_1_181' title='bbox 1195 2746 1321 2816; x_wconf 88' lang='lat' dir='ltr'>quamuis</span> <span class='ocrx_word' id='word_1_182' title='bbox 1338 2747 1525 2816; x_wconf 89' lang='lat' dir='ltr'>inpersonam</span> <span class='ocrx_word' id='word_1_183' title='bbox 1544 2739 1684 2830; x_wconf 54' lang='lat' dir='ltr'><em>Q</em></span> <span class='ocrx_word' id='word_1_184' title='bbox 1700 2751 1730 2805; x_wconf 88' lang='lat' dir='ltr'><strong><em>P</em></strong></span> 
     </span>
     <span class='ocr_line' id='line_1_18' title="bbox 243 2835 1683 2906; baseline 0.001 -17"><span class='ocrx_word' id='word_1_185' title='bbox 243 2840 335 2890; x_wconf 90' lang='lat' dir='ltr'>actum</span> <span class='ocrx_word' id='word_1_186' title='bbox 353 2835 401 2905; x_wconf 88' lang='lat' dir='ltr'>sit,</span> <span class='ocrx_word' id='word_1_187' title='bbox 427 2842 491 2905; x_wconf 86' lang='lat' dir='ltr'>post</span> <span class='ocrx_word' id='word_1_188' title='bbox 506 2837 582 2892; x_wconf 88' lang='lat' dir='ltr'>litem</span> <span class='ocrx_word' id='word_1_189' title='bbox 600 2842 693 2891; x_wconf 82' lang='grc' dir='ltr'>ιιιιιιι</span> <span class='ocrx_word' id='word_1_190' title='bbox 711 2839 891 2892; x_wconf 74' lang='lat' dir='ltr'>contestatam</span> <span class='ocrx_word' id='word_1_191' title='bbox 911 2851 995 2890; x_wconf 84' lang='lat' dir='ltr'>causo</span> <span class='ocrx_word' id='word_1_192' title='bbox 1020 2839 1187 2905; x_wconf 87' lang='lat' dir='ltr'>praestetur:</span> <span class='ocrx_word' id='word_1_193' title='bbox 1212 2835 1290 2890; x_wconf 91' lang='lat' dir='ltr'>cuius</span> <span class='ocrx_word' id='word_1_194' title='bbox 1309 2835 1444 2906; x_wconf 85' lang='lat' dir='ltr'>opinionis</span> <span class='ocrx_word' id='word_1_195' title='bbox 1462 2835 1532 2890; x_wconf 88' lang='lat' dir='ltr'>ratio</span> <span class='ocrx_word' id='word_1_196' title='bbox 1549 2835 1683 2905; x_wconf 86' lang='lat' dir='ltr'>redditur,</span> 
     </span>
     <span class='ocr_line' id='line_1_19' title="bbox 242 2922 1683 2996; baseline 0.001 -18"><span class='ocrx_word' id='word_1_197' title='bbox 242 2925 371 2994; x_wconf 84' lang='lat' dir='ltr'>quonism</span> <span class='ocrx_word' id='word_1_198' title='bbox 390 2925 469 2994; x_wconf 84' lang='lat' dir='ltr'>quale</span> <span class='ocrx_word' id='word_1_199' title='bbox 488 2931 543 2995; x_wconf 88' lang='lat' dir='ltr'>est,</span> <span class='ocrx_word' id='word_1_200' title='bbox 565 2941 627 2981; x_wconf 90' lang='lat' dir='ltr'>eum</span> <span class='ocrx_word' id='word_1_201' title='bbox 645 2925 759 2994; x_wconf 88' lang='lat' dir='ltr'>petitur,</span> <span class='ocrx_word' id='word_1_202' title='bbox 783 2926 838 2980; x_wconf 91' lang='lat' dir='ltr'>tale</span> <span class='ocrx_word' id='word_1_203' title='bbox 860 2925 1021 2980; x_wconf 83' lang='lat' dir='ltr'>deridebat</span> <span class='ocrx_word' id='word_1_204' title='bbox 1043 2941 1076 2980; x_wconf 90' lang='lat' dir='ltr'>ac</span> <span class='ocrx_word' id='word_1_205' title='bbox 1098 2926 1245 2996; x_wconf 82' lang='lat' dir='ltr'>propterea</span> <span class='ocrx_word' id='word_1_206' title='bbox 1266 2929 1365 2995; x_wconf 90' lang='lat' dir='ltr'>postea</span> <span class='ocrx_word' id='word_1_207' title='bbox 1383 2929 1478 2994; x_wconf 89' lang='lat' dir='ltr'>captos</span> <span class='ocrx_word' id='word_1_208' title='bbox 1496 2922 1604 2979; x_wconf 84' lang='lat' dir='ltr'>fructus</span> <span class='ocrx_word' id='word_1_209' title='bbox 1622 2941 1683 2996; x_wconf 81' lang='lat' dir='ltr'>por·</span> 
     </span>
     <span class='ocr_line' id='line_1_20' title="bbox 242 3012 1733 3084; baseline 0.001 -16"><span class='ocrx_word' id='word_1_210' title='bbox 242 3018 355 3082; x_wconf 88' lang='lat' dir='ltr'>tumque</span> <span class='ocrx_word' id='word_1_211' title='bbox 373 3012 476 3069; x_wconf 89' lang='lat' dir='ltr'>editum</span> <span class='ocrx_word' id='word_1_212' title='bbox 495 3014 603 3069; x_wconf 88' lang='lat' dir='ltr'>restitui</span> <span class='ocrx_word' id='word_1_213' title='bbox 621 3018 736 3084; x_wconf 89' lang='lat' dir='ltr'>oportet.</span> <span class='ocrx_word' id='word_1_214' title='bbox 1702 3023 1733 3064; x_wconf 74' lang='grc' dir='ltr'>ιθ</span> 
     </span>
    </p>

    <p class='ocr_par' dir='ltr' id='par_1_9' title="bbox 205 3095 1732 3616">
     <span class='ocr_line' id='line_1_21' title="bbox 205 3095 1729 3186; baseline 0 -26"><span class='ocrx_word' id='word_1_215' title='bbox 205 3103 224 3160; x_wconf 87' lang='grc'><strong>3</strong></span> <span class='ocrx_word' id='word_1_216' title='bbox 295 3102 373 3157; x_wconf 80' lang='lat' dir='ltr'>losse</span> <span class='ocrx_word' id='word_1_217' title='bbox 390 3102 459 3158; x_wconf 91' lang='lat' dir='ltr'>libro</span> <span class='ocrx_word' id='word_1_218' title='bbox 477 3103 608 3158; x_wconf 87' lang='lat' dir='ltr'>uicesimo</span> <span class='ocrx_word' id='word_1_219' title='bbox 627 3103 826 3172; x_wconf 86' lang='lat' dir='ltr'>quaestionum.</span> <span class='ocrx_word' id='word_1_220' title='bbox 862 3102 895 3157; x_wconf 87' lang='lat' dir='ltr'>In</span> <span class='ocrx_word' id='word_1_221' title='bbox 918 3101 1122 3158; x_wconf 90' lang='lat' dir='ltr'>fideicommissi</span> <span class='ocrx_word' id='word_1_222' title='bbox 1146 3102 1349 3172; x_wconf 88' lang='lat' dir='ltr'>persecutione,</span> <span class='ocrx_word' id='word_1_223' title='bbox 1374 3117 1436 3156; x_wconf 90' lang='lat' dir='ltr'>cum</span> <span class='ocrx_word' id='word_1_224' title='bbox 1459 3107 1525 3170; x_wconf 89' lang='lat' dir='ltr'>post</span> <span class='ocrx_word' id='word_1_225' title='bbox 1543 3095 1684 3186; x_wconf 56' lang='lat' dir='ltr'>[Q</span> <span class='ocrx_word' id='word_1_226' title='bbox 1702 3107 1729 3160; x_wconf 93' lang='lat' dir='ltr'><em>P</em></span> 
     </span>
     <span class='ocr_line' id='line_1_22' title="bbox 241 3188 1683 3262; baseline 0.001 -16"><span class='ocrx_word' id='word_1_227' title='bbox 241 3191 340 3246; x_wconf 91' lang='lat' dir='ltr'>iudicis</span> <span class='ocrx_word' id='word_1_228' title='bbox 358 3193 521 3246; x_wconf 90' lang='lat' dir='ltr'>sententiam</span> <span class='ocrx_word' id='word_1_229' title='bbox 541 3206 644 3247; x_wconf 89' lang='lat' dir='ltr'>moram</span> <span class='ocrx_word' id='word_1_230' title='bbox 662 3188 774 3246; x_wconf 84' lang='lat' dir='ltr'>fecisset</span> <span class='ocrx_word' id='word_1_231' title='bbox 786 3190 873 3260; x_wconf 88' lang='lat' dir='ltr'>heres,</span> <span class='ocrx_word' id='word_1_232' title='bbox 891 3191 973 3246; x_wconf 91' lang='lat' dir='ltr'>iussit</span> <span class='ocrx_word' id='word_1_233' title='bbox 984 3192 1132 3262; x_wconf 87' lang='lat' dir='ltr'>imperator</span> <span class='ocrx_word' id='word_1_234' title='bbox 1143 3191 1251 3246; x_wconf 86' lang='lat' dir='ltr'>Marcus</span> <span class='ocrx_word' id='word_1_235' title='bbox 1263 3189 1428 3260; x_wconf 81' lang='lat' dir='ltr'>Antoninus,</span> <span class='ocrx_word' id='word_1_236' title='bbox 1447 3191 1604 3246; x_wconf 85' lang='lat' dir='ltr'>intermisso</span> <span class='ocrx_word' id='word_1_237' title='bbox 1617 3192 1683 3260; x_wconf 82' lang='lat' dir='ltr'>legi·</span> 
     </span>
     <span class='ocr_line' id='line_1_23' title="bbox 241 3277 1683 3351; baseline 0 -16"><span class='ocrx_word' id='word_1_238' title='bbox 241 3280 308 3335; x_wconf 93' lang='lat' dir='ltr'>timo</span> <span class='ocrx_word' id='word_1_239' title='bbox 326 3284 450 3350; x_wconf 90' lang='lat' dir='ltr'>ternpore</span> <span class='ocrx_word' id='word_1_240' title='bbox 467 3279 541 3349; x_wconf 86' lang='lat' dir='ltr'>quod</span> <span class='ocrx_word' id='word_1_241' title='bbox 559 3279 747 3334; x_wconf 87' lang='lat' dir='ltr'>condemnatis</span> <span class='ocrx_word' id='word_1_242' title='bbox 765 3285 921 3349; x_wconf 88' lang='lat' dir='ltr'>praestatur</span> <span class='ocrx_word' id='word_1_243' title='bbox 940 3287 970 3336; x_wconf 92' lang='lat' dir='ltr'>ut</span> <span class='ocrx_word' id='word_1_244' title='bbox 990 3295 1075 3351; x_wconf 87' lang='lat' dir='ltr'>usque</span> <span class='ocrx_word' id='word_1_245' title='bbox 1094 3279 1129 3334; x_wconf 90' lang='lat' dir='ltr'>ad</span> <span class='ocrx_word' id='word_1_246' title='bbox 1147 3279 1309 3334; x_wconf 88' lang='lat' dir='ltr'>senteutiam</span> <span class='ocrx_word' id='word_1_247' title='bbox 1329 3279 1474 3335; x_wconf 90' lang='lat' dir='ltr'>commoda</span> <span class='ocrx_word' id='word_1_248' title='bbox 1490 3277 1683 3335; x_wconf 88' lang='lat' dir='ltr'>fideicommis-</span> 
     </span>
     <span class='ocr_line' id='line_1_24' title="bbox 241 3365 1682 3439; baseline -0.001 -15"><span class='ocrx_word' id='word_1_249' title='bbox 241 3370 330 3424; x_wconf 88' lang='lat' dir='ltr'>sarius</span> <span class='ocrx_word' id='word_1_250' title='bbox 348 3369 473 3438; x_wconf 84' lang='lat' dir='ltr'>accipiat.</span> <span class='ocrx_word' id='word_1_251' title='bbox 503 3365 577 3436; x_wconf 85' lang='lat' dir='ltr'>quod</span> <span class='ocrx_word' id='word_1_252' title='bbox 595 3366 736 3422; x_wconf 87' lang='lat' dir='ltr'>decretum</span> <span class='ocrx_word' id='word_1_253' title='bbox 755 3368 795 3423; x_wconf 90' lang='lat' dir='ltr'>ita</span> <span class='ocrx_word' id='word_1_254' title='bbox 807 3369 894 3439; x_wconf 86' lang='lat' dir='ltr'>accipi</span> <span class='ocrx_word' id='word_1_255' title='bbox 906 3372 1023 3439; x_wconf 89' lang='lat' dir='ltr'>oportet,</span> <span class='ocrx_word' id='word_1_256' title='bbox 1042 3368 1065 3423; x_wconf 89' lang='lat' dir='ltr'>si</span> <span class='ocrx_word' id='word_1_257' title='bbox 1081 3373 1145 3423; x_wconf 90' lang='lat' dir='ltr'>aute</span> <span class='ocrx_word' id='word_1_258' title='bbox 1157 3367 1255 3423; x_wconf 89' lang='lat' dir='ltr'>iudicis</span> <span class='ocrx_word' id='word_1_259' title='bbox 1268 3369 1431 3424; x_wconf 90' lang='lat' dir='ltr'>senteutiam</span> <span class='ocrx_word' id='word_1_260' title='bbox 1444 3383 1521 3422; x_wconf 89' lang='lat' dir='ltr'>mora</span> <span class='ocrx_word' id='word_1_261' title='bbox 1533 3383 1589 3422; x_wconf 87' lang='lat' dir='ltr'>non</span> <span class='ocrx_word' id='word_1_262' title='bbox 1601 3369 1682 3423; x_wconf 89' lang='lat' dir='ltr'>inter·</span> 
     </span>
     <span class='ocr_line' id='line_1_25' title="bbox 241 3453 1732 3528; baseline -0.002 -16"><span class='ocrx_word' id='word_1_263' title='bbox 241 3459 331 3513; x_wconf 89' lang='lat' dir='ltr'>uenit:</span> <span class='ocrx_word' id='word_1_264' title='bbox 350 3457 461 3512; x_wconf 87' lang='lat' dir='ltr'>tametsi</span> <span class='ocrx_word' id='word_1_265' title='bbox 479 3471 533 3510; x_wconf 93' lang='lat' dir='ltr'>non</span> <span class='ocrx_word' id='word_1_266' title='bbox 552 3453 632 3510; x_wconf 81' lang='lat' dir='ltr'>facile</span> <span class='ocrx_word' id='word_1_267' title='bbox 651 3457 761 3511; x_wconf 90' lang='lat' dir='ltr'>euenire</span> <span class='ocrx_word' id='word_1_268' title='bbox 778 3457 875 3528; x_wconf 86' lang='lat' dir='ltr'>possit,</span> <span class='ocrx_word' id='word_1_269' title='bbox 894 3463 925 3512; x_wconf 90' lang='lat' dir='ltr'>ut</span> <span class='ocrx_word' id='word_1_270' title='bbox 943 3473 1020 3513; x_wconf 87' lang='lat' dir='ltr'>mora</span> <span class='ocrx_word' id='word_1_271' title='bbox 1038 3471 1092 3511; x_wconf 93' lang='lat' dir='ltr'>non</span> <span class='ocrx_word' id='word_1_272' title='bbox 1110 3457 1293 3526; x_wconf 79' lang='lat' dir='ltr'>praecedente</span> <span class='ocrx_word' id='word_1_273' title='bbox 1311 3456 1487 3526; x_wconf 89' lang='lat' dir='ltr'>perueniatur</span> <span class='ocrx_word' id='word_1_274' title='bbox 1499 3455 1534 3510; x_wconf 88' lang='lat' dir='ltr'>ad</span> <span class='ocrx_word' id='word_1_275' title='bbox 1547 3457 1681 3511; x_wconf 86' lang='lat' dir='ltr'>iudicem:</span> <span class='ocrx_word' id='word_1_276' title='bbox 1701 3468 1732 3509; x_wconf 81' lang='lat' dir='ltr'>as</span> 
     </span>
     <span class='ocr_line' id='line_1_26' title="bbox 240 3543 1682 3616; baseline -0.003 -14"><span class='ocrx_word' id='word_1_277' title='bbox 240 3547 291 3602; x_wconf 88' lang='lat' dir='ltr'>sed</span> <span class='ocrx_word' id='word_1_278' title='bbox 307 3552 376 3616; x_wconf 88' lang='lat' dir='ltr'>puta</span> <span class='ocrx_word' id='word_1_279' title='bbox 393 3545 462 3614; x_wconf 89' lang='lat' dir='ltr'>legis</span> <span class='ocrx_word' id='word_1_280' title='bbox 480 3543 619 3600; x_wconf 85' lang='lat' dir='ltr'>Falcidiae</span> <span class='ocrx_word' id='word_1_281' title='bbox 637 3545 769 3600; x_wconf 88' lang='lat' dir='ltr'>rationem</span> <span class='ocrx_word' id='word_1_282' title='bbox 789 3545 979 3600; x_wconf 88' lang='lat' dir='ltr'>interuenisse.</span> <span class='ocrx_word' id='word_1_283' title='bbox 1008 3551 1128 3600; x_wconf 85' lang='lat' dir='ltr'>ceterum</span> <span class='ocrx_word' id='word_1_284' title='bbox 1148 3547 1172 3600; x_wconf 89' lang='lat' dir='ltr'>si</span> <span class='ocrx_word' id='word_1_285' title='bbox 1190 3549 1268 3615; x_wconf 87' lang='lat' dir='ltr'>ante,</span> <span class='ocrx_word' id='word_1_286' title='bbox 1292 3561 1374 3615; x_wconf 86' lang='lat' dir='ltr'>quam</span> <span class='ocrx_word' id='word_1_287' title='bbox 1393 3545 1430 3600; x_wconf 89' lang='lat' dir='ltr'>ad</span> <span class='ocrx_word' id='word_1_288' title='bbox 1447 3545 1567 3599; x_wconf 88' lang='lat' dir='ltr'>iudicem</span> <span class='ocrx_word' id='word_1_289' title='bbox 1585 3559 1682 3614; x_wconf 78' lang='lat' dir='ltr'>perue-</span> 
     </span>
    </p>

    <p class='ocr_par' dir='ltr' id='par_1_10' title="bbox 225 3631 1682 3802">
     <span class='ocr_line' id='line_1_27' title="bbox 225 3631 1682 3704; baseline -0.001 -15"><span class='ocrx_word' id='word_1_290' title='bbox 225 3636 352 3704; x_wconf 81' lang='lat' dir='ltr'>nitetur,</span> <span class='ocrx_word' id='word_1_291' title='bbox 371 3635 400 3688; x_wconf 91' lang='lat' dir='ltr'>in</span> <span class='ocrx_word' id='word_1_292' title='bbox 417 3649 494 3689; x_wconf 92' lang='lat' dir='ltr'>mora</span> <span class='ocrx_word' id='word_1_293' title='bbox 511 3633 591 3688; x_wconf 87' lang='lat' dir='ltr'>heres</span> <span class='ocrx_word' id='word_1_294' title='bbox 608 3631 669 3702; x_wconf 85' lang='lat' dir='ltr'>fuit,</span> <span class='ocrx_word' id='word_1_295' title='bbox 688 3633 787 3688; x_wconf 85' lang='lat' dir='ltr'>exinde</span> <span class='ocrx_word' id='word_1_296' title='bbox 805 3633 942 3689; x_wconf 81' lang='lat' dir='ltr'>fruetuum</span> <span class='ocrx_word' id='word_1_297' title='bbox 961 3635 1189 3704; x_wconf 78' lang='lat' dir='ltr'>praestantiorum</span> <span class='ocrx_word' id='word_1_298' title='bbox 1208 3635 1373 3690; x_wconf 88' lang='lat' dir='ltr'>necessitate</span> <span class='ocrx_word' id='word_1_299' title='bbox 1388 3633 1608 3702; x_wconf 79' lang='lat' dir='ltr'>adstrictusque</span> <span class='ocrx_word' id='word_1_300' title='bbox 1622 3639 1682 3688; x_wconf 79' lang='lat' dir='ltr'>tan·</span> 
     </span>
     <span class='ocr_line' id='line_1_28' title="bbox 241 3720 1681 3802; baseline -0.001 -24"><span class='ocrx_word' id='word_1_301' title='bbox 241 3724 303 3778; x_wconf 88' lang='lat' dir='ltr'>dem</span> <span class='ocrx_word' id='word_1_302' title='bbox 321 3723 436 3791; x_wconf 89' lang='lat' dir='ltr'>ratione,</span> <span class='ocrx_word' id='word_1_303' title='bbox 454 3722 582 3790; x_wconf 89' lang='lat' dir='ltr'>quoniam</span> <span class='ocrx_word' id='word_1_304' title='bbox 602 3727 631 3792; x_wconf 84' lang='grc' dir='ltr'>ιι</span> <span class='ocrx_word' id='word_1_305' title='bbox 648 3723 784 3777; x_wconf 89' lang='lat' dir='ltr'>sententia</span> <span class='ocrx_word' id='word_1_306' title='bbox 801 3723 891 3778; x_wconf 90' lang='lat' dir='ltr'>uictus</span> <span class='ocrx_word' id='word_1_307' title='bbox 910 3727 960 3793; x_wconf 88' lang='lat' dir='ltr'>est,</span> <span class='ocrx_word' id='word_1_308' title='bbox 979 3724 1094 3794; x_wconf 84' lang='lat' dir='ltr'>legitimi</span> <span class='ocrx_word' id='word_1_309' title='bbox 1111 3723 1241 3794; x_wconf 88' lang='lat' dir='ltr'>temporis</span> <span class='ocrx_word' id='word_1_310' title='bbox 1259 3723 1348 3792; x_wconf 86' lang='lat' dir='ltr'>spatio</span> <span class='ocrx_word' id='word_1_311' title='bbox 1366 3721 1500 3802; x_wconf 73' lang='lat' dir='ltr'>iruotibus</span> <span class='ocrx_word' id='word_1_312' title='bbox 1511 3720 1681 3792; x_wconf 86' lang='lat' dir='ltr'>liberabitur,</span> 
     </span>
    </p>

    <p class='ocr_par' dir='ltr' id='par_1_11' title="bbox 209 3809 1735 4058">
     <span class='ocr_line' id='line_1_29' title="bbox 209 3809 1681 3882; baseline -0.004 -13"><span class='ocrx_word' id='word_1_313' title='bbox 209 3825 221 3870; x_wconf 87' lang='lat'>1</span> <span class='ocrx_word' id='word_1_314' title='bbox 241 3828 304 3866; x_wconf 89' lang='lat' dir='ltr'>cum</span> <span class='ocrx_word' id='word_1_315' title='bbox 321 3826 355 3866; x_wconf 89' lang='lat' dir='ltr'>ea</span> <span class='ocrx_word' id='word_1_316' title='bbox 372 3811 504 3881; x_wconf 83' lang='lat' dir='ltr'>temporis</span> <span class='ocrx_word' id='word_1_317' title='bbox 527 3809 704 3880; x_wconf 88' lang='lat' dir='ltr'>intercapedo</span> <span class='ocrx_word' id='word_1_318' title='bbox 726 3811 847 3866; x_wconf 91' lang='lat' dir='ltr'>iudicato</span> <span class='ocrx_word' id='word_1_319' title='bbox 870 3811 1027 3867; x_wconf 87' lang='lat' dir='ltr'>dilationem</span> <span class='ocrx_word' id='word_1_320' title='bbox 1052 3812 1130 3882; x_wconf 91' lang='lat' dir='ltr'>dare,</span> <span class='ocrx_word' id='word_1_321' title='bbox 1155 3827 1209 3866; x_wconf 91' lang='lat' dir='ltr'>non</span> <span class='ocrx_word' id='word_1_322' title='bbox 1232 3813 1337 3866; x_wconf 89' lang='lat' dir='ltr'>lucrum</span> <span class='ocrx_word' id='word_1_323' title='bbox 1360 3809 1467 3865; x_wconf 83' lang='lat' dir='ltr'>adferre</span> <span class='ocrx_word' id='word_1_324' title='bbox 1491 3809 1616 3864; x_wconf 88' lang='lat' dir='ltr'>debeat?</span> <span class='ocrx_word' id='word_1_325' title='bbox 1651 3809 1681 3864; x_wconf 91' lang='lat' dir='ltr'>In</span> 
     </span>
     <span class='ocr_line' id='line_1_30' title="bbox 240 3897 1735 3971; baseline -0.003 -16"><span class='ocrx_word' id='word_1_326' title='bbox 240 3899 283 3955; x_wconf 89' lang='lat' dir='ltr'>his</span> <span class='ocrx_word' id='word_1_327' title='bbox 301 3914 410 3969; x_wconf 86' lang='lat' dir='ltr'>quoquc</span> <span class='ocrx_word' id='word_1_328' title='bbox 427 3899 545 3968; x_wconf 91' lang='lat' dir='ltr'>iudiciis,</span> <span class='ocrx_word' id='word_1_329' title='bbox 563 3915 634 3968; x_wconf 85' lang='lat' dir='ltr'>quas</span> <span class='ocrx_word' id='word_1_330' title='bbox 652 3915 707 3953; x_wconf 89' lang='lat' dir='ltr'>non</span> <span class='ocrx_word' id='word_1_331' title='bbox 725 3904 790 3954; x_wconf 92' lang='lat' dir='ltr'>sunt</span> <span class='ocrx_word' id='word_1_332' title='bbox 807 3898 952 3955; x_wconf 88' lang='lat' dir='ltr'>arbitraria</span> <span class='ocrx_word' id='word_1_333' title='bbox 969 3916 1020 3956; x_wconf 91' lang='lat' dir='ltr'>neo</span> <span class='ocrx_word' id='word_1_334' title='bbox 1038 3900 1126 3956; x_wconf 91' lang='lat' dir='ltr'>bonae</span> <span class='ocrx_word' id='word_1_335' title='bbox 1144 3898 1217 3971; x_wconf 88' lang='lat' dir='ltr'>fidei,</span> <span class='ocrx_word' id='word_1_336' title='bbox 1236 3905 1300 3970; x_wconf 91' lang='lat' dir='ltr'>post</span> <span class='ocrx_word' id='word_1_337' title='bbox 1311 3900 1386 3955; x_wconf 83' lang='lat' dir='ltr'>litem</span> <span class='ocrx_word' id='word_1_338' title='bbox 1399 3903 1584 3956; x_wconf 86' lang='lat' dir='ltr'>contestatam</span> <span class='ocrx_word' id='word_1_339' title='bbox 1598 3897 1682 3954; x_wconf 87' lang='lat' dir='ltr'>actori</span> <span class='ocrx_word' id='word_1_340' title='bbox 1702 3911 1735 3951; x_wconf 84' lang='lat' dir='ltr'>so</span> 
     </span>
     <span class='ocr_line' id='line_1_31' title="bbox 241 3987 1682 4058; baseline -0.001 -15"><span class='ocrx_word' id='word_1_341' title='bbox 241 4004 325 4044; x_wconf 88' lang='lat' dir='ltr'>causa</span> <span class='ocrx_word' id='word_1_342' title='bbox 341 3988 508 4057; x_wconf 85' lang='lat' dir='ltr'>praestanda</span> <span class='ocrx_word' id='word_1_343' title='bbox 526 3988 614 4042; x_wconf 87' lang='lat' dir='ltr'>estin</span> <span class='ocrx_word' id='word_1_344' title='bbox 633 4003 695 4042; x_wconf 91' lang='lat' dir='ltr'>eum</span> <span class='ocrx_word' id='word_1_345' title='bbox 714 3989 795 4058; x_wconf 86' lang='lat' dir='ltr'>diem,</span> <span class='ocrx_word' id='word_1_346' title='bbox 814 4004 868 4058; x_wconf 87' lang='lat' dir='ltr'>quo</span> <span class='ocrx_word' id='word_1_347' title='bbox 887 3990 1023 4058; x_wconf 90' lang='lat' dir='ltr'>sententia</span> <span class='ocrx_word' id='word_1_348' title='bbox 1041 3990 1154 4044; x_wconf 89' lang='lat' dir='ltr'>dieitur:</span> <span class='ocrx_word' id='word_1_349' title='bbox 1173 3995 1247 4043; x_wconf 89' lang='lat' dir='ltr'>certe</span> <span class='ocrx_word' id='word_1_350' title='bbox 1259 3993 1323 4058; x_wconf 89' lang='lat' dir='ltr'>post</span> <span class='ocrx_word' id='word_1_351' title='bbox 1340 4003 1395 4042; x_wconf 89' lang='lat' dir='ltr'>rem</span> <span class='ocrx_word' id='word_1_352' title='bbox 1408 3987 1560 4043; x_wconf 86' lang='lat' dir='ltr'>iudicatam</span> <span class='ocrx_word' id='word_1_353' title='bbox 1571 3991 1682 4057; x_wconf 80' lang='lat' dir='ltr'>tempus</span> 
     </span>
    </p>

    <p class='ocr_par' dir='ltr' id='par_1_12' title="bbox 208 4067 1738 4415">
     <span class='ocr_line' id='line_1_32' title="bbox 208 4067 1682 4148; baseline -0.004 -12"><span class='ocrx_word' id='word_1_354' title='bbox 208 4091 223 4136; x_wconf 77' lang='lat' dir='ltr'>a</span> <span class='ocrx_word' id='word_1_355' title='bbox 241 4093 258 4132; x_wconf 88' lang='lat' dir='ltr'>a</span> <span class='ocrx_word' id='word_1_356' title='bbox 275 4075 410 4132; x_wconf 85' lang='lat' dir='ltr'>fructibus</span> <span class='ocrx_word' id='word_1_357' title='bbox 429 4076 616 4148; x_wconf 91' lang='lat' dir='ltr'>dependendis</span> <span class='ocrx_word' id='word_1_358' title='bbox 635 4067 755 4132; x_wconf 86' lang='lat' dir='ltr'>immune</span> <span class='ocrx_word' id='word_1_359' title='bbox 773 4081 824 4132; x_wconf 90' lang='lat' dir='ltr'>esi.</span> <span class='ocrx_word' id='word_1_360' title='bbox 860 4077 1071 4148; x_wconf 87' lang='lat' dir='ltr'>Nonnumquam</span> <span class='ocrx_word' id='word_1_361' title='bbox 1091 4079 1191 4148; x_wconf 86' lang='lat' dir='ltr'>euenit,</span> <span class='ocrx_word' id='word_1_362' title='bbox 1210 4082 1249 4148; x_wconf 89' lang='lat' dir='ltr'>ut,</span> <span class='ocrx_word' id='word_1_363' title='bbox 1268 4093 1434 4147; x_wconf 86' lang='lat' dir='ltr'>quamquam</span> <span class='ocrx_word' id='word_1_364' title='bbox 1450 4075 1557 4131; x_wconf 81' lang='lat' dir='ltr'>fructus</span> <span class='ocrx_word' id='word_1_365' title='bbox 1575 4074 1682 4131; x_wconf 89' lang='lat' dir='ltr'>heredi-</span> 
     </span>
     <span class='ocr_line' id='line_1_33' title="bbox 240 4165 1682 4236; baseline 0 -16"><span class='ocrx_word' id='word_1_366' title='bbox 240 4166 306 4220; x_wconf 90' lang='lat' dir='ltr'>tatis</span> <span class='ocrx_word' id='word_1_367' title='bbox 325 4170 373 4219; x_wconf 90' lang='lat' dir='ltr'>aut</span> <span class='ocrx_word' id='word_1_368' title='bbox 390 4167 524 4234; x_wconf 88' lang='lat' dir='ltr'>pecuniae</span> <span class='ocrx_word' id='word_1_369' title='bbox 541 4181 626 4220; x_wconf 86' lang='lat' dir='ltr'>usura</span> <span class='ocrx_word' id='word_1_370' title='bbox 643 4165 803 4220; x_wconf 88' lang='lat' dir='ltr'>nominatim</span> <span class='ocrx_word' id='word_1_371' title='bbox 822 4167 917 4221; x_wconf 88' lang='lat' dir='ltr'>relicta</span> <span class='ocrx_word' id='word_1_372' title='bbox 934 4183 989 4222; x_wconf 89' lang='lat' dir='ltr'>uon</span> <span class='ocrx_word' id='word_1_373' title='bbox 1007 4168 1051 4236; x_wconf 89' lang='lat' dir='ltr'>sit,</span> <span class='ocrx_word' id='word_1_374' title='bbox 1069 4167 1153 4222; x_wconf 91' lang='lat' dir='ltr'>nihilo</span> <span class='ocrx_word' id='word_1_375' title='bbox 1171 4167 1259 4221; x_wconf 89' lang='lat' dir='ltr'>minus</span> <span class='ocrx_word' id='word_1_376' title='bbox 1277 4165 1419 4220; x_wconf 88' lang='lat' dir='ltr'>debeatur.</span> <span class='ocrx_word' id='word_1_377' title='bbox 1448 4169 1560 4234; x_wconf 85' lang='lat' dir='ltr'>utputa</span> <span class='ocrx_word' id='word_1_378' title='bbox 1578 4165 1682 4234; x_wconf 87' lang='lat' dir='ltr'>siquis</span> 
     </span>
     <span class='ocr_line' id='line_1_34' title="bbox 241 4253 1682 4326; baseline -0.001 -16"><span class='ocrx_word' id='word_1_379' title='bbox 241 4258 435 4324; x_wconf 84' lang='lat' dir='ltr'>rogetur-post</span> <span class='ocrx_word' id='word_1_380' title='bbox 452 4255 566 4309; x_wconf 88' lang='lat' dir='ltr'>morteiu</span> <span class='ocrx_word' id='word_1_381' title='bbox 586 4271 664 4309; x_wconf 88' lang='lat' dir='ltr'>suam</span> <span class='ocrx_word' id='word_1_382' title='bbox 683 4253 815 4324; x_wconf 85' lang='lat' dir='ltr'>quidquid</span> <span class='ocrx_word' id='word_1_383' title='bbox 833 4269 867 4308; x_wconf 83' lang='lat' dir='ltr'>ex</span> <span class='ocrx_word' id='word_1_384' title='bbox 885 4254 964 4310; x_wconf 89' lang='lat' dir='ltr'>bonis</span> <span class='ocrx_word' id='word_1_385' title='bbox 983 4255 1117 4326; x_wconf 88' lang='lat' dir='ltr'>supererit</span> <span class='ocrx_word' id='word_1_386' title='bbox 1136 4255 1209 4310; x_wconf 84' lang='lat' dir='ltr'>Titio</span> <span class='ocrx_word' id='word_1_387' title='bbox 1228 4255 1387 4310; x_wconf 89' lang='lat' dir='ltr'>restituere:</span> <span class='ocrx_word' id='word_1_388' title='bbox 1411 4258 1443 4309; x_wconf 91' lang='lat' dir='ltr'>ut</span> <span class='ocrx_word' id='word_1_389' title='bbox 1466 4254 1540 4309; x_wconf 91' lang='lat' dir='ltr'>enim</span> <span class='ocrx_word' id='word_1_390' title='bbox 1559 4267 1682 4325; x_wconf 82' lang='lat' dir='ltr'>eaquae</span> 
     </span>
     <span class='ocr_line' id='line_1_35' title="bbox 240 4340 1738 4415; baseline -0.001 -18"><span class='ocrx_word' id='word_1_391' title='bbox 240 4341 295 4398; x_wconf 87' lang='lat' dir='ltr'>fide</span> <span class='ocrx_word' id='word_1_392' title='bbox 314 4343 387 4398; x_wconf 90' lang='lat' dir='ltr'>bona</span> <span class='ocrx_word' id='word_1_393' title='bbox 405 4342 546 4398; x_wconf 88' lang='lat' dir='ltr'>deminuta</span> <span class='ocrx_word' id='word_1_394' title='bbox 563 4347 629 4398; x_wconf 89' lang='lat' dir='ltr'>suut</span> <span class='ocrx_word' id='word_1_395' title='bbox 645 4343 674 4398; x_wconf 90' lang='lat' dir='ltr'>in</span> <span class='ocrx_word' id='word_1_396' title='bbox 691 4359 775 4398; x_wconf 88' lang='lat' dir='ltr'>causa</span> <span class='ocrx_word' id='word_1_397' title='bbox 796 4340 1000 4400; x_wconf 86' lang='lat' dir='ltr'>fideicommissi</span> <span class='ocrx_word' id='word_1_398' title='bbox 1024 4358 1079 4400; x_wconf 90' lang='lat' dir='ltr'>non</span> <span class='ocrx_word' id='word_1_399' title='bbox 1101 4343 1356 4415; x_wconf 89' lang='lat' dir='ltr'>deprehenduntur,</span> <span class='ocrx_word' id='word_1_400' title='bbox 1380 4343 1404 4398; x_wconf 92' lang='lat' dir='ltr'>si</span> <span class='ocrx_word' id='word_1_401' title='bbox 1427 4357 1478 4414; x_wconf 89' lang='lat' dir='ltr'>pro</span> <span class='ocrx_word' id='word_1_402' title='bbox 1502 4343 1588 4398; x_wconf 90' lang='lat' dir='ltr'>modo</span> <span class='ocrx_word' id='word_1_403' title='bbox 1609 4348 1681 4399; x_wconf 79' lang='lat' dir='ltr'>oete</span> <span class='ocrx_word' id='word_1_404' title='bbox 1703 4355 1738 4396; x_wconf 74' lang='lat' dir='ltr'>aa</span> 
     </span>
    </p>
   </div>
   <div class='ocr_carea' id='block_1_5' title="bbox 240 4440 442 4619">
    <p class='ocr_par' dir='ltr' id='par_1_13' title="bbox 240 4440 442 4619">
     <span class='ocr_line' id='line_1_36' title="bbox 240 4440 404 4511; baseline 0 0"><span class='ocrx_word' id='word_1_405' title='bbox 240 4440 404 4511; x_wconf 80' lang='lat' dir='ltr'>FlP(VU)]</span> 
     </span>
     <span class='ocr_line' id='line_1_37' title="bbox 242 4563 442 4619; baseline -0.005 0"><span class='ocrx_word' id='word_1_406' title='bbox 242 4567 251 4601; x_wconf 84' lang='lat'>²</span> <span class='ocrx_word' id='word_1_407' title='bbox 270 4563 442 4619; x_wconf 79' lang='lat' dir='ltr'>restituitur?</span> 
     </span>
    </p>
   </div>
   <div class='ocr_carea' id='block_1_6' title="bbox 239 4695 1683 5125">
    <p class='ocr_par' dir='ltr' id='par_1_14' title="bbox 239 4695 1683 5052">
     <span class='ocr_line' id='line_1_38' title="bbox 240 4695 1682 4766; baseline 0.001 -14"><span class='ocrx_word' id='word_1_408' title='bbox 240 4698 305 4752; x_wconf 86' lang='lat' dir='ltr'>3et</span> <span class='ocrx_word' id='word_1_409' title='bbox 316 4695 450 4751; x_wconf 81' lang='lat' dir='ltr'>fructibus</span> <span class='ocrx_word' id='word_1_410' title='bbox 463 4701 491 4750; x_wconf 87' lang='lat' dir='ltr'>et</span> <span class='ocrx_word' id='word_1_411' title='bbox 503 4695 593 4750; x_wconf 87' lang='lat' dir='ltr'>causis</span> <span class='ocrx_word' id='word_1_412' title='bbox 608 4715 657 4750; x_wconf 86' lang='lat' dir='ltr'>om.</span> <span class='ocrx_word' id='word_1_413' title='bbox 670 4699 722 4751; x_wconf 79' lang='lat' dir='ltr'>ind.</span> <span class='ocrx_word' id='word_1_414' title='bbox 735 4698 762 4750; x_wconf 82' lang='lat' dir='ltr'><em>F</em></span> <span class='ocrx_word' id='word_1_415' title='bbox 809 4696 930 4765; x_wconf 85' lang='lat' dir='ltr'>4mora]</span> <span class='ocrx_word' id='word_1_416' title='bbox 986 4697 1076 4753; x_wconf 87' lang='lat' dir='ltr'>editus</span> <span class='ocrx_word' id='word_1_417' title='bbox 1090 4699 1166 4754; x_wconf 60' lang='grc' dir='ltr'>ΡΨ·</span> <span class='ocrx_word' id='word_1_418' title='bbox 1210 4700 1245 4755; x_wconf 91' lang='grc'>22</span> <span class='ocrx_word' id='word_1_419' title='bbox 1263 4697 1426 4766; x_wconf 82' lang='lat' dir='ltr'>intermisso]</span> <span class='ocrx_word' id='word_1_420' title='bbox 1441 4698 1469 4752; x_wconf 93' lang='lat' dir='ltr'>in</span> <span class='ocrx_word' id='word_1_421' title='bbox 1482 4699 1682 4754; x_wconf 86' lang='lat' dir='ltr'>commissoP·</span> 
     </span>
     <span class='ocr_line' id='line_1_39' title="bbox 241 4767 1682 4840; baseline 0.001 -17"><span class='ocrx_word' id='word_1_422' title='bbox 241 4769 346 4824; x_wconf 89' lang='lat' dir='ltr'>maiora</span> <span class='ocrx_word' id='word_1_423' title='bbox 364 4777 390 4821; x_wconf 80' lang='lat' dir='ltr'>ln</span> <span class='ocrx_word' id='word_1_424' title='bbox 408 4767 509 4821; x_wconf 73' lang='lat' dir='ltr'>tndP‘</span> <span class='ocrx_word' id='word_1_425' title='bbox 544 4769 783 4823; x_wconf 78' lang='lat' dir='ltr'>doontractusP⁰</span> <span class='ocrx_word' id='word_1_426' title='bbox 820 4769 854 4822; x_wconf 91' lang='lat'>10</span> <span class='ocrx_word' id='word_1_427' title='bbox 866 4785 932 4838; x_wconf 89' lang='lat' dir='ltr'>pan·</span> <span class='ocrx_word' id='word_1_428' title='bbox 986 4769 1021 4824; x_wconf 83' lang='lat'>25</span> <span class='ocrx_word' id='word_1_429' title='bbox 1034 4771 1231 4838; x_wconf 83' lang='lat' dir='ltr'>tamenetsiP}</span> <span class='ocrx_word' id='word_1_430' title='bbox 1246 4769 1411 4840; x_wconf 87' lang='lat' dir='ltr'>procedente</span> <span class='ocrx_word' id='word_1_431' title='bbox 1420 4767 1473 4822; x_wconf 88' lang='lat' dir='ltr'>PU</span> <span class='ocrx_word' id='word_1_432' title='bbox 1514 4771 1549 4823; x_wconf 85' lang='lat'>31</span> <span class='ocrx_word' id='word_1_433' title='bbox 1563 4769 1682 4825; x_wconf 85' lang='lat' dir='ltr'>certe‘m&#39;</span> 
     </span>
     <span class='ocr_line' id='line_1_40' title="bbox 240 4838 1682 4911; baseline 0 -17"><span class='ocrx_word' id='word_1_434' title='bbox 240 4840 343 4894; x_wconf 87' lang='lat' dir='ltr'>duntur</span> <span class='ocrx_word' id='word_1_435' title='bbox 354 4840 395 4893; x_wconf 75' lang='lat'>1³⁶</span> <span class='ocrx_word' id='word_1_436' title='bbox 436 4841 470 4893; x_wconf 90' lang='grc'>12</span> <span class='ocrx_word' id='word_1_437' title='bbox 483 4841 587 4892; x_wconf 86' lang='lat' dir='ltr'>tractus</span> <span class='ocrx_word' id='word_1_438' title='bbox 600 4839 680 4893; x_wconf 86' lang='lat' dir='ltr'>PVU</span> <span class='ocrx_word' id='word_1_439' title='bbox 723 4841 756 4894; x_wconf 90' lang='lat'>13</span> <span class='ocrx_word' id='word_1_440' title='bbox 768 4838 932 4909; x_wconf 82' lang='lat' dir='ltr'>intorpr&#39;a&#39;e·</span> <span class='ocrx_word' id='word_1_441' title='bbox 1004 4847 1050 4896; x_wconf 88' lang='lat' dir='ltr'>ost</span> <span class='ocrx_word' id='word_1_442' title='bbox 1067 4841 1103 4895; x_wconf 69' lang='lat' dir='ltr'>F‘</span> <span class='ocrx_word' id='word_1_443' title='bbox 1148 4843 1183 4897; x_wconf 87' lang='grc'>32</span> <span class='ocrx_word' id='word_1_444' title='bbox 1201 4841 1375 4911; x_wconf 83' lang='lat' dir='ltr'>quamquam]</span> <span class='ocrx_word' id='word_1_445' title='bbox 1395 4855 1476 4910; x_wconf 82' lang='lat' dir='ltr'>quam</span> <span class='ocrx_word' id='word_1_446' title='bbox 1496 4839 1540 4910; x_wconf 28' lang='lat'>1³⁶,</span> <span class='ocrx_word' id='word_1_447' title='bbox 1581 4842 1617 4895; x_wconf 77' lang='lat'>34</span> <span class='ocrx_word' id='word_1_448' title='bbox 1635 4841 1682 4895; x_wconf 84' lang='lat' dir='ltr'>do-</span> 
     </span>
     <span class='ocr_line' id='line_1_41' title="bbox 239 4857 1683 4980; baseline 0.001 -15"><span class='ocrx_word' id='word_1_449' title='bbox 239 4912 309 4966; x_wconf 86' lang='lat' dir='ltr'>tatio</span> <span class='ocrx_word' id='word_1_450' title='bbox 328 4909 365 4964; x_wconf 62' lang='lat' dir='ltr'>F⁶</span> <span class='ocrx_word' id='word_1_451' title='bbox 425 4911 458 4966; x_wconf 88' lang='lat'>15</span> <span class='ocrx_word' id='word_1_452' title='bbox 481 4907 595 4979; x_wconf 87' lang='lat' dir='ltr'>plan&#39;a&#39;e</span> <span class='ocrx_word' id='word_1_453' title='bbox 615 4910 640 4963; x_wconf 91' lang='lat' dir='ltr'>F</span> <span class='ocrx_word' id='word_1_454' title='bbox 642 4911 655 4944; x_wconf 78' lang='lat'><em>²</em></span> <span class='ocrx_word' id='word_1_455' title='bbox 710 4911 744 4964; x_wconf 87' lang='grc'>18</span> <span class='ocrx_word' id='word_1_456' title='bbox 762 4911 855 4980; x_wconf 82' lang='grc' dir='ltr'>ιιιιι]</span> <span class='ocrx_word' id='word_1_457' title='bbox 874 4911 932 4974; x_wconf 88' lang='lat' dir='ltr'>PU,</span> <span class='ocrx_word' id='word_1_458' title='bbox 984 4857 1100 4967; x_wconf 61' lang='lat' dir='ltr'>Edatur</span> <span class='ocrx_word' id='word_1_459' title='bbox 1119 4915 1157 4966; x_wconf 65' lang='lat'>1²²</span> <span class='ocrx_word' id='word_1_460' title='bbox 1200 4913 1235 4968; x_wconf 88' lang='lat'>35</span> <span class='ocrx_word' id='word_1_461' title='bbox 1253 4913 1280 4968; x_wconf 90' lang='lat' dir='ltr'>iu</span> <span class='ocrx_word' id='word_1_462' title='bbox 1295 4910 1456 4968; x_wconf 88' lang='lat' dir='ltr'>fideioausa</span> <span class='ocrx_word' id='word_1_463' title='bbox 1467 4912 1609 4967; x_wconf 86' lang='lat' dir='ltr'>commissi</span> <span class='ocrx_word' id='word_1_464' title='bbox 1623 4911 1683 4978; x_wconf 84' lang='lat' dir='ltr'>PV,</span> 
     </span>
     <span class='ocr_line' id='line_1_42' title="bbox 241 4978 1586 5052; baseline 0.001 -18"><span class='ocrx_word' id='word_1_465' title='bbox 241 4997 353 5036; x_wconf 88' lang='lat' dir='ltr'>causam</span> <span class='ocrx_word' id='word_1_466' title='bbox 364 4982 424 5034; x_wconf 88' lang='lat' dir='ltr'>FV:</span> <span class='ocrx_word' id='word_1_467' title='bbox 438 4981 503 5035; x_wconf 78' lang='lat' dir='ltr'>aeri</span> <span class='ocrx_word' id='word_1_468' title='bbox 515 4981 686 5051; x_wconf 73' lang='lat' dir='ltr'>npoairepzra</span> <span class='ocrx_word' id='word_1_469' title='bbox 699 4978 838 5035; x_wconf 78' lang='lat' dir='ltr'>inarreirsr</span> <span class='ocrx_word' id='word_1_470' title='bbox 853 4982 932 5042; x_wconf 75' lang='lat' dir='ltr'>aeica</span> <span class='ocrx_word' id='word_1_471' title='bbox 985 4983 1013 5037; x_wconf 90' lang='lat' dir='ltr'>iu</span> <span class='ocrx_word' id='word_1_472' title='bbox 1031 4982 1234 5040; x_wconf 89' lang='lat' dir='ltr'>fideicommissi</span> <span class='ocrx_word' id='word_1_473' title='bbox 1251 5000 1336 5038; x_wconf 85' lang='lat' dir='ltr'>causa</span> <span class='ocrx_word' id='word_1_474' title='bbox 1357 4983 1383 5037; x_wconf 88' lang='lat' dir='ltr'><em>U</em></span> <span class='ocrx_word' id='word_1_475' title='bbox 1393 4987 1399 5052; x_wconf 85' lang='grc' dir='ltr'>Ι</span> <span class='ocrx_word' id='word_1_476' title='bbox 1414 4981 1525 5038; x_wconf 89' lang='lat' dir='ltr'>modum</span> <span class='ocrx_word' id='word_1_477' title='bbox 1544 4983 1586 5036; x_wconf 89' lang='lat' dir='ltr'>P·</span> 
     </span>
    </p>

    <p class='ocr_par' dir='ltr' id='par_1_15' title="bbox 242 5051 932 5125">
     <span class='ocr_line' id='line_1_43' title="bbox 242 5051 932 5125; baseline 0.003 -20"><span class='ocrx_word' id='word_1_478' title='bbox 242 5053 289 5106; x_wconf 84' lang='lat' dir='ltr'>RS</span> <span class='ocrx_word' id='word_1_479' title='bbox 312 5053 397 5124; x_wconf 70' lang='lat' dir='ltr'>(Cpr.)</span> <span class='ocrx_word' id='word_1_480' title='bbox 457 5053 490 5108; x_wconf 79' lang='lat'>19</span> <span class='ocrx_word' id='word_1_481' title='bbox 514 5056 612 5125; x_wconf 88' lang='lat' dir='ltr'>captus</span> <span class='ocrx_word' id='word_1_482' title='bbox 636 5051 735 5106; x_wconf 74' lang='lat' dir='ltr'><strong><em>FP“U⁰</em></strong></span> <span class='ocrx_word' id='word_1_483' title='bbox 756 5053 761 5121; x_wconf 90' lang='grc' dir='ltr'>Ι</span> <span class='ocrx_word' id='word_1_484' title='bbox 782 5056 932 5122; x_wconf 83' lang='lat' dir='ltr'>partusque</span> 
     </span>
    </p>
   </div>
   <div class='ocr_carea' id='block_1_7' title="bbox 0 0 1888 5554">
    <p class='ocr_par' dir='ltr' id='par_1_16' title="bbox 0 0 1888 5554">
     <span class='ocr_line' id='line_1_44' title="bbox 0 0 1888 5554; baseline 0 0"><span class='ocrx_word' id='word_1_485' title='bbox 0 0 1888 5554; x_wconf 95' lang='lat' dir='ltr'> </span> 
     </span>
    </p>
   </div>
  </div>
 </body>
</html>
