3664 5570
273 246 344 313 VIII
366 247 386 312 2
407 253 521 306 12-18
547 341 552 349 1
946 240 1034 320 254
1394 266 1440 312 nu
1462 265 1702 315 susurremus

274 401 339 471 quid
357 399 438 455 altius
455 400 579 469 tollatur,
602 399 701 456 uiridia
718 414 802 470 supra
819 413 880 454 eam
898 399 1069 460 altitudinem
1087 398 1189 455 habere
1206 405 1335 470 possunt:
1359 406 1389 456 at
1405 400 1429 458 si
1446 401 1482 457 de
1498 407 1645 474 prospectu
1662 408 1704 459 est

274 503 361 558 eaque
378 486 522 543 obstatura
538 490 611 557 sunt,
629 503 684 543 non
701 492 825 557 possunt.

218 577 256 635 13
325 577 483 632 Procerus
494 575 563 631 libro
575 576 696 632 seeundo
708 576 892 645 epistularum.
922 574 1037 641 Quidam
1049 575 1167 632 Hiberus
1180 577 1297 647 nomine,
1316 575 1532 647 quihabetpost
1551 573 1743 661 [fffflsss

273 663 370 719 horrea
393 679 456 719 mes
474 665 606 733 insulam,
629 663 769 719 balnearia
785 661 852 719 lecit
869 663 1020 719 seeundum
1038 664 1170 733 parietem
1189 680 1375 721 communem:
1399 681 1454 721 non
1470 665 1536 721 lloet
1552 654 1704 723 effi

273 753 352 808 bulos
370 753 471 808 habere
489 751 613 807 admotos
632 751 667 806 ad
685 751 818 820 parletem
836 766 1021 821 communem,
1045 752 1126 807 sicuti
1143 767 1178 806 ne
1194 753 1328 821 parietem
1346 753 1458 824 quidem
1476 768 1556 809 suum
1574 759 1639 826 perl
1658 765 1732 826 pes

272 843 368 897 rietem
387 855 571 896 communem:
590 840 625 894 de
642 839 744 894 tubulis
758 854 791 894 eo
803 840 921 909 amplius
932 840 985 896 hoe
997 841 1062 895 iuris
1075 844 1125 910 est,
1143 841 1218 910 quod
1229 856 1280 911 per
1291 855 1339 897 eos
1350 840 1460 896 flamma
1471 845 1590 898 torretur
1601 845 1703 914 parles:

272 945 328 999 qua
345 930 380 984 de
397 944 428 984 re
446 929 508 984 uolo
526 943 588 983 cum
606 927 708 982 Hibero
724 929 852 996 loquaris,
871 943 906 983 ne
924 944 981 984 rem
1000 929 1121 984 illicitam
1139 927 1230 984 iaciat
1266 931 1397 986 Proculus
1415 929 1571 998 respondit:
1588 947 1640 986 nec
1658 932 1704 987 Hi-

274 1018 367 1073 berum
385 1031 436 1087 pro
454 1031 488 1071 ea
504 1031 534 1071 re
551 1015 677 1071 dubitare
693 1019 769 1085 puto,
788 1015 862 1085 quod
879 1032 937 1072 rem
955 1033 1010 1072 nou
1027 1017 1188 1086 permissam
1207 1015 1273 1072 lacit
1289 1017 1401 1074 tubulos
1419 1018 1570 1074 secuudum
1585 1034 1704 1075 commu-

240 1112 253 1156 1
273 1122 334 1161 nem
352 1107 484 1176 parietem
502 1103 661 1159 extruendo.
688 1104 824 1159 Parietem
843 1119 1014 1162 communem
1032 1106 1183 1160 iuerustare
1199 1105 1264 1160 lieet
1281 1106 1432 1161 seeundum
1444 1106 1585 1176 Capitonis
1597 1113 1705 1164 senten·

272 1195 347 1264 tiam,
361 1194 432 1248 siout
442 1194 505 1247 licet
517 1191 583 1246 mihi
594 1191 806 1261 pretiosissimas
817 1193 939 1261 picturas
951 1193 1052 1248 habere
1065 1193 1092 1248 in
1103 1194 1208 1263 pariete
1220 1195 1370 1249 communi:
1388 1199 1511 1250 ceterum
1523 1196 1547 1250 sl
1559 1195 1706 1252 demolitus
1724 1207 1749 1246 1⁰

272 1283 309 1336 sit
325 1282 432 1337 uieInue
448 1285 478 1336 et
495 1295 530 1335 ex
547 1281 678 1350 stipulatu
696 1280 803 1335 actione
822 1280 914 1336 damni
931 1279 1024 1336 inlecti
1043 1286 1153 1352 agatm,
1172 1297 1228 1337 non
1244 1283 1330 1351 pluris
1347 1298 1431 1352 quam
1448 1283 1574 1353 uulgaris
1590 1286 1706 1340 tectoria

272 1371 410 1425 aestimari
427 1368 541 1424 debent:
559 1367 634 1436 quod
651 1367 791 1423 obseruari
809 1374 838 1423 et
855 1368 883 1422 in
901 1369 1096 1425 incrustatioue
1115 1373 1231 1440 oportet.

217 1452 255 1508 14
325 1459 464 1512 Pariusue
486 1457 593 1512 Iusuus
615 1455 684 1511 libro
707 1456 795 1524 primo
814 1455 849 1510 de
867 1457 1115 1513 constitutionibus.
1150 1458 1332 1528 Imperatores
1349 1456 1506 1513 Antoninus
1523 1464 1553 1514 et
1570 1457 1707 1515 Seuerus¹
1724 1455 1764 1526 Es

272 1546 392 1615 Augusti
409 1545 607 1614 rescripserunt
622 1545 651 1599 in
669 1560 745 1614 area,
767 1559 839 1614 quae
857 1545 924 1600 nulli
941 1547 1101 1601 seruitutem
1120 1545 1216 1616 debet,
1233 1561 1315 1616 posse
1334 1545 1473 1602 dominum
1492 1547 1537 1602 uel
1555 1547 1639 1603 ulium
1656 1563 1707 1604 uo·

271 1635 375 1690 luntate
393 1634 452 1688 eius
470 1631 615 1688 aedificare
632 1633 787 1688 intermisso
804 1633 927 1702 legitimo
945 1633 1035 1703 spatio
1053 1649 1070 1689 a
1087 1634 1179 1689 uicina
1196 1634 1295 1689 Insula.
1727 1645 1753 1686 rs

216 1714 254 1774 15
324 1722 475 1778 nunnus
495 1720 564 1776 libro
587 1721 739 1776 uicensimo
760 1736 833 1776 nono
856 1719 891 1774 ad
910 1719 1050 1777 SabInum.
1086 1722 1161 1777 Inter
1182 1722 1329 1778 seruitutes
1347 1737 1383 1777 ne
1399 1721 1548 1777 Iumlnlbus
1566 1717 1746 1807 [ΜΒ

271 1809 406 1867 officiatur
424 1815 453 1864 et
469 1824 504 1864 ne
521 1808 679 1878 prospectui
696 1808 852 1864 offendatur
868 1808 942 1864 uliud
960 1815 990 1864 et
1003 1809 1077 1864 aliud
1089 1809 1265 1865 obseruator:
1284 1810 1358 1878 quod
1371 1811 1399 1864 iu
1411 1815 1558 1880 prospectu
1569 1812 1632 1880 plus
1644 1813 1708 1882 quis

272 1898 368 1969 habet,
386 1912 421 1952 ne
439 1896 506 1968 quid
523 1897 550 1951 ei
567 1894 702 1952 officlnom
720 1897 755 1952 ad
773 1897 920 1967 gratiorem
937 1903 1113 1967 prospectum
1131 1897 1299 1966 olibetum,
1317 1898 1347 1952 iu
1364 1897 1513 1953 luminibus
1530 1903 1630 1968 autern,
1650 1915 1708 1954 non

272 1984 382 2042 allicere
405 1999 440 2039 ne
462 1985 566 2039 lumina
588 1985 748 2054 cuiusquam
771 1984 930 2041 obsemiora
952 1983 1029 2040 fiant
1063 1985 1255 2056 quodcumque
1272 1985 1356 2056 igliur
1372 1983 1458 2041 faciat
1476 1985 1512 2041 ed
1529 1987 1638 2041 luminis
1657 1988 1709 2042 im·

272 2073 471 2143 pedimentum,
493 2071 630 2142 prohiberi
647 2077 753 2143 potest,
771 2074 796 2128 si
812 2074 932 2130 seruitus
950 2073 1095 2145 debeatur,
1113 2088 1238 2144 opusque
1256 2073 1283 2128 ei
1300 2088 1402 2130 nouum
1422 2075 1546 2130 nuntIari
1558 2077 1666 2144 potest,
1685 2075 1710 2129 si
1728 2082 1756 2123 ¹⁰

273 2161 355 2217 modo
373 2161 413 2216 sle
430 2158 521 2230 faeiat,
540 2164 573 2214 nt
589 2159 684 2215 Iumlni
701 2166 809 2217 noceat.

216 2243 255 2302 16
327 2250 446 2304 Patruus
462 2247 531 2305 libro
549 2247 670 2304 secundo
688 2249 868 2319 epitoniorum
886 2247 978 2305 Alieni
996 2249 1173 2319 digestorum
1201 2249 1307 2304 Lumen
1324 2249 1353 2304 id
1371 2254 1422 2320 est,
1441 2256 1473 2305 ut
1489 2265 1550 2306 ese
1567 2243 1711 2334 Q
1730 2252 1764 2304 S*

272 2337 329 2393 lum
346 2337 495 2407 uideretur,
513 2342 542 2392 et
557 2337 673 2392 Interest
688 2337 760 2393 iuter
776 2338 869 2393 lumen
886 2341 915 2394 et
932 2342 1121 2408 prospectum:
1140 2353 1204 2393 nam
1216 2341 1379 2408 prospectus
1391 2339 1475 2394 etiam
1486 2352 1522 2394 ex
1533 2336 1712 2396 inferioribus

272 2425 340 2481 loeis
357 2430 409 2495 est,
426 2425 519 2480 lumen
536 2440 571 2480 ex
588 2423 715 2480 inieriore
732 2426 793 2481 loeo
811 2441 873 2482 osse
890 2441 945 2482 uon
962 2429 1064 2496 potest
1139 2425 1141 2428 ’
1731 2435 1762 2477 sa

216 2507 254 2566 17
325 2512 477 2570 Πιιιιιιιιιι
499 2511 568 2568 libro
591 2513 741 2569 uloensimo
763 2529 837 2570 nono
860 2513 897 2569 ad
915 2512 1056 2597 Sabinum.
1092 2512 1123 2570 Si
1140 2512 1265 2570 arborem
1283 2519 1382 2583 ponat,
1406 2518 1439 2570 ut
1454 2514 1550 2570 lumini
1568 2507 1752 2597 ffers-Es

272 2598 383 2672 official,
403 2603 414 2670 ll
433 2616 520 2672 aeque
537 2600 682 2656 dicendum
700 2602 753 2658 erIt
769 2605 866 2658 eontra
882 2603 1038 2672 impositam
1057 2603 1218 2659 seruitutem
1236 2616 1299 2656 eum
1316 2601 1422 2658 faeere:
1440 2618 1505 2657 nam
1523 2607 1553 2658 et
1569 2601 1651 2658 arbor
1669 2600 1711 2658 el'·
1730 2607 1802 2655 tuat

272 2686 338 2759 licit,
356 2703 411 2759 quo
428 2690 518 2745 miuus
536 2690 606 2746 caeli
622 2689 711 2745 uideri
727 2691 824 2761 possit
852 2689 881 2746 Si
899 2695 991 2746 tumen
1009 2690 1039 2746 id
1055 2690 1131 2759 quod
1140 2689 1250 2760 poniur
1260 2689 1353 2745 lumen
1365 2689 1475 2759 quidem
1487 2689 1554 2746 nibil
1566 2689 1710 2762 inpedias,

272 2777 357 2834 solem
375 2781 468 2834 autem
486 2776 605 2848 auferat,
629 2778 653 2832 si
670 2777 780 2847 quidem
798 2793 831 2834 eo
848 2779 915 2850 leel,
934 2795 989 2849 quo
1006 2783 1115 2849 gratum
1133 2782 1192 2834 eret
1210 2793 1273 2834 enm
1290 2792 1345 2834 non
1363 2792 1439 2848 esse,
1458 2782 1551 2848 potest
1569 2777 1623 2832 dici
1641 2778 1713 2834 nibil

272 2869 368 2922 eontra
389 2866 550 2922 seruitutem
573 2864 678 2921 iacere:
702 2866 745 2921 siu
766 2881 833 2922 uero
849 2866 1030 2923 beliocumIno
1046 2868 1092 2922 uel
1109 2866 1222 2937 solario,
1245 2865 1392 2921 dicendum
1410 2865 1475 2936 erit,
1499 2867 1564 2936 quia
1581 2865 1712 2924 umbram

238 2958 253 3005 1
271 2951 339 3010 iacit
353 2954 382 3010 In
399 2955 468 3023 loeo,
486 2962 529 3009 cul
544 2956 585 3009 sol
600 2952 653 3008 fult
670 2955 850 3026 necessarius,
869 2959 964 3012 oonba
981 2956 1142 3012 seruitutem
1160 2954 1315 3024 impositam
1333 2951 1401 3010 lieri.
1428 2954 1482 3009 Per
1500 2956 1665 3011 colubarium
1684 2955 1713 3012 si
1734 2961 1765 3006 ae

271 3041 393 3112 deponat
414 3039 569 3098 aedificium
591 3042 637 3097 uel
660 3041 765 3098 arboris
788 3059 893 3114 ramos,
919 3059 973 3114 quo
990 3042 1065 3100 iacto
1082 3045 1159 3100 loeus
1177 3057 1280 3113 opacus
1297 3041 1435 3111 quondam
1453 3043 1545 3112 eoepit
1561 3043 1626 3099 solis
1644 3059 1712 3101 esse

270 3131 376 3200 plenus,
394 3146 450 3186 non
467 3128 535 3185 iacit
551 3135 647 3185 eontra
663 3131 838 3187 seruitutem:
856 3131 927 3188 bane
944 3133 1017 3188 enIm
1035 3131 1138 3202 debuit,
1156 3146 1192 3186 ne
1209 3129 1355 3187 Iumlnibue
1373 3127 1484 3200 officiat,
1502 3145 1575 3188 nune
1592 3147 1649 3188 non
1667 3134 1713 3189 lu·

237 3225 254 3270 a
271 3217 390 3274 minibus
407 3215 506 3288 officit,
525 3217 575 3274 sod
591 3219 654 3286 plus
673 3233 761 3289 uequo
778 3220 889 3274 lumen⁸
906 3217 980 3276 laelt
1016 3219 1157 3274 Interdum
1174 3219 1229 3274 diei
1245 3223 1339 3288 potest
1355 3233 1418 3276 eum
1435 3233 1553 3290 quoque,
1571 3220 1618 3290 qui
1635 3222 1714 3276 tellit

271 3305 426 3362 aedificium
443 3306 488 3362 uel
506 3305 642 3376 deprImit,
659 3307 808 3364 Iumlnlbus
826 3305 951 3363 officere:
969 3307 993 3362 si
1011 3304 1082 3362 lente
1100 3306 1163 3361 sari
1181 3305 1369 3362 duraciensem
1387 3309 1433 3362 uel
1446 3323 1575 3378 pressura
1586 3309 1713 3378 quadum

238 3395 363 3451 elumen
380 3394 409 3451 ln
426 3408 474 3450 ees
492 3393 576 3450 sedes
594 3393 765 3451 desolentur.
801 3395 878 3451 Haec
894 3398 939 3451 Iex
957 3393 1112 3450 traditionis
1130 3393 1276 3450 'sullieidIa
1292 3395 1334 3449 uti
1351 3411 1424 3450 nune
1441 3399 1519 3466 sunt,
1537 3399 1570 3450 ut
1586 3396 1627 3451 ita
1644 3397 1714 3453 sint'
1736 3407 1768 3447 se

270 3479 323 3538 hoe
345 3481 483 3553 signifieat
504 3483 660 3553 impositam
682 3483 780 3539 uicinis
803 3484 995 3540 necessitatem
1019 3482 1216 3538 stillicidiorum
1239 3482 1474 3563 excipiendomm,
1498 3498 1554 3539 non
1570 3484 1652 3554 illud,
1676 3491 1715 3541 ut

271 3569 354 3626 etiam
372 3575 478 3641 emptor
496 3570 633 3627 stillicidia
651 3571 783 3640 suscipiat
800 3570 985 3628 aedificiorum
1002 3571 1167 3627 uicinorum:
1185 3570 1238 3625 boe
1255 3570 1339 3640 lgilur
1356 3571 1501 3641 pollicetur
1513 3571 1642 3628 uenditor
1654 3573 1714 3628 subi

238 3658 382 3727 squidem
400 3658 596 3714 stillicidiorum
614 3657 775 3713 seruitutem
793 3658 895 3730 deberi,
913 3673 944 3715 se
962 3661 1055 3714 autem
1073 3659 1139 3715 nrrlli
1156 3657 1266 3714 debere.
1303 3657 1378 3724 Quae
1396 3658 1432 3714 de
1449 3659 1587 3716 stillicidio
1604 3661 1715 3730 scripta

272 3749 344 3814 sunt,
356 3745 439 3800 etiam
451 3746 480 3800 in
491 3747 590 3802 oeterls
601 3745 782 3802 seruitulubus
794 3747 954 3818 accipienda
965 3751 1038 3818 sunt,
1050 3747 1075 3802 sl
1085 3748 1114 3801 in
1125 3745 1291 3802 mnunnun
1302 3745 1369 3800 nibil
1380 3747 1541 3802 nominatim
1553 3753 1644 3804 aetum
1654 3753 1713 3804 est.
1738 3757 1772 3799 ss

215 3827 254 3887 18
324 3833 496 3890 Ponnoarns
513 3834 582 3891 lrbro
596 3835 702 3890 decimo
715 3832 902 3891 adSabinum.
931 3833 1088 3904 Silistulae‚
1106 3849 1237 3905 perquae
1248 3847 1348 3904 aquam
1361 3835 1456 3906 ducas,
1474 3836 1547 3892 aedi·
1567 3831 1715 3921 Μ
1738 3840 1763 3894 S

270 3917 324 3976 bus
341 3921 409 3976 meIs
427 3922 579 3992 applicatae
597 3921 727 3979 duumum
745 3922 811 3978 mihi
828 3922 902 3993 dent,
919 3922 949 3978 in
964 3920 1069 3979 iactum
1081 3923 1154 3979 aetio
1166 3923 1232 3978 mibi
1243 3924 1387 3994 competit:
1406 3923 1456 3980 sed
1468 3929 1497 3980 et
1509 3924 1602 3980 damni
1612 3924 1717 3982 iniecti

272 4009 396 4080 stipulari
414 4025 431 4065 a
447 4013 476 4064 te
493 3997 598 4080 potero.
1047 4024 1052 4030 ·

271 4095 456 4170 flavito]

273 4219 578 4294 ¹suumper1super?
649 4222 767 4279 ¹Uerus
785 4222 885 4292 (radii
954 4221 1093 4279 ⁸luminis
1112 4221 1214 4290 (Helii
1265 4219 1270 4228 '

272 4344 445 4430 luiddiaric
463 4345 570 4399 PVLU
610 4344 762 4430 libeberos
775 4346 820 4410 P,
839 4353 886 4400 ine.
899 4344 960 4415 Ρ·Ι
1014 4342 1081 4401 beat
1105 4345 1146 4428 Ρ·
1169 4344 1174 4411 1
1198 4344 1225 4398 ei
1247 4362 1296 4397 om.
1314 4342 1369 4397 PV
1425 4343 1459 4398 19
1486 4340 1642 4427 obscuratio
1666 4341 1718 4394 P·

270 4413 962 4549 illnldni-,4cltltltlniitiltll
1015 4412 1155 4540 linit
1171 4411 1722 4607 lsl·3⁰illnii2illll1l·„llte

271 4556 330 4613 tub.
342 4554 444 4611 babere
454 4553 570 4610 habulos
582 4555 618 4608 1,·
663 4556 737 4626 bne]
751 4569 802 4610 nee
813 4557 847 4621 L,
866 4565 913 4610 tac.
921 4556 964 4609 P·
1016 4554 1252 4623 28eo]ineoPV
1307 4553 1397 4608 docui
1405 4554 1457 4623 sol]
1461 4553 1535 4628 s(m.
1544 4571 1611 4608 saec.
1619 4551 1717 4620 XVI)

233 4661 238 4666 ·
272 4625 408 4684 diebulis
425 4624 963 4750 PilurIs1iusPVlgarietesP·
1016 4625 1074 4689 PU,
1093 4625 1138 4679 oui
1156 4627 1215 4692 (om.
1228 4625 1279 4690 sol)
1298 4624 1330 4689 Ia,
1351 4623 1394 4678 sui
1411 4624 1500 4679 locum
1518 4624 1546 4675 F
1591 4623 1625 4677 31
1644 4635 1717 4676 esse

272 4699 289 4754 7
306 4697 379 4766 uolo]
392 4696 456 4752 uolo
467 4699 500 4750 ut
517 4694 620 4760 P⁶VU,
638 4704 685 4750 tar.
699 4697 740 4750 Ρ·

273 4769 308 4823 12
325 4768 361 4837 In]
381 4767 442 4830 FU,
465 4765 603 4821 amm
658 4767 692 4821 13
714 4767 804 4820 iustus
826 4785 875 4820 om.
888 4765 941 4820 PU
957 4763 963 4824 Ι
1017 4765 1053 4820 34
1076 4783 1327 4820 saraaaraaaaaaors
1354 4765 1413 4829 PV,
1436 4781 1484 4818 om.
1501 4763 1556 4817 LU
1615 4763 1652 4816 35
1678 4761 1719 4816 in

272 4839 418 4894 antoninus
435 4841 465 4892 ot
479 4834 602 4904 seuerus]
621 4835 676 4898 FU,
694 4836 822 4892 antonius
840 4842 869 4892 et
886 4851 964 4892 seue·
1017 4849 1094 4890 meas
1110 4835 1152 4889 Ρ·
1204 4836 1239 4890 et
1257 4833 1310 4890 boe
1327 4853 1376 4890 aaa
1388 4834 1430 4888 P·
1481 4833 1517 4888 38
1538 4829 1641 4900 debers]
1658 4829 1718 4887 do-

271 4910 374 4973 rusL,
398 4906 685 4970 seuerusetant.P,
708 4907 917 4962 seuerietant.
941 4903 970 4960 V
1016 4904 1141 4962 bereP·
1193 4904 1496 4976 suatopoteror’

273 4981 308 5035 lb
325 4977 478 5048 Iegis'timo
495 4977 522 5030 F
553 4977 585 5031 17
603 4976 788 5046 improspeotu
806 4979 833 5032 F
869 4974 964 5032 1818-

819 4695 902 4752 Iseiat
915 4695 966 4749 PU
1016 4695 1082 4751 solis
1104 4695 1132 4749 P
1188 4695 1224 4749 33
1245 4694 1307 4764 plus
1329 4694 1427 4764 aequo]
1451 4695 1547 4764 plenus
1570 4706 1659 4761 aquo
1684 4693 1723 4746 P
