3720 5544
158 1748 286 1794 Bononien-

156 1810 213 1856 sium
229 1811 291 1869 prin·

174 1885 228 1931 ceps
245 1887 271 1918 ex

160 1933 291 1981 Florentino

163 1996 290 2056 descriptus

972 275 1072 344 LXVI

308 461 430 526 tempore
448 471 503 510 non
522 454 634 509 multem
653 453 837 525 praecessisse
854 452 995 508 uideatur:
1018 467 1184 523 quamquam
1202 451 1290 508 codex
1308 450 1352 506 hic
1369 467 1424 508 non
1442 456 1498 507 mm
1516 451 1576 521 ipse
1595 449 1738 506 Secundus

308 562 417 618 uidetur
434 560 519 617 tuisse
538 561 688 618 eommunis
706 576 806 632 parens
820 561 1032 616 Bononienaium
1050 560 1170 616 omnium
1189 574 1271 630 qnam
1290 559 1353 615 inde
1371 558 1533 628 descriptus.
1560 557 1648 613 codex
1666 557 1738 612 enim

309 669 458 740 Lipsiensis
481 674 510 725 et
532 669 592 739 ipse
614 685 650 725 ex
672 669 868 738 antiquissimis
890 668 1018 723 immunis
1040 666 1097 722 iere
1121 667 1221 722 mansit
1242 665 1278 722 ab
1301 665 1375 721 uitiis
1397 666 1450 721 illis
1473 681 1508 720 ex
1531 663 1739 735 Langobardica

309 776 444 847 scriptura
465 774 634 846 repetendis:
657 781 752 832 contra
775 775 878 846 passim
904 775 978 846 apud
1000 789 1062 830 eum
1081 773 1204 830 offendes
1221 774 1326 829 litteras
1344 795 1361 828 n
1379 778 1407 828 et
1426 774 1440 827 b
1458 777 1640 843 permutatas,
1664 769 1738 841 quod

308 899 396 953 genus
419 883 517 938 erroris
539 899 601 939 cnm
619 898 673 939 non
692 884 751 939 eius
769 883 871 939 saeculi
889 880 1043 952 fueritque
1061 881 1149 938 sodex
1167 881 1284 951 scriptus
1302 885 1358 950 est,
1382 881 1441 936 sine
1459 877 1542 935 dubio
1560 876 1740 949 prodciscitur

309 1005 344 1046 ex
367 991 502 1061 scriptura
522 983 673 1062 archetypi.
701 989 829 1046 uidentur
851 989 935 1060 igitur
957 1005 991 1045 ex
1010 989 1032 1044 S
1050 989 1105 1046 duo
1126 992 1200 1045 certe
1218 987 1345 1058 exempla
1364 987 1497 1057 originem
1517 986 1648 1056 traxisse,
1673 985 1739 1040 alte·

309 1114 369 1153 rum
390 1096 628 1167 Langobardicnm
652 1096 731 1168 illud,
755 1113 773 1153 a
797 1112 850 1168 quo
873 1096 995 1167 pendent
1016 1096 1107 1162 PVU,
1131 1096 1245 1152 alterum
1268 1095 1446 1167 archetypum
1470 1093 1634 1164 Lipsiensis,
1658 1106 1739 1161 quem

309 1205 392 1260 etiarn
415 1205 443 1260 in
465 1203 582 1260 tentione
605 1205 709 1274 passim
732 1205 851 1275 reperies
872 1204 1025 1260 consentire
1043 1217 1105 1260 cunr
1123 1203 1280 1259 Florentino
1297 1187 1393 1269 contra
1410 1201 1529 1272 reliquos
1547 1199 1740 1271 antiquiorem.

309 1315 430 1367 ceterum
448 1312 602 1367 accuratius
621 1312 734 1382 exsequi
751 1311 821 1367 haee
838 1311 922 1380 nolui,
940 1326 1002 1366 oum
1021 1309 1095 1382 qnod
1112 1308 1192 1366 facile
1209 1308 1306 1366 fallunt
1324 1312 1441 1376 (mature
1459 1308 1531 1364 enim
1545 1305 1608 1363 iibri
1620 1307 1740 1376 digesto·

309 1433 369 1474 rum
392 1419 463 1474 inter
484 1433 515 1475 se
533 1419 623 1475 colati
641 1423 706 1474 eunt
722 1418 908 1489 lectionesque
926 1417 1151 1489 contaminatae),
1175 1420 1233 1472 tum
1253 1417 1371 1472 maxime
1389 1416 1463 1487 qnod
1481 1415 1609 1485 exiguam
1626 1414 1686 1484 nel,
1709 1418 1741 1468 nt

308 1541 404 1581 nerum
422 1526 526 1596 dicam,
549 1526 651 1582 nuliam
669 1524 935 1582 utilitatem'habent
952 1529 1063 1581 extante
1087 1523 1156 1581 libro
1174 1524 1343 1580 Florentino:
1367 1537 1422 1594 qno
1446 1523 1469 1579 si
1493 1537 1647 1579 careremus
1669 1535 1741 1591 qnae

308 1631 477 1688 instituenda
496 1638 569 1688 esset
587 1633 757 1688 auctoritatis
776 1632 938 1704 disceptetis
956 1630 1123 1703 difficillima,
1142 1630 1223 1687 hodie
1241 1630 1313 1688 leiici
1331 1646 1397 1687 omn
1415 1643 1620 1702 superuacanea
1637 1632 1689 1684 est

362 1737 416 1794 Sed
435 1755 600 1811 quamquam
619 1740 713 1810 negari
731 1754 787 1796 non
804 1743 896 1811 potest
913 1739 1070 1796 codioemS
1087 1753 1142 1796 non
1159 1737 1245 1794 fuisse
1263 1739 1353 1810 ipsum
1365 1737 1561 1806 Florentinum,
1579 1750 1634 1791 non
1652 1734 1742 1790 minus

309 1849 418 1901 conant
442 1861 504 1902 enm
527 1862 562 1902 ex
582 1861 616 1902 eo
634 1846 802 1918 descriptum
820 1861 890 1904 esse.
924 1845 1041 1917 probant
1057 1845 1110 1902 hoc
1128 1847 1246 1916 primum
1263 1860 1443 1916 quaecunque
1461 1845 1489 1900 in
1507 1842 1623 1915 digestis
1641 1841 1743 1898 tradita

309 1950 441 2008 habemus
459 1956 568 2024 praeter
586 1954 771 2010 Florentinum
790 1953 888 2010 librum
907 1954 989 2010 etiam
1009 1954 1046 2010 ab
1063 1953 1123 2009 aliis
1141 1953 1298 2010 Florentino
1316 1953 1479 2009 ancwritate
1496 1951 1618 2023 paribus,
1639 1949 1743 2005 scilicet

309 2062 338 2114 et
354 2060 450 2116 titulus
469 2059 562 2116 linium
581 2061 766 2131 regundorum
785 2061 893 2131 qualem
906 2060 1018 2118 exhibet
1030 2076 1129 2131 corpus
1141 2061 1353 2132 gromaticorum
1366 2065 1395 2116 et
1406 2059 1520 2116 laciniae
1532 2057 1742 2128 Neapolitanae:

309 2183 373 2221 nam
390 2181 570 2237 quaeeunque
588 2169 647 2224 ueri
665 2167 693 2224 hi
711 2172 797 2224 testea
815 2169 843 2224 in
855 2169 1012 2225 Florentiae
1029 2169 1146 2225 lectione
1161 2167 1309 2224 emendant
1322 2170 1360 2236 (n.
1369 2185 1396 2239 p.
1406 2167 1502 2236 Lllll),
1520 2166 1549 2222 in
1560 2166 1595 2222 iis
1606 2164 1742 2222 codicisS

309 2288 431 2345 propago
454 2276 594 2345 conspirat
615 2291 678 2331 cum
701 2275 866 2332 Florentina.
898 2275 998 2332 deinde
1021 2274 1112 2332 hiatus
1136 2276 1253 2333 maiores
1275 2274 1337 2331 libri
1359 2273 1508 2330 Florentini
1531 2276 1625 2343 (snpra
1642 2289 1668 2342 p.
1682 2271 1743 2337 LV)

309 2395 399 2451 neque
416 2381 445 2436 iu
456 2381 556 2438 Uetere
574 2383 710 2453 usquein
728 2380 870 2440 lniortiato
888 2397 979 2452 neque
996 2383 1025 2440 iu
1037 2382 1117 2440 Nono
1135 2382 1170 2439 ab
1188 2383 1248 2440 aliis
1260 2381 1336 2439 libris
1348 2381 1503 2452 explentur:
1523 2379 1742 2436 manducantem

309 2487 381 2544 illius
408 2488 535 2544 minimae
559 2505 684 2560 quaeque
709 2495 738 2546 et
760 2490 949 2561 apertissimae
972 2490 1089 2547 redeunt
1110 2491 1213 2562 passim
1237 2489 1365 2546 inlibris
1389 2487 1502 2544 secundi
1526 2487 1629 2543 ordinis
1656 2499 1743 2556 eoque

311 2595 399 2666 magis
416 2595 540 2667 redeunt,
559 2612 614 2667 qno
632 2597 684 2668 ipsi
701 2595 763 2653 iibri
779 2597 994 2669 praestantiores
1012 2597 1102 2654 :nott
1128 2602 1188 2654 tum
1206 2596 1370 2668 quibusdam
1381 2597 1458 2668 locis,
1476 2594 1524 2652 ubi
1535 2594 1652 2666 pristina
1662 2592 1745 2649 lectio

311 2702 467 2759 Florentiae
490 2702 526 2759 ab
548 2704 723 2761 emendatore
745 2689 1019 2776 pemeram'mntata
1041 2710 1098 2776 est,
1122 2703 1235 2762 secundi
1255 2703 1359 2761 ordinis
1379 2702 1441 2761 libri
1463 2702 1578 2759 eandem
1599 2700 1744 2771 interpola·

311 2809 413 2866 tionem
436 2814 598 2881 receperunt
619 2811 675 2880 (ita
696 2811 917 2884 e.c.1,enn‚n.
936 2812 1054 2884 329,10.
1073 2813 1213 2883 468,21):
1237 2811 1297 2867 adis
1320 2811 1409 2881 iisqne
1431 2811 1513 2881 longe
1537 2807 1673 2880 pluribus,
1696 2805 1745 2861 ubi

311 2917 340 2974 in
356 2917 512 2975 Florentino
535 2917 603 2974 libro
627 2917 712 2975 uerba
736 2918 872 2990 quaedem
894 2923 969 2978 recte
993 2918 1104 2976 sublata
1124 2923 1265 2976 mutamus
1285 2922 1362 2990 sunt,
1385 2919 1498 2975 alterins
1518 2917 1615 2974 classis
1636 2913 1746 2971 codices

313 3185 338 3237 in
357 3187 393 3240 P:
422 3195 490 3240 omni
513 3175 558 3255 ((Ῐὶ)
577 3188 603 3239 in
622 3195 676 3243 eins
694 3188 753 3258 (bl)
771 3187 833 3251 480,
845 3187 881 3240 26
899 3188 924 3239 iu
943 3187 1000 3242 PV
1014 3189 1153 3256 similiaque
1177 3188 1312 3256 complura.
1339 3186 1541 3254 frequentissima
1558 3184 1621 3238 haee
1644 3183 1747 3238 suntin

312 3275 438 3342 primitius
461 3275 585 3342 scriptura
607 3276 771 3342 antiquissimi
793 3277 851 3329 libri
868 3277 900 3341 P,
925 3278 970 3329 sed
993 3279 1146 3345 perueniunt
1167 3279 1244 3330 etiam
1261 3277 1295 3330 ad
1311 3275 1369 3331 VU.
1400 3275 1538 3328 numeralia
1559 3277 1585 3327 in
1609 3275 1747 3342 archetypo

313 3365 378 3417 notis
401 3365 542 3432 significatu
559 3365 637 3418 fuisse
655 3367 730 3418 etiam
748 3366 796 3429 ibi,
820 3367 864 3418 ubi
881 3366 907 3418 iu
925 3365 1040 3419 Parisino
1058 3367 1148 3420 litteris
1166 3368 1307 3435 perscripta
1325 3375 1396 3430 sunt,
1414 3367 1510 3418 indicat
1527 3384 1552 3416 u.
1570 3383 1592 3417 c.
1604 3366 1625 3429 1,
1638 3365 1700 3428 498,
1711 3365 1748 3416 34

314 3455 409 3509 decime
430 3463 516 3526 prime
540 3453 566 3508 P
587 3473 618 3507 ex
642 3473 723 3510 nono:
750 3455 845 3507 seilicet
866 3463 895 3506 nt
918 3463 965 3510 iiia
989 3473 1066 3523 saepe
1089 3457 1215 3524 signifieat
1237 3463 1311 3512 tertie
1335 3457 1445 3520 decimo,
1469 3457 1504 3507 ita
1526 3454 1643 3507 librarius
1666 3472 1697 3506 ex
1720 3460 1749 3507 ir

314 3543 375 3596 illud
398 3545 489 3596 effecit.
509 3575 540 3582 —
564 3543 632 3596 Usus
654 3561 709 3595 sum
730 3544 756 3596 in
775 3544 913 3610 scripturae
932 3545 1120 3611 antiquissimae
1140 3563 1235 3613 genere
1253 3545 1396 3599 deliniendo
1414 3545 1523 3598 consiliis
1542 3541 1749 3596 desideratissimi

314 3633 387 3684 nmini
404 3634 475 3685 Ialfri.

368 3722 378 3755 ¹
401 3721 456 3783 Sic,
479 3728 509 3773 ut
529 3738 606 3772 unum
628 3719 770 3788 exemplum
793 3739 886 3788 ponam
907 3739 922 3774 e
940 3723 1063 3776 succutis
1087 3741 1152 3790 qnae
1175 3731 1277 3792 praesto
1299 3731 1370 3787 sunt,
1394 3724 1416 3786 1,
1433 3720 1528 3786 23⁵,l
1551 3739 1607 3773 oum
1629 3721 1655 3773 in
1677 3719 1698 3771 F
1716 3719 1751 3770 sit

314 3795 493 3872 pacienciae,
523 3809 661 3876 Lipsiensis
688 3827 720 3862 ea
746 3810 803 3877 ipsa
829 3811 982 3864 traiectionis
1012 3813 1086 3880 signa
1113 3814 1223 3865 inritatus
1249 3821 1289 3865 est
1314 3812 1362 3864 sic:
1390 3797 1487 3884 iepiitns
1514 3798 1577 3866 di'e'e.
1611 3810 1678 3861 idem
1702 3827 1750 3860 usu

315 3898 500 3961 nouitati,
521 3899 561 3951 18.
667 3898 680 3933 ¹
702 3897 777 3950 Unde
800 3899 953 3966 intellegitur
976 3919 1050 3968 quam
1074 3909 1149 3954 cante
1172 3902 1333 3954 indicandum
1356 3902 1389 3953 sit
1412 3901 1444 3953 de
1466 3917 1592 3952 consensu
1611 3897 1752 3951 Florentini

314 3986 373 4038 libri
389 4003 446 4038 cnm
463 3995 536 4054 parte
554 3988 758 4041 Bononiensium.
785 3987 881 4040 seilicet
903 4006 959 4041 curn
982 3990 1071 4042 horum
1094 3992 1212 4058 princeps
1236 4009 1267 4044 ex
1285 3991 1431 4043 Florentino
1455 3989 1519 4043 libro
1544 3989 1685 4056 descriptus
1709 3989 1751 4049 eit,

316 4076 408 4127 deinde
426 4077 541 4144 exempla
559 4077 683 4143 quaedam
700 4095 731 4128 ex
749 4095 780 4128 eo
797 4087 939 4146 propagata
956 4080 990 4131 ad
1002 4079 1175 4132 Florentinum
1194 4081 1277 4133 denuo
1295 4089 1393 4143 exacta,
1411 4097 1547 4132 cousensus
1565 4077 1649 4130 redire
1666 4085 1754 4145 potest

317 4166 410 4217 autad
429 4166 773 4232 pristinemBononiensinm
795 4165 928 4218 lectionem
949 4177 1040 4235 postea
1060 4169 1204 4222 coniectura
1221 4178 1343 4222 mentam
1361 4177 1405 4221 aut
1422 4169 1456 4220 ad
1473 4167 1595 4236 pristinae
1613 4167 1753 4233 scripturae

316 4271 426 4306 errorem
444 4255 569 4307 sublatum
581 4275 596 4307 a
609 4257 765 4323 recognitore
777 4256 922 4308 recentioris
934 4258 976 4309 uel
994 4259 1058 4311 adeo
1071 4261 1259 4312 recentissimae
1277 4259 1376 4311 aetatis.
1403 4275 1507 4324 quorum
1524 4255 1587 4309 illud
1604 4256 1753 4324 plerumque

316 4361 363 4396 usu
386 4343 455 4395 uenit
477 4345 503 4396 in
520 4345 618 4396 mendis
636 4346 772 4398 minoribus
789 4345 847 4397 libri
865 4345 1018 4409 Florentini,
1039 4347 1087 4399 hoc
1110 4349 1137 4400 in
1155 4348 1303 4416 lectionibus
1323 4349 1377 4400 eins
1395 4346 1480 4414 probis
1498 4355 1525 4398 et
1542 4346 1617 4397 nens.
1643 4342 1754 4410 exempli

317 4448 393 4483 causa
411 4431 431 4495 1,
451 4433 509 4494 185,
529 4433 559 4484 11
579 4452 610 4489 ue
619 4435 694 4506 sorte
712 4441 849 4498 euanescit,
874 4435 941 4500 qnod
964 4445 1003 4488 est
1025 4437 1051 4488 in
1072 4436 1137 4490 libro
1162 4439 1308 4490 Florentino
1331 4445 1358 4489 et
1380 4453 1412 4488 er
1429 4435 1631 4488 Bononiensibus
1653 4435 1679 4485 in
1702 4449 1753 4484 uuo

316 4521 430 4572 Parisino
448 4538 464 4573 a
482 4521 562 4588 prima
579 4539 669 4585 manu,
691 4523 762 4575 uenit
780 4523 834 4575 eine
853 4524 929 4577 dubio
947 4541 978 4578 ex
997 4527 1023 4579 F
1034 4527 1060 4578 in
1079 4527 1101 4581 S
1119 4535 1145 4579 et
1163 4527 1222 4579 inde
1240 4527 1266 4578 in
1284 4525 1331 4592 P·,
1354 4543 1411 4578 cnm
1428 4525 1517 4591 reliqui
1535 4539 1621 4576 omues
1642 4521 1756 4574 habeant

317 4619 361 4662 aut
382 4629 413 4664 nc
427 4613 503 4683 serie
525 4618 659 4666 manerat
675 4628 707 4663 ex
724 4613 867 4665 coniecmra
885 4631 946 4666 uera
969 4624 1014 4666 aut
1030 4635 1089 4670 nam
1103 4617 1181 4685 sorte
1204 4623 1338 4671 marescal
1359 4633 1391 4667 ex
1415 4615 1558 4667 comedere
1578 4611 1754 4665 manasedai.

305 4698 573 4762 ,contra1,192‚27
591 4718 638 4768 pro
656 4719 804 4772 emerere,
829 4704 896 4768 quod
920 4711 959 4756 est
981 4704 1008 4755 in
1033 4705 1065 4769 F,
1088 4719 1144 4758 cun:
1162 4703 1335 4757 Bononienses
1358 4705 1512 4771 antiquiores
1534 4719 1621 4755 omnes
1641 4702 1756 4752 habeant

317 4806 481 4859 aamercort,
504 4806 536 4841 ea
553 4789 627 4841 lectio
646 4789 746 4842 omnino
762 4791 810 4842 nuc
827 4791 854 4842 in
871 4790 893 4844 S
910 4809 961 4845 non
979 4810 1010 4844 ex
1029 4809 1114 4845 errore
1131 4801 1206 4856 nata,
1223 4792 1270 4846 sed
1288 4810 1319 4846 ex
1337 4793 1543 4860 interpolatione:
1567 4791 1634 4859 quod
1653 4791 1674 4842 ai
1692 4789 1754 4840 Flo-

318 4877 418 4929 rentina
435 4877 509 4930 lectio
527 4878 601 4930 adest
617 4877 643 4929 in
661 4879 774 4946 margine
793 4880 885 4933 codicis
897 4881 1035 4949 Lipsiensis
1054 4890 1080 4934 et
1097 4882 1123 4934 in
1142 4882 1254 4935 editione
1265 4882 1459 4950 Koburgeriena
1477 4901 1500 4934 a.
1515 4881 1584 4933 1482
1602 4881 1637 4948 (n.
1649 4880 1671 4942 1,
1684 4877 1756 4946 27⁴),

318 4981 349 5018 eo
369 4966 439 5018 uenit
460 4983 491 5018 ex
511 4967 683 5034 recognitione
706 4969 852 5035 posteriore.
880 4979 948 5024 certe
971 4979 1056 5024 nmen
1078 4971 1142 5024 lines
1166 4973 1295 5040 utriusque
1317 4973 1418 5040 generis
1443 4971 1604 5024 determinari
1625 4975 1758 5034 nequeunt

318 5070 401 5122 neque
419 5073 481 5124 opus
500 5067 540 5109 est
557 5059 762 5111 determmennn.
