3696 5568
885 260 1061 334 Lxxxxlt

651 731 700 787 Vl.
731 730 783 786 AD
806 729 886 786 Uos.
905 731 918 785 1
940 730 1239 788 ADDITAMENTUM
1262 731 1297 788 11.

311 895 483 951 Laciniarum
503 891 808 949 Pommersleldensium
825 891 1021 962 pertinentium
1040 891 1075 946 ad
1093 891 1191 947 librum
1212 892 1379 962 digestorum
1393 893 1470 948 XLV
1488 891 1605 960 exempli
1624 892 1692 958 eins,

258 985 331 1055 quod
351 988 416 1038 ante
435 984 535 1038 multos
554 997 640 1037 annos
659 980 782 1050 Sanignii
801 996 886 1035 causa
904 981 1013 1049 excepit
1026 981 1184 1036 Ludouicus
1200 981 1357 1051 Grimmins,
1376 985 1408 1036 nt
1425 981 1505 1051 eopia
1523 980 1588 1035 mibi
1606 978 1692 1048 lieret,

258 1089 342 1144 saepe
360 1073 509 1144 temptaui,
533 1087 595 1127 cnm
619 1069 762 1140 probabile
785 1071 821 1126 sit
842 1069 979 1140 quaedam
999 1071 1026 1124 in
1046 1085 1079 1125 co
1097 1070 1152 1140 legi
1170 1076 1268 1142 postea
1286 1070 1443 1141 deperdita:
1470 1070 1519 1126 sed
1540 1070 1610 1125 haec
1631 1085 1693 1124 mea

257 1163 438 1233 temptamina
456 1162 532 1216 irrita
550 1159 669 1216 fuerunt.
696 1165 791 1214 contra
809 1160 925 1228 contigit
943 1158 1009 1213 mihi
1028 1158 1131 1214 domini
1149 1174 1243 1215 esrum
1261 1161 1436 1215 illustrissimi
1454 1159 1562 1215 comitis
1575 1158 1693 1214 Schoen-

257 1252 326 1307 bom
346 1249 487 1312 beneficio,
505 1254 537 1305 ut
554 1251 629 1318 ipsas
646 1249 741 1304 liceret
753 1249 908 1303 Berolinum
927 1249 1104 1303 transmissas
1121 1250 1222 1304 imitari
1234 1256 1292 1304 arte
1304 1249 1601 1319 pbotolithogrsphics:
1619 1246 1693 1302 unde

258 1342 311 1395 iarn
331 1339 457 1410 exempla
475 1354 568 1393 earam
587 1338 668 1393 baius
686 1337 776 1408 operis
797 1338 929 1392 uolumini
952 1339 1031 1392 alteri
1048 1337 1116 1404 (tab.
1129 1339 1238 1404 5-10)
1261 1338 1370 1394 adiecta
1388 1341 1544 1394 cernuntur.
1575 1337 1693 1392 schedae

257 1429 377 1501 pessimo
395 1427 505 1482 habitae
524 1433 589 1482 sant
606 1442 657 1482 nec
680 1425 845 1481 dilaceratae
868 1431 989 1492 tantm,
1013 1427 1063 1482 sed
1086 1428 1168 1483 etiam
1192 1426 1304 1483 madore
1328 1433 1487 1498 corruptae,
1511 1441 1567 1497 quo
1590 1424 1693 1481 iactum

259 1523 315 1587 est,
339 1523 371 1572 at
393 1523 503 1587 praeter
525 1531 606 1571 ueras
626 1517 733 1572 litteras
757 1515 826 1570 aliae
851 1529 960 1584 qaoque
983 1517 1093 1585 spuriae
1118 1516 1235 1572 subinde
1254 1521 1404 1586 appareant
1421 1518 1529 1572 inuersa
1548 1530 1693 1586 expressae

258 1623 293 1662 ax
316 1607 424 1677 paginis
442 1605 622 1676 superpositis
646 1605 709 1660 olim
734 1604 777 1659 bis
800 1603 1007 1674 superstitibus:
1032 1609 1062 1660 ut
1085 1606 1156 1661 inter
1178 1606 1232 1660 alia
1251 1605 1332 1675 1222
1350 1605 1626 1675 superincernitur
1644 1624 1693 1669 oa,

260 1697 293 1766 1',
306 1697 340 1752 23
363 1709 446 1765 super
463 1715 488 1749 ur
508 1696 554 1759 (ex
573 1697 638 1760 aurs)
658 1693 776 1762 uestigia
794 1707 865 1763 quae
886 1694 1005 1762 speciem
1023 1709 1089 1764 prae
1107 1711 1138 1750 so
1156 1693 1247 1750 ferunt
1265 1709 1301 1764 ss,
1325 1695 1390 1749 itam
1416 1708 1511 1763 margo
1529 1692 1554 1748 3'
1573 1694 1694 1763 repletus

258 1792 302 1841 est
319 1784 454 1841 eiusmodi
472 1783 610 1852 uestigiis,
633 1788 665 1837 ut
682 1782 752 1838 adeo
771 1783 850 1837 iaxta
868 1798 894 1837 u.
909 1783 943 1836 18
961 1783 1174 1853 deprehendisse
1198 1783 1264 1838 mibi
1282 1783 1377 1838 uidear
1394 1783 1511 1838 inuersis
1530 1782 1634 1838 scilieet
1650 1782 1694 1838 lit·

258 1875 324 1930 teris
342 1873 428 1930 uerba
446 1873 555 1942 integra
573 1892 593 1926 ιι
610 1891 717 1926 sousr.
747 1869 811 1925 alibi
826 1870 944 1941 deniquo
956 1872 1071 1928 laciniae
1087 1873 1204 1943 exiguae
1216 1872 1305 1928 alieno
1323 1871 1384 1927 loco
1402 1872 1591 1941 superpositae
1609 1875 1651 1936 (ut
1669 1873 1694 1941 1,

259 1964 385 2028 18-21)
408 1963 453 2018 uel
476 1962 613 2031 margines
637 1975 691 2016 non
717 1959 846 2030 explicati
874 1963 917 2024 (ut
940 1961 1115 2030 5,13-15)
1142 1962 1253 2019 lectioni
1280 1959 1416 2030 officiunt,
1444 1976 1505 2016 curn
1533 1961 1694 2030 praesertim

257 2051 376 2108 schedae
399 2050 450 2107 snb
475 2052 545 2106 ultro
568 2051 685 2106 latentes
708 2048 790 2104 bodie
813 2050 924 2104 tractari
946 2049 1089 2106 commode
1112 2057 1258 2120 nequeant.
1289 2051 1317 2105 in
1341 2065 1448 2104 summa
1471 2065 1500 2104 re
1519 2055 1611 2104 tamen
1632 2063 1694 2104 cnm

258 2141 346 2197 codex
372 2145 484 2211 propter
512 2138 663 2209 scripturae
690 2139 830 2208 specimen
856 2139 946 2208 magis
972 2154 1055 2208 quarn
1082 2145 1195 2210 propter
1221 2141 1365 2196 lectionem
1394 2137 1522 2194 notabilis
1549 2138 1598 2208 sit,
1625 2136 1695 2192 haec

258 2231 454 2301 impedimenta
479 2229 589 2284 tolerari
616 2233 771 2298 potuerunt.
794 2257 827 2268 -
855 2227 1015 2299 Archetypo
1042 2229 1141 2283 collato
1168 2230 1195 2285 in
1222 2229 1395 2298 uniuersum,
1422 2230 1454 2282 ut
1480 2233 1694 2282 consentaneum

258 2323 313 2390 est,
342 2335 396 2374 non
424 2319 532 2388 repperi
562 2317 613 2372 nisi
637 2324 711 2372 recte
738 2317 839 2386 legisse
867 2317 1062 2386 peritissimum
1086 2317 1216 2373 ladeam:
1245 2319 1313 2373 haec
1339 2331 1406 2372 uero
1432 2321 1576 2386 praeterea
1601 2316 1695 2370 inueni

258 2408 435 2464 adnotatione
459 2422 513 2462 non
535 2407 616 2478 plane
635 2407 756 2476 indigna.
784 2422 846 2460 nam
870 2407 976 2461 minora
992 2406 1142 2476 qrssedsm,
1167 2408 1284 2462 maxime
1302 2405 1505 2461 dimidiatarum
1523 2404 1693 2474 quorundam

258 2498 454 2553 elementorum
478 2497 597 2566 uestigia
619 2497 648 2552 in
669 2496 795 2566 exemplo
819 2495 893 2566 typis
916 2495 1053 2566 descripto
1076 2496 1179 2551 omissa
1202 2497 1256 2551 iam
1280 2496 1308 2550 in
1331 2494 1529 2566 lithograpbico
1550 2492 1630 2548 facile
1648 2492 1695 2547 de-

259 2585 469 2657 prehendentus.

296 2697 320 2766 1,
339 2696 374 2750 24
391 2695 429 2749 in.
449 2708 514 2749 uere
536 2693 564 2748 iu
587 2691 682 2748 charta
700 2697 743 2746 ast
766 2692 939 2747 roabsasrssm
958 2697 989 2748 ut
1006 2692 1124 2763 primam
1148 2692 1312 2748 elementum
1330 2689 1413 2746 fuerit
1435 2705 1490 2746 non
1512 2710 1542 2760 τ,
1566 2695 1598 2745 nt
1620 2688 1697 2745 dedit

434 2782 536 2850 lanius,
554 2781 603 2838 sed
622 2802 638 2837 o
656 2797 691 2836 ox
709 2789 808 2836 octauo.

297 2889 329 2961 1¹,
341 2891 375 2946 15
393 2890 433 2945 sic
451 2889 601 2961 explendas
620 2894 677 2944 est:
701 2895 803 2942 omnino
821 2896 887 2942 rrsrt
904 2898 1037 2960 molossus
1055 2889 1128 2942 nobes
1146 2887 1228 2956 tobel.
1256 2903 1338 2957 snper
1357 2887 1477 2942 litteram
1496 2906 1510 2942 r
1534 2901 1569 2942 ex
1587 2885 1697 2943 diuersa

436 2981 539 3050 pagina
556 2979 649 3034 litters
666 2977 784 3033 rotunda
802 2978 1008 3048 impressionem
1029 2977 1146 3048 reliquit,
1164 2991 1219 3047 qna
1236 2977 1282 3032 illa
1300 2975 1471 3032 obscuratur.

341 3087 374 3142 19
391 3087 446 3142 ism
465 3085 633 3156 deprehendi
655 3099 716 3140 esse
734 3081 856 3140 fuissene
874 3084 902 3139 in
924 3083 1020 3140 codice
1042 3085 1083 3138 ita
1111 3089 1141 3139 ut
1158 3083 1263 3139 conieci
1280 3084 1309 3138 in
1328 3083 1516 3138 adnotatione:
1539 3097 1638 3152 nempe
1656 3083 1698 3138 sie

436 3184 479 3230 tar
497 3179 702 3230 damnosas-,tam
719 3175 897 3245 promittendo.
925 3188 986 3228 cum
1003 3189 1025 3222 e
1045 3170 1160 3228 confusa
1173 3173 1293 3228 comitur
1310 3173 1382 3228 lines
1400 3171 1535 3242 quaedam
1557 3177 1633 3227 recta
1650 3187 1697 3228 ex·

436 3280 533 3335 pressa
550 3279 585 3320 ex
603 3262 706 3334 pagina
724 3262 841 3331 diuersa,
861 3267 892 3317 ut
909 3262 945 3316 ad
965 3283 978 3332 p
998 3263 1118 3333 speciem
1133 3262 1259 3317 accedat.

295 3375 321 3442 2,
339 3374 384 3428 22.
393 3374 428 3428 23
446 3377 476 3426 et
493 3369 527 3440 2,
540 3371 575 3426 23
597 3369 678 3425 bodie
701 3368 893 3424 desiderantur
910 3370 1034 3438 margine
1057 3369 1209 3424 imminuto.
1242 3367 1342 3424 accidit
1363 3373 1470 3436 umen,
1495 3373 1526 3422 ut
1549 3381 1620 3436 quse
1642 3365 1697 3421 fru-

437 3459 508 3515 stulo
527 3457 551 3513 2'
571 3456 797 3526 continebantur,
822 3458 943 3527 paullum
968 3459 1091 3514 auctiora
1114 3459 1241 3528 legantur
1259 3457 1370 3512 madore
1388 3471 1520 3527 expressa
1538 3462 1567 3510 et
1587 3457 1699 3510 inuersa

436 3549 465 3603 in
490 3547 631 3690 ιιιιιιιςὲιιιέιι
637 3547 748 3602 alterius
773 3545 881 3601 frustuli
905 3564 931 3601 n.
945 3547 1073 3648 lwunde
1094 3546 1257 3617 principium
1280 3545 1394 3616 proponi
1414 3549 1507 3615 potest
1528 3545 1568 3600 sic
1586 3549 1698 3600 anetum

436 3641 466 3692 et
483 3650 600 3691 emens
632 3651 673 3690 nr:

732 3743 815 3779 sorem
833 3743 883 3777 non
894 3728 958 3798 fiori
977 3733 1109 3798 quominus
1120 3742 1207 3778 srurrae

734 3833 810 3886 opere
828 3815 903 3870 liceat
920 3833 970 3867 non
987 3823 1027 3868 ius
1041 3823 1228 3886 stipatarrosrs

734 3909 815 3974 lnquit
850 3904 897 3957 sed
926 3905 1030 3973 sactum
1067 3906 1235 3958 ueram-seb

732 3992 833 4046 uidetur
847 3991 910 4045 milti
921 3994 978 4046 iicet
991 3999 1055 4046 luris
1068 4011 1113 4046 aer
1122 4010 1225 4046 saeosrr

296 4097 374 4167 ml
394 4103 496 4152 assises
520 4098 621 4154 codex:
646 4096 756 4154 uidetur
773 4097 899 4154 librarius
923 4118 939 4152 s
961 4099 1078 4167 primum
1103 4099 1202 4154 lineola
1226 4097 1490 4167 repraesentauisse,
1518 4111 1581 4153 mox
1607 4096 1697 4166 ipsum

438 4186 587 4242 addidisse.

295 4278 321 4347 3,
358 4276 463 4332 5oex
479 4276 577 4336 saluas
594 4275 691 4332 codex.

342 4367 376 4421 13
395 4363 447 4435 laos
466 4385 538 4419 nemo
556 4365 653 4421 codex.

341 4455 376 4510 14
395 4453 529 4527 lacetpttur
546 4454 643 4510 codex.

341 4545 376 4600 20
396 4544 460 4612 lissa
478 4543 574 4599 codex.

297 4631 331 4704 3',
358 4634 484 4688 4drocu=
503 4632 599 4688 codex.

360 4725 375 4778 7
395 4725 457 4778 adse
474 4721 570 4777 codex.

343 4813 377 4868 15
393 4814 527 4882 punctum
545 4814 610 4881 post
628 4829 642 4863 a
662 4809 803 4866 euidenter
822 4813 945 4880 apparet
974 4808 1054 4862 adest
1070 4808 1137 4864 item
1157 4809 1306 4879 uestigium
1323 4809 1431 4864 litterae
1449 4826 1465 4861 τ
1481 4811 1546 4878 post
1562 4825 1587 4861 a.

343 4903 377 4957 19
396 4907 463 4958 nota
480 4901 509 4956 in
526 4897 580 4954 line
599 4913 696 4954 nemas
714 4899 820 4955 litterae
840 4920 852 4954 s
871 4897 986 4955 formam
1006 4898 1142 4954 diuersam
1162 4901 1188 4958 l‘

296 4993 323 5062 4,
343 4992 377 5046 18
395 4989 442 5046 fin.
461 4989 514 5044 del.
534 4991 562 5044 ds·

297 5079 377 5151 4214
394 5085 438 5135 est
456 5100 489 5149 ιιι,
508 5093 564 5134 uon
582 5097 611 5132 ιε
630 5076 720 5132 cauda
737 5078 844 5132 litterae
862 5097 877 5131 s
896 5077 976 5132 solito
994 5076 1123 5144 longiore.
