3804 5556
158 323 347 374 cossim
846 297 905 380 49
1425 301 1454 370 ll
1476 303 1594 370 81-'1

157 461 273 517 dicimur
291 461 450 517 ademario
467 466 574 530 nonme,
593 461 640 530 qul
657 475 707 531 pro
724 475 766 530 so,
785 459 860 531 quod
878 475 895 514 s
912 459 991 516 nobls
1008 459 1095 531 petiit,
1114 459 1154 516 its
1171 458 1270 530 cantv,
1287 463 1322 515 ut
1336 473 1399 516 eum
1417 457 1469 514 boc
1487 457 1595 514 nomine

156 565 284 605 securum
303 549 437 606 iaciamus
455 549 527 606 dade
544 547 760 604 fideiussoribus.

123 643 140 700 2
206 637 365 694 omanus
381 639 450 694 libro
468 639 563 708 quinto
581 637 616 693 ad
635 637 763 692 edictum.
791 635 949 692 Fideiussor
965 637 994 692 in
1011 635 1113 692 iudicio
1131 635 1245 692 mundi
1263 649 1347 692 caum
1364 637 1437 692 loou·
1456 629 1596 720 [ᾗῇ
1613 643 1640 700 Ε

126 728 213 798 tples
229 725 347 782 uidetur
364 727 423 783 dari
441 743 496 784 non
513 731 619 782 tantum
637 741 673 782 ex
690 724 874 796 facultatibus,
893 725 943 782 sed
961 725 1044 780 mam
1063 740 1098 780 ex
1116 723 1296 780 conuenieudi
1314 721 1452 780 facilitate.
1486 723 1516 780 Si
1534 724 1594 794 quis

154 817 195 872 his
212 815 353 886 personis,
371 829 443 885 quae
461 829 543 884 egere
561 831 615 870 non
633 818 789 886 potuerunt,
807 812 996 870 fideiussorem
1014 813 1115 870 iudicio
1132 812 1247 870 sbteudi
1264 828 1348 868 causa
1360 811 1473 883 dederit,
1492 811 1595 868 trustra
1613 825 1627 866 ι

125 905 205 964 serit
216 905 308 960 datio.
337 906 449 959 Praetor
463 904 514 959 ait:
533 901 570 959 ‘st
587 903 649 975 quis
667 909 815 973 parentem,
834 907 978 973 patronum
996 908 1146 974 patronam,
1164 901 1265 958 liberos
1283 907 1331 957 sut
1347 907 1474 972 parentes
1486 901 1594 973 patroni

154 994 307 1064 'pomum
324 993 461 1048 liberosue
478 1007 544 1048 suos
561 1005 659 1047 eumue
677 1007 759 1062 quem
777 992 806 1047 in
822 995 960 1062 potestate
977 989 1102 1062 babebit,
1121 991 1166 1046 nel
1183 1003 1310 1060 uxorem,
1329 989 1373 1046 uel
1391 1006 1489 1046 nurum
1507 991 1535 1045 ln
1553 989 1594 1045 lu·

123 1099 137 1142 s
153 1083 264 1139 ‘dicium
283 1081 410 1139 uocabit:
428 1081 632 1152 qualiscumque
644 1077 789 1137 fideiussor
805 1079 906 1137 iudicio
924 1077 1038 1136 sistendi
1056 1094 1140 1134 causa
1158 1077 1323 1150 accipietur!
1346 1077 1426 1146 Quod
1437 1079 1475 1134 sit
1486 1083 1596 1148 praetor

153 1171 303 1228 uberosue
322 1169 403 1241 snos',
422 1170 587 1240 accipiemus
605 1175 635 1224 et
651 1183 687 1224 ex
704 1168 833 1226 feminino
851 1183 921 1226 sexu
938 1167 1136 1225 descendentes
1152 1166 1261 1224 liberos.
1291 1168 1450 1240 parentique
1469 1166 1595 1222 dabimus

152 1259 204 1314 boo
221 1258 393 1315 beneficium
411 1273 466 1314 non
484 1259 571 1314 solum
590 1257 633 1313 sui
650 1257 725 1328 iuris,
744 1257 794 1313 sed
811 1259 895 1314 etism
914 1259 937 1313 si
955 1257 983 1312 in
1000 1260 1138 1327 potestate
1155 1256 1192 1311 eit
1209 1257 1337 1313 alicuius:
1361 1257 1414 1312 hoo
1432 1255 1504 1311 enim
1516 1255 1595 1310 Pom·
1615 1269 1643 1308 ro

152 1347 254 1418 ponins
273 1347 380 1403 scirbit
414 1351 442 1402 et
459 1344 531 1402 lilius
547 1344 694 1402 fideiussor
709 1361 760 1417 pro
778 1352 855 1417 patre
872 1345 931 1402 deri
948 1349 1054 1416 potest,
1078 1345 1161 1401 etiam
1179 1345 1248 1402 siin
1266 1346 1377 1402 alterius
1394 1349 1530 1416 potestate
1548 1343 1593 1398 sit

122 1452 253 1498 snurum
281 1437 366 1492 οτὶιιιι
389 1451 537 1506 pronurusn
562 1439 590 1490 et
613 1433 741 1506 deinceps
765 1435 890 1505 accipere
912 1433 1053 1491 debemus.
1089 1433 1169 1499 Quod
1192 1434 1231 1490 ait
1253 1440 1363 1506 praetor
1382 1433 1594 1504 'quotiacumque

124 1539 137 1586 s
151 1524 304 1580 fideiussor
323 1522 491 1596 accipiatnr':
510 1523 562 1578 boc
579 1529 710 1594 quantum
723 1523 758 1579 sd
771 1522 924 1594 facultates,
942 1523 971 1579 id
983 1527 1027 1579 est
1037 1519 1119 1578 etiam
1132 1537 1187 1578 nou
1197 1521 1327 1594 locuples.
1354 1522 1386 1578 ln
1397 1519 1593 1590 fideiussorem,

152 1615 200 1685 qui
221 1615 346 1684 aliquem
364 1611 464 1668 iudicio
482 1611 542 1666 sisti
559 1612 726 1683 promiserit,
749 1613 818 1668 tanti
842 1612 937 1683 quanti
959 1627 993 1667 ea
1016 1625 1060 1668 res
1078 1610 1131 1667 erit
1153 1611 1288 1668 adonem
1306 1609 1355 1666 det
1370 1613 1488 1680 praetor.
1521 1607 1595 1680 quod

152 1707 246 1758 utrm
266 1703 414 1758 ueritatem
432 1701 571 1756 contineat
588 1715 625 1756 an
641 1715 708 1756 uero
726 1701 914 1771 quantitatem,
933 1699 1084 1756 uideamus.
1112 1703 1141 1756 et
1158 1698 1255 1756 mellus
1266 1701 1352 1756 estut
1363 1699 1391 1754 in
1404 1711 1498 1754 ueram
1511 1711 1594 1768 quan·
1614 1711 1643 1752 no

152 1793 262 1848 litatem
282 1789 430 1846 fideiussor
446 1793 580 1860 teneatur,
600 1789 611 1864 ῃ
631 1789 683 1845 nisi
700 1804 751 1860 pro
769 1793 844 1845 certa
861 1789 1014 1860 quantitate
1032 1788 1158 1845 accessit
1613 1789 1678 1844 ttl'

120 1883 138 1942 3
205 1879 309 1936 Gsms
325 1878 394 1935 trbro
411 1879 499 1950 primo
517 1877 553 1933 ad
572 1875 691 1935 edictum
710 1879 884 1949 prouinciale.
913 1877 978 1934 Siue
990 1877 1019 1934 in
1031 1875 1143 1947 duplum
1156 1879 1199 1930 est
1210 1875 1282 1932 aetio
1295 1875 1354 1932 siue
1365 1874 1439 1946 tripli
1471 1885 1596 1943 tt.t,14,t
1613 1881 1642 1936 Ε

155 1975 202 2024 ant
219 1967 379 2040 quadrupli,
396 1967 466 2024 tanti
483 1966 599 2023 eundem
617 1963 805 2023 fideiussorem
823 1967 980 2024 omnimodo
996 1971 1085 2024 tenero·
1102 1965 1226 2036 dicimus,
1244 1965 1309 2034 quia
1326 1963 1395 2020 tanti
1412 1977 1457 2019 res
1475 1978 1537 2019 esse
1555 1964 1594 2019 tn·

154 2058 308 2128 tellegitur.
1287 2067 1294 2074 ·
1616 2064 1644 2106 re

121 2151 139 2208 l
207 2147 334 2204 Pnunus
356 2143 426 2201 libro
449 2147 547 2214 quarto
570 2142 606 2197 sd
624 2142 752 2198 edictum.
789 2142 819 2200 Si
836 2143 986 2200 decesserit
1003 2143 1050 2215 qui
1067 2141 1255 2200 fideiussorem
1273 2141 1380 2198 dederit
1397 2142 1436 2198 iu·
1468 2151 1571 2210 tetis,
1614 2148 1642 2204 E

154 2235 227 2291 dicio
246 2233 366 2292 sistendi
384 2249 481 2302 muse,
504 2248 561 2288 non
578 2230 689 2288 debebit
705 2237 815 2302 praetor
832 2231 925 2290 iubere
943 2231 1088 2289 exhibere²
1105 2247 1178 2288 eum.
1205 2229 1321 2301 quodsi
1339 2231 1468 2301 ignorans
1486 2215 1596 2287 insse-rit

155 2321 279 2379 exbiberi
301 2324 346 2378 nel
362 2327 426 2392 post
443 2320 583 2376 dsoretnm
602 2320 661 2375 eius
679 2326 742 2376 ante
760 2321 833 2376 diem
852 2321 1026 2378 exhibitionis
1038 2319 1195 2391 cessastis,
1213 2319 1376 2391 deneganda
1388 2319 1439 2376 erit
1457 2314 1595 2408 Q

156 2413 236 2468 actio.
266 2411 294 2467 si
312 2416 403 2466 sutem
421 2414 485 2480 post
502 2408 575 2463 diem
594 2407 767 2465 exhibitionis
786 2410 936 2466 decesserit
954 2417 1002 2466 aut
1019 2410 1140 2466 amiserit
1154 2409 1301 2480 ciuitatem,
1320 2409 1421 2466 utiliter
1437 2409 1482 2478 agl
1493 2414 1594 2480 potest

122 2505 139 2564 5
207 2499 309 2556 (lame
326 2499 395 2556 libro
412 2499 500 2569 primo
519 2497 554 2552 sd
567 2497 686 2553 edictum
699 2499 873 2570 prouinciale.
901 2497 931 2556 Si
943 2515 1009 2556 uero
1021 2516 1070 2572 pro
1083 2499 1262 2556 condemnato
1274 2495 1440 2554 fideiussorit
1457 2493 1596 2584 Q
1614 2503 1641 2558 Ε

156 2597 184 2644 et
207 2588 411 2644 condemnatus
434 2587 584 2642 decesserit
604 2591 652 2642 aut
670 2587 808 2644 ciuitatem
827 2587 978 2644 &manum
997 2589 1130 2659 amiserit,
1148 2592 1223 2644 recte
1240 2585 1323 2643 nihilo
1341 2587 1430 2643 miuus
1448 2603 1511 2644 cum
1528 2585 1594 2644 tide
1613 2598 1643 2640 ss

127 2693 139 2738 t
156 2677 262 2734 iussere
282 2677 343 2732 eius
361 2681 466 2746 egetur.
494 2675 547 2741 Qui
564 2689 613 2746 pro
628 2675 667 2730 rel
679 2676 810 2746 qualitate
821 2677 1027 2734 euidentissime
1038 2677 1201 2748 locupletem
1220 2675 1272 2746 uel,
1290 2675 1314 2731 si
1331 2674 1478 2747 dubitetur,
1498 2677 1594 2748 adpro·

156 2766 250 2822 batum
275 2764 466 2821 fideiussorem
489 2763 590 2820 iudicio
614 2765 727 2821 sistemi
750 2781 834 2822 causa
856 2782 911 2822 non
933 2767 1083 2838 acceperit:
1106 2765 1263 2821 tniunnum
1287 2763 1359 2820 sotio
1381 2761 1514 2821 aduersus
1532 2779 1594 2821 eum

156 2869 216 2911 esse
240 2859 349 2926 potest,
375 2853 440 2924 qnia
457 2868 524 2909 sane
542 2868 597 2908 uon
614 2853 752 2924 quaelibet
767 2855 867 2911 iniuria
884 2860 927 2912 est
944 2855 1008 2912 duci
1026 2856 1054 2912 in
1071 2855 1114 2911 ius
1132 2869 1210 2925 eum,
1233 2853 1280 2925 qui
1298 2853 1366 2909 satis
1383 2853 1511 2911 idoneum
1529 2851 1594 2910 flde-

157 2945 293 3000 inssorem
312 2943 367 2998 det
399 2941 450 2998 sed
467 2941 572 3014 etipse
590 2941 748 3014 fideiussor,
771 2944 818 3014 qui
836 2959 890 3002 non
908 2944 945 3000 sit
962 2949 1106 3016 acceptus,
1124 2947 1264 3014 umquam
1283 2941 1318 2998 de
1335 2941 1433 2998 iniuria
1451 2939 1504 2997 sibi
1521 2939 1596 2997 iectu

157 3033 232 3104 queri
249 3032 362 3103 poterit
1614 3041 1643 3084 ro

125 3127 142 3186 5
207 3121 333 3178 Patruus
348 3119 418 3176 libro
435 3118 598 3177 duodecimo
615 3119 652 3176 ed
669 3119 797 3176 edictum.
824 3119 954 3188 Quotiens
972 3121 1071 3177 uitiose
1089 3125 1199 3176 cautum
1217 3118 1262 3176 uel
1274 3117 1437 3176 satisdmum
1455 3113 1595 3206 Q
1612 3125 1641 3182 Ε

158 3215 207 3280 ιιι,
225 3225 285 3266 non
303 3207 412 3264 uidetur
429 3213 549 3265 cautum.

126 3303 142 3361 'i
208 3297 365 3356 Unrssrrus
382 3295 450 3352 turo
468 3303 565 3368 quarto
582 3296 690 3353 decimo
707 3296 743 3353 ad
761 3295 889 3354 edictum.
917 3295 947 3352 st
964 3295 1110 3353 fideiussor
1121 3312 1175 3354 non
1187 3301 1303 3367 nspetm
1314 3296 1437 3368 idoneus,
1456 3291 1595 3384 [τῇ
1613 3303 1641 3360 Ε

158 3385 206 3442 sed
228 3385 341 3442 dicatur
363 3383 464 3441 babere
486 3385 540 3442 lori
561 3385 802 3457 prwsorlptionem
826 3388 856 3441 et
878 3391 982 3441 metuat
999 3385 1101 3458 petitor
1118 3401 1153 3442 ne
1170 3385 1229 3442 inre
1245 3385 1298 3442 iorl
1315 3390 1421 3442 utatur:
1446 3385 1594 3443 uidendum

159 3473 223 3544 qnid
245 3473 316 3530 iuris
338 3475 382 3529 sit
414 3479 443 3530 et
465 3472 547 3530 diuus
564 3475 629 3530 Pius
649 3476 738 3543 (utet
755 3473 919 3544 Pomponius
938 3473 1006 3530 libro
1024 3475 1201 3546 epistularum
1219 3473 1303 3530 reiert
1320 3480 1349 3530 et
1364 3475 1508 3531 liarcellus
1525 3475 1595 3533 libro
1614 3487 1643 3533 es

158 3563 237 3620 tertio
256 3562 427 3632 digestorum
446 3567 475 3618 et
486 3563 652 3632 Papinianus
669 3561 738 3618 libro
756 3563 836 3618 tertio
853 3563 1054 3633 quaestionum)
1072 3563 1197 3621 Cornelio
1209 3563 1324 3620 Proculo
1341 3563 1481 3635 rescripsit
1498 3565 1595 3622 merito

159 3651 305 3720 petitorem
322 3665 449 3706 murare
466 3651 549 3706 telem
567 3649 770 3707 fideiussorem:
795 3651 845 3708 sod
863 3653 887 3707 si
904 3653 972 3708 alius
990 3652 1081 3708 caueri
1099 3667 1153 3708 non
1165 3653 1260 3722 possit,
1277 3651 1490 3724 praedicendum
1502 3654 1528 3710 ei
1539 3669 1594 3710 non

132 3754 143 3798 1
159 3755 273 3796 usurum
291 3755 353 3795 eum
370 3739 527 3810 priuilegio,
551 3739 575 3794 si
592 3739 778 3795 conueniatur.
811 3737 841 3795 st
858 3741 1015 3796 necessaris
1031 3741 1176 3798 mindo
1193 3739 1276 3798 inerit
1292 3747 1321 3798 et
1338 3757 1393 3798 non
1410 3739 1491 3798 iaclle
1508 3743 1596 3814 possit

159 3843 220 3884 rens
237 3828 279 3884 rbi
297 3843 358 3883 eam
375 3831 524 3900 praestare,
542 3827 590 3884 ubi
607 3829 781 3884 conuenitur:
799 3833 891 3898 potest
907 3828 1003 3900 audiri,
1022 3829 1045 3885 si
1063 3830 1092 3886 lu
1109 3829 1163 3886 alia
1174 3829 1298 3887 eiusdem
1313 3831 1470 3904 prouinciae
1483 3830 1595 3889 ciuitate

160 3933 287 4004 ΜΠ)

163 4093 250 4148 ¹oum
270 4106 371 4162 proco
451 4091 640 4148 metamur?
710 4091 983 4162 ’exbiberitllstii

162 4213 177 4267 1
194 4229 211 4270 u
229 4233 280 4269 om.
292 4215 328 4268 1⁷·
343 4216 348 4284 Ι
363 4215 442 4286 petiit
457 4215 506 4286 ita]
525 4215 556 4281 P,
577 4213 684 4287 peti't'it
700 4216 741 4271 ita
757 4217 785 4283 l}
803 4231 850 4288 pe·
904 4217 939 4272 20
957 4217 990 4288 si]
1009 4230 1040 4273 se
1058 4218 1096 4270 F·
1147 4219 1184 4275 22
1205 4219 1287 4291 diem]
1311 4219 1373 4276 dem
1393 4219 1429 4272 Ρ
1448 4219 1454 4288 1
1474 4217 1594 4276 defesse

161 4285 210 4340 tita
226 4286 337 4352 suntll,
354 4287 442 4356 petita
458 4291 522 4342 sunt
537 4287 578 4342 ita
593 4287 635 4356 Vi
651 4285 712 4357 hoc]
730 4287 852 4344 haecP·
904 4288 941 4343 rit
958 4287 992 4342 Ρ
1009 4289 1013 4356 Ι
1029 4287 1062 4358 si]
1081 4287 1124 4346 sin
1142 4289 1169 4344 P
1217 4291 1253 4346 24
1270 4290 1359 4362 gaius]
1378 4289 1473 4356 lPtU,
1495 4291 1594 4361 paulus

162 4354 336 4426 iiaciamus]
357 4377 405 4412 om.
420 4357 452 4423 V,
474 4356 598 4414 ticiamus
616 4359 662 4412 Ρ
683 4363 688 4426 Ι
709 4357 850 4416 fideiusso·
904 4357 975 4413 ΡΨ
1024 4359 1059 4415 25
1077 4364 1106 4416 et
1122 4379 1170 4415 ons
1183 4361 1219 4414 li
1235 4363 1241 4430 Ι
1255 4377 1309 4418 em.
1322 4377 1388 4418 rom.
1407 4362 1435 4415 P
1483 4361 1518 4418 26
1537 4361 1594 4431 agi·

163 4425 198 4481 ris
215 4427 255 4482 P·
307 4427 325 4482 4
347 4426 495 4483 iacultibus
519 4429 546 4482 P
595 4429 613 4484 5
634 4430 773 4499 potuerint
794 4431 822 4484 P
843 4429 849 4500 Ι
903 4429 1050 4484 turPVU·
1101 4431 1135 4486 ti
1148 4433 1279 4502 eoepitP
1321 4434 1594 4504 Pbseueuonquee·

163 4494 247 4554 frusta
264 4499 292 4552 F
334 4499 351 4553 6
369 4499 416 4570 ait]
436 4505 465 4554 et
482 4499 518 4552 β
571 4498 850 4570 ieumue'ro'quem
903 4498 978 4570 libet]
1003 4501 1062 4556 sine
1085 4517 1139 4558 non
1159 4503 1280 4572 quelibet
1298 4503 1344 4570 Ρ·,
1368 4518 1435 4560 sane
1457 4518 1512 4560 non
1535 4503 1594 4558 sino

165 4567 486 4639 lleum0uequemPl
500 4569 601 4626 iudicio
618 4571 658 4625 P‘·
711 4569 850 4627 ilemini·
905 4569 1026 4639 qualibet
1042 4570 1091 4639 1²⁸,
1114 4573 1173 4628 sine
1190 4589 1246 4632 non
1263 4573 1385 4645 qualibet
1406 4573 1438 4645 V,
1462 4589 1517 4630 non
1534 4575 1594 4630 siue

165 4639 204 4694 nis
225 4641 264 4694 P·
318 4641 352 4696 10
374 4641 441 4696 iuris
463 4640 507 4695 sui
530 4641 633 4708 PVUi
654 4641 678 4696 si
699 4641 728 4696 ln
750 4642 851 4696 osnP·
922 4641 1067 4698 ualrbetU
1115 4644 1150 4698 29
1168 4643 1421 4711 dein'dein'iurisl}
1439 4643 1595 4700 deiuriaP·

166 4709 198 4762 li
214 4727 332 4780 pronnru
350 4711 391 4766 P·
444 4711 479 4766 13
502 4709 600 4796 idest]
619 4710 692 4766 idem
709 4712 751 4766 P·
770 4712 775 4780 1
796 4727 851 4768 non
903 4657 1052 4782 g1quinto
1074 4713 1229 4781 decimoP,
1252 4731 1289 4772 xu
1314 4715 1367 4771 Vll
1414 4717 1450 4770 32
1472 4715 1598 4839 cautum}

167 4782 257 4834 πμ
311 4783 346 4837 14
363 4781 705 4852 aliquem]ssllq118ntep⁰'
721 4781 850 4839 Biflfiilld.
904 4789 1014 4838 (mltum
1041 4783 1086 4840 Uel
1111 4785 1273 4844 Mfifldsstlml
1302 4785 1332 4852 V,
1359 4791 1469 4842 muium
1492 4817 1546 4840 esses

168 4849 392 4923 PVUiea]el'¹
444 4853 851 4924 15uor01tursomqunnn-
905 4853 1234 4926 eenegetumgsnnp·
1277 4857 1454 4914 ttetmffl
1500 4857 1593 4927 tipa-

167 4923 220 4976 tate
237 4923 272 4978 1²¹
292 4925 297 4994 Ι
317 4924 460 4979 uideamus
540 4923 720 4994 quantitatem
743 4927 782 4980 tos
803 4925 850 4978 p„
902 4923 1039 4996 pinianus]
1057 4929 1256 5000 pomposianus
1274 4929 1312 4983 P·
1364 4929 1399 4986 37
1423 4941 1521 4984 canem
1539 4943 1596 4984 non

169 4991 200 5044 18
215 4994 307 5066 tenesr]
320 4994 406 5062 PVU,
418 5000 512 5050 tenere
526 4995 553 5048 F
561 4997 567 5063 Ι
583 4993 708 5065 dicimus]
720 4996 793 5062 ΡΨ,
811 4994 850 5050 di·
903 5001 996 5068 potest
1012 4997 1041 5052 P

170 5075 255 5121 ceum
267 5064 378 5132 F’Ptil,
397 5073 446 5122 ino.
456 5066 496 5120 P·
510 5067 516 5136 1
530 5066 596 5137 quia
607 5065 685 5137 mnu]
698 5067 856 5138 quantiPU

1363 5158 1382 5213 4
