3734 5578
216 284 263 330 na
281 284 497 332 romanorun
512 287 590 334 aar.
607 287 718 336 nrsrrs.
893 263 981 346 795
1326 271 1444 340 xxvii
1465 275 1486 341 2
1504 280 1522 336 3
1541 309 1573 320 -
1594 275 1615 341 3
1634 279 1649 336 1

184 430 198 474 t
217 422 408 478 decernuntur.
441 425 475 480 ln
492 425 590 496 ampbs
606 431 699 481 tamen
716 426 887 496 patrimoniis
904 427 1002 498 positis
1019 443 1074 484 uon
1092 429 1217 485 cumulus
1234 430 1398 500 patrimonii,
1417 429 1467 486 sed
1485 430 1559 500 quod
1576 429 1651 486 exhi·

183 518 199 563 4
216 511 312 568 bitioni
330 511 472 582 frugaliter
489 513 591 570 sufficit
609 514 720 570 modum
733 515 867 572 alimentis
879 515 964 572 dabit.
992 514 1047 572 Sed
1059 517 1084 573 si
1095 533 1150 574 non
1161 521 1277 588 constat,
1296 519 1357 588 quis
1370 519 1467 574 modus
1479 517 1651 576 bonitatum

217 603 261 671 sit,
279 603 350 657 inter
366 607 485 658 tutorem
504 607 535 658 et
550 619 622 674 eum,
640 605 688 675 qui
705 604 835 660 alimenta
852 603 963 660 decerni
981 604 1127 676 desiderat,
1146 608 1286 678 suscipere
1303 606 1387 663 debet
1403 609 1584 677 cognitionem
1600 623 1651 664 neo

217 696 319 746 temere
338 692 467 748 alimenta
484 692 640 762 decernere,
658 707 693 748 ns
711 693 739 748 in
758 695 915 748 alterutram
933 698 1040 764 partem
1058 694 1211 765 delinquat:
1230 697 1305 766 prius
1323 701 1414 752 tumen
1432 697 1542 766 exigere
1560 695 1651 766 debet,

217 784 249 834 ut
265 779 426 850 profitentur
443 786 525 850 tutor,
543 797 614 852 quae
633 781 669 838 sit
686 797 771 852 penes
789 795 820 836 se
838 797 954 852 summa,
973 787 1002 838 et
1017 784 1175 840 comminari
1188 785 1328 854 grauiores
1340 785 1365 840 ei
1377 801 1475 841 usuras
1487 783 1572 854 indigi
1583 785 1651 854 dus,
1671 800 1684 842 a

184 875 199 924 e
217 869 291 939 quod
310 885 393 940 snpra
409 869 606 940 professionem
625 870 699 942 apud
717 887 779 926 eum
797 869 880 926 fuerit
897 871 1133 942 comprehensum.
1161 873 1237 928 ldem
1250 871 1260 942 ll
1275 874 1310 929 ad
1324 873 1530 930 instructionem
1543 889 1651 944 qnoque
1670 885 1686 933 l.
1697 881 1751 934 385Ι

217 959 380 1028 pupillorum
404 959 448 1014 uel
467 960 683 1015 adulescentium
701 960 880 1030 pupillarum¹
899 961 943 1015 uel
962 975 1069 1031 earum,
1093 975 1165 1029 quae
1182 963 1255 1018 intra
1271 963 1451 1018 uicensimum
1468 979 1569 1018 annum
1588 977 1651 1020 con-

183 1055 197 1100 t
217 1047 329 1102 stitntaa
352 1053 430 1118 sunt,
455 1049 526 1104 solet
543 1048 690 1104 decernere
707 1054 835 1118 respectu
852 1047 1023 1104 facultatium
1042 1053 1070 1104 et
1088 1051 1187 1106 aetatu
1205 1066 1298 1107 eornm
1317 1051 1364 1120 qui
1381 1051 1560 1106 instruuntur.
1596 1051 1650 1108 Sed

217 1137 240 1190 si
258 1136 339 1206 egeni
357 1137 412 1192 sint
429 1137 538 1208 pupilli,
562 1138 597 1192 de
616 1153 666 1193 suo
685 1152 733 1193 cos
751 1138 824 1193 alere
842 1143 917 1193 tutor
934 1152 989 1193 non
1006 1139 1185 1208 compellitur.
1219 1145 1248 1194 et
1265 1141 1289 1195 si
1306 1138 1377 1196 t'orte
1394 1145 1458 1209 post
1476 1139 1587 1195 decreta
1604 1141 1651 1196 ali-

216 1229 310 1279 menta
327 1225 362 1280 ad
381 1231 533 1295 egestatem
552 1225 634 1281 luerit
651 1227 770 1296 pupillos
788 1226 945 1296 perductus,
964 1225 1085 1282 deminui
1103 1226 1205 1283 debent
1222 1243 1294 1297 quae
1308 1227 1419 1284 decreta
1430 1232 1503 1300 sunt,
1521 1229 1651 1300 quemad·
1671 1245 1699 1284 ro

216 1312 327 1368 modum
346 1314 436 1370 solent
453 1316 556 1384 augeri,
575 1316 681 1385 siquid
700 1316 863 1386 patrimonio
881 1315 1036 1370 accesserit.

177 1399 198 1456 4
268 1402 410 1458 luurauus
432 1402 502 1460 libro
525 1405 656 1459 uicesimo
679 1405 766 1474 primo
791 1403 969 1474 digestorum.
1006 1403 1057 1469 Qui
1075 1401 1160 1458 lilium
1178 1403 1307 1460 heredem
1324 1405 1494 1476 instituerat,
1527 1416 1596 1474 aas,
1606 1418 1652 1474 us
1670 1415 1692 1470 S

215 1489 287 1546 filiae
305 1491 377 1546 dotis
395 1492 513 1562 nomine,
532 1508 594 1548 oum
613 1493 641 1547 in
659 1490 763 1548 ismilin
780 1493 927 1562 nupsisset,
947 1492 1066 1547 ducenta
1081 1493 1224 1560 legauerat
1240 1507 1292 1548 nec
1308 1494 1454 1564 quicquam
1469 1482 1652 1564 praeffct

215 1585 333 1635 tutorem
352 1581 392 1636 eia
410 1579 600 1651 Sempronium
619 1581 708 1636 dedit:
730 1583 755 1638 is
772 1597 790 1636 a
807 1581 932 1650 cognatis
950 1584 979 1635 st
997 1595 1015 1636 a
1032 1581 1191 1651 propinquis
1208 1583 1326 1652 pupilice
1344 1582 1494 1652 perductus
1512 1584 1547 1638 ad
1565 1585 1651 1654 magi·

215 1673 332 1724 stratum
353 1670 444 1725 iussus
463 1676 506 1725 est
523 1671 653 1726 dimonte
669 1671 788 1740 pupilice
806 1673 835 1726 et
852 1669 1006 1739 mercedes,
1030 1675 1062 1724 ut
1079 1669 1238 1726 liberalibus
1256 1669 1362 1726 artibus
1379 1672 1578 1742 institueretur,
1602 1689 1651 1743 pu·
1671 1687 1699 1728 ra

215 1757 296 1828 pillau
314 1759 423 1814 nomine
440 1758 664 1830 praeceptoribus
682 1759 761 1815 dare:
780 1759 867 1830 pubes
885 1757 976 1814 iactus
993 1759 1113 1829 pupillus
1131 1758 1227 1828 puberi
1244 1759 1298 1815 iam
1317 1758 1407 1815 iactae
1425 1762 1511 1818 sorori
1523 1777 1589 1816 snae
1601 1761 1651 1816 dn-

215 1851 296 1902 oeuta
313 1847 398 1917 legati
416 1863 501 1902 eausa
512 1849 602 1904 soluit.
630 1850 784 1918 quaesitum
796 1853 847 1918 est,
866 1863 901 1902 an
914 1849 1016 1903 tutelae
1027 1846 1128 1902 iudicio
1140 1848 1271 1918 consequi
1282 1850 1377 1919 possit,
1395 1849 1470 1919 quod
1482 1851 1510 1904 in
1523 1851 1652 1906 alimenta

214 1937 334 2007 pupillae
352 1940 381 1992 et
399 1936 539 1992 mercedes
557 1954 574 1992 a
591 1943 682 1994 tutore
700 1953 735 1992 ex
753 1939 839 1992 tutela
857 1937 1018 2007 praestitum
1033 1937 1078 1992 sit
1106 1935 1249 2006 respondi:
1268 1937 1403 2008 adstimo,
1421 1939 1554 1994 etaioitra
1566 1939 1650 2009 magi·
1750 1933 1753 1940 '

215 2031 350 2080 stratuum
374 2024 515 2081 decretum
538 2031 612 2082 tutor
630 2041 751 2083 sororem
768 2026 864 2096 pnpilli
882 2027 923 2080 sni
941 2026 1040 2082 aluerit
1056 2029 1086 2080 et
1102 2023 1260 2081 liberalibus
1278 2025 1384 2082 artibus
1401 2027 1563 2096 instituerit,
1587 2041 1650 2082 curn

215 2113 283 2168 haec
300 2114 379 2168 aliter
397 2114 422 2169 si
440 2115 599 2185 contingere
617 2130 672 2170 non
690 2119 812 2186 possent,
830 2114 896 2170 nihil
914 2130 947 2170 eo
965 2115 1075 2170 nomine
1092 2115 1195 2170 tutelas
1207 2114 1308 2171 iudicio
1319 2115 1422 2186 pupillo
1435 2121 1483 2170 ant
1494 2113 1650 2170 substitutis
1670 2127 1698 2168 so

214 2202 309 2272 pupilli
327 2209 467 2273 praestare
485 2203 594 2259 debere.

178 2289 198 2348 5
269 2291 419 2348 Uarrauus
441 2292 510 2348 libro
533 2293 614 2348 tertio
638 2292 673 2346 de
697 2289 787 2347 officio
809 2292 988 2362 proconsulis.
1025 2291 1055 2348 Si
1073 2291 1248 2364 disceptetur,
1267 2291 1315 2347 ubi
1332 2292 1431 2347 morari
1449 2293 1494 2348 uel
1512 2288 1651 2376 [QTJ
1670 2298 1709 2375 Ss

214 2379 263 2436 ubi
286 2380 398 2436 educari
420 2383 552 2452 pupillum
576 2385 714 2452 oporteat,
739 2396 824 2434 causa
845 2381 956 2450 cognita
973 2380 1001 2436 id
1018 2381 1172 2452 praesidem
1190 2386 1311 2436 statuere
1329 2379 1474 2451 oportebit
1505 2382 1532 2436 in
1551 2370 1651 2438 cauffo

215 2471 370 2540 cognitione
388 2469 510 2526 cultandi
529 2475 601 2541 sunt,
620 2473 667 2542 qui
685 2472 833 2542 pudicitiae
851 2468 1003 2540 impuberi¹
1021 2476 1138 2539 possum
1154 2470 1284 2526 insidiari.
1669 2484 1699 2523 aa

177 2556 197 2614 6
267 2561 481 2614 Taurnounrus
498 2559 567 2616 libro
586 2567 683 2630 quarto
701 2561 808 2616 decimo
826 2559 1051 2630 disputationum.
1088 2557 1117 2614 Si
1136 2557 1235 2614 absens
1253 2558 1290 2614 sit
1308 2563 1382 2615 tutor
1400 2564 1428 2614 et
1446 2559 1493 2614 ali·
1526 2571 1650 2628 essue
1669 2565 1696 2619 P

216 2652 308 2704 menta
324 2649 444 2720 pupillus
462 2648 608 2718 desideret,
626 2649 650 2704 si
668 2650 778 2718 quidem
796 2649 971 2720 neglegentia
983 2651 1012 2702 et
1023 2647 1107 2702 nimia
1119 2647 1236 2702 cessatio
1249 2647 1276 2702 in
1289 2647 1525 2704 administratione
1536 2638 1651 2706 tutoris⁸

214 2737 356 2808 obiciatur,
378 2752 450 2806 quae
467 2737 550 2792 etiam
570 2752 605 2792 ex
622 2737 674 2793 boc
692 2744 831 2808 arguatur,
849 2737 923 2806 quod
941 2751 991 2807 per
1009 2735 1162 2791 absentiam
1181 2736 1240 2790 eius
1259 2735 1368 2790 deserta
1385 2737 1569 2808 derelictoque
1587 2742 1652 2792 sunt

214 2827 309 2898 pupilli
327 2826 446 2896 negotia,
465 2827 588 2882 euocatis
606 2825 742 2882 adfinibus
755 2831 837 2896 atque
850 2825 944 2880 amicis
956 2825 1055 2880 tutoris
1067 2831 1177 2895 praetor
1189 2824 1279 2880 edicto
1291 2825 1432 2894 proposito
1444 2841 1529 2881 causa
1540 2827 1652 2896 cognita

215 2917 298 2972 stiam
321 2915 436 2971 absente
459 2918 550 2970 tutore
572 2917 616 2970 uel
635 2913 832 2970 remououdum
849 2929 926 2983 eum,
951 2913 998 2983 qui
1016 2912 1117 2982 dignos
1134 2913 1182 2968 tali
1199 2918 1266 2968 nota
1284 2912 1434 2984 uidebitur,
1459 2914 1589 2970 decernet
1605 2915 1651 2970 uel

214 3004 419 3074 adiungendum
437 3011 605 3060 curatorem:
624 3009 652 3058 et
670 3005 710 3058 ita
727 3005 774 3073 qui
789 3003 871 3058 datus
883 3002 942 3071 erit,
961 3001 1090 3071 expediet
1102 3003 1233 3057 alimenta
1243 3002 1354 3072 pupillo.
1382 3003 1405 3058 sl
1419 3017 1485 3058 uero
1497 3003 1652 3058 necessaria
1669 3017 1698 3058 so

215 3094 341 3150 absentia
362 3093 461 3148 tutoris
479 3097 508 3148 et
524 3092 664 3162 inprouisa
682 3092 823 3162 acciderit,
847 3090 918 3146 forte
936 3089 1009 3161 quod
1028 3090 1120 3146 subito
1139 3091 1174 3146 ad
1193 3091 1376 3161 cognitionem
1394 3091 1571 3162 principalem
1589 3106 1650 3160 pro·

214 3183 304 3238 iectus
325 3197 377 3238 neo
399 3183 440 3237 rel
461 3197 529 3237 suae
547 3180 691 3252 prouidere
709 3195 759 3236 nec
777 3181 918 3237 consulere
936 3179 1039 3250 pupillo
1057 3181 1177 3248 potuerit
1194 3183 1224 3236 et
1240 3187 1366 3252 speratur
1384 3181 1472 3238 redire
1490 3186 1520 3236 et
1536 3180 1651 3236 idoneus

214 3272 251 3327 sit
267 3276 342 3328 tutor
359 3287 411 3326 nec
428 3270 557 3341 expediat
574 3269 657 3324 alium
676 3269 789 3339 adiungi
807 3276 836 3325 et
852 3259 971 3342 pupillus
989 3269 1120 3324 alimenta
1137 3268 1172 3324 de
1190 3285 1219 3324 re
1237 3285 1289 3326 sua
1305 3271 1439 3339 postulet:
1458 3274 1532 3326 recte
1550 3269 1651 3326 conati·

214 3364 323 3416 tuetur⁴
341 3359 377 3416 ad
395 3359 447 3416 boc
465 3359 561 3429 solum,
581 3364 612 3414 ut
629 3374 664 3414 ex
682 3373 711 3412 re
729 3358 825 3430 pnpilli
843 3359 973 3414 alimenta
990 3356 1128 3428 expediat.

903 3557 960 3640 ΙΙΙ.
1669 3577 1698 3619 ³⁶

214 3697 251 3774 lt
290 3694 355 3772 DE
388 3692 609 3770 TUTELAE
642 3692 705 3770 ET
734 3692 1018 3770 RATIONIBUS
1053 3689 1402 3769 DlSTRAHENDIS
1433 3689 1497 3767 ET
1525 3690 1651 3767 UTILI
1670 3713 1745 3768 our>

546 3817 829 3895 CURATIONIS
858 3817 1014 3896 CAUSA
1040 3817 1248 3894 ACTIONE
1288 3817 1326 3894 lt

176 3985 194 4042 1
269 3983 419 4040 Unersuus
436 3981 506 4038 libro
523 3983 665 4052 trigesimo
683 3987 762 4038 sexto
780 3983 816 4038 ad
831 3982 961 4038 edictum.
988 3982 1020 4036 In
1032 3981 1158 4038 omnibus
1171 3995 1241 4050 quae
1253 3979 1319 4036 iecit
1330 3986 1414 4051 tutor,
1432 3996 1494 4037 cnm
1513 3977 1651 4066 Q
1669 3989 1703 4045 s·

215 4071 305 4128 lacere
328 4089 383 4127 uon
406 4071 532 4142 deberet,
556 4065 621 4127 item
641 4071 670 4127 in
687 4071 729 4126 bis
748 4087 818 4142 quae
837 4088 890 4127 non
909 4070 987 4140 fecit,
1012 4070 1143 4126 rationem
1161 4069 1259 4125 reddet
1277 4069 1329 4126 hoc
1346 4069 1461 4139 iudicio,
1484 4070 1650 4140 praestando
1759 4123 1760 4128 ,

181 4169 194 4213 1
214 4162 316 4232 dolum,
335 4163 443 4231 culpam
462 4165 490 4216 et
507 4165 638 4231 quantam
657 4162 685 4216 in
703 4161 760 4216 suis
778 4160 860 4216 rebus
879 4149 1056 4230 diligentiam.
1085 4158 1163 4215 Unde
1182 4160 1321 4230 quaeritur
1339 4157 1413 4229 apud
1430 4159 1564 4216 lulianum
1581 4160 1651 4216 libro
1670 4174 1699 4214 ao

214 4251 364 4307 uicensimo
383 4251 471 4320 primo
489 4250 666 4320 digestorum,
686 4251 710 4304 si
727 4255 802 4306 tutor
819 4250 922 4320 pupillo
941 4249 1130 4305 auctoritatem
1149 4247 1185 4302 ad
1203 4247 1298 4302 mortis
1316 4263 1400 4303 causa
1416 4248 1591 4304 donationem
1606 4265 1650 4304 ac·

214 4339 438 4409 commodauerit,
457 4353 491 4394 au
508 4341 612 4395 tutelae
629 4339 730 4394 iudicio
748 4343 883 4395 teneatur.
910 4343 939 4393 et
957 4339 995 4393 eit
1011 4338 1098 4392 teneri
1117 4352 1192 4392 eum:
1211 4351 1276 4390 nam
1295 4336 1375 4391 sicuti
1389 4339 1547 4392 testamenti
1559 4337 1650 4408 factio,

214 4430 313 4499 inquit,
337 4429 447 4498 pupillis
471 4443 602 4484 muccoso
625 4445 680 4484 uon
704 4434 759 4499 est,
782 4429 822 4483 ita
845 4443 896 4482 nec
921 4429 1015 4484 mortis
1038 4425 1149 4498 quidem
1170 4440 1254 4480 causa
1272 4425 1434 4482 donationes
1451 4426 1650 4497 permittendae

181 4523 196 4570 2
214 4520 287 4572 sunt.
324 4515 379 4572 Sed
397 4521 426 4572 et
443 4517 467 4573 si
485 4534 540 4574 non
558 4519 654 4574 mortis
671 4534 756 4574 causa
774 4517 918 4573 donauerit
934 4521 1024 4572 tutore
1043 4519 1168 4583 auctore,
1192 4513 1265 4569 idem
1283 4515 1404 4570 Iulianus
1422 4515 1531 4586 scripsit
1548 4515 1649 4585 pleros·

213 4621 268 4676 que
286 4605 396 4674 quidem
415 4611 512 4678 putare
531 4624 585 4663 non
602 4609 695 4663 ualere
713 4607 897 4678 donationem,
916 4611 944 4661 et
961 4607 1120 4676 plerumque
1132 4603 1172 4660 ita
1183 4609 1239 4660 est:
1258 4603 1308 4658 sed
1320 4605 1464 4660 nonnullos
1476 4619 1557 4660 casus
1567 4617 1650 4674 posse
1668 4617 1697 4658 aa

213 4713 258 4780 F(
263 4711 437 4782 WDQlilG)

215 4859 279 4910 ¹ue
297 4863 345 4910 lm.
418 4854 595 4925 ¹impuberis
613 4853 740 4921 (DQO)?
810 4855 942 4911 ⁸tutori?
1012 4854 1152 4908 ⁴curator
1170 4861 1216 4907 lua.
1235 4855 1364 4920 (similiter
1381 4852 1473 4919 Faber)

215 4977 423 5048 oprofiteatnr
434 4979 472 5034 pu
515 4981 549 5034 13
561 4979 718 5048 nupsisset
727 4979 765 5032 Β)
807 4979 841 5032 14
854 4979 904 5049 eia]
957 4979 993 5034 32
1010 4977 1188 5034 ueconsnlere
1206 4979 1233 5034 F

216 5051 272 5104 τοῖς
299 5050 348 5111 tio
376 5052 441 5106 narei
470 5051 518 5106 Rs
544 5049 610 5122 (ut.)
681 5051 716 5105 29
742 5049 841 5118 dignos
868 5053 903 5106 ll
