3848 5536
900 163 1004 230 XVIII

232 338 433 408 praesentsuit:
451 341 529 393 tante
547 341 639 393 autem
657 352 723 392 eura
740 342 797 392 1000
815 337 875 407 ipse
890 335 973 408 quam
986 337 1176 410 typographus
1190 339 1353 394 Laurentius
1365 339 1545 394 Torrentinus
1558 338 1594 395 ab
1606 353 1670 409 ope·

232 458 323 499 rarum
343 443 450 499 mendis
467 447 608 514 00000001,
626 447 656 498 01
669 448 813 514 eapropter
828 443 928 514 spretis
940 443 1157 515 repetitionibus,
1179 446 1251 500 inter
1269 459 1337 514 quas
1350 445 1467 501 maxime
1480 444 1671 501 Gohaneriana

232 551 367 607 eiusmodi
384 549 521 606 erroribus
539 547 641 606 0010010
658 554 716 621 001,
734 550 935 606 Taurellianam
955 551 1103 608 editionem
1121 555 1262 621 tamquam
1280 551 1400 607 omnium
1419 523 1670 608 emeridatissimam

232 656 384 729 typothetis
401 657 570 713 tradiderim.
597 656 772 712 nihilominus
790 657 934 713 Taurellus
952 673 1007 714 non
1026 659 1127 728 solum,
1146 663 1178 713 01
1194 656 1239 728 fit,
1258 659 1286 713 10
1304 656 1469 728 quibusdam
1488 659 1601 728 errauit,
1620 658 1670 714 sed

233 763 316 820 etiam
334 763 382 820 ubi
401 765 536 835 scriptura
553 768 651 834 postea
668 763 815 819 emendata
833 769 884 835 est,
903 765 1026 836 duplices
1044 765 1176 820 lectiones
1194 765 1233 820 110
1251 766 1389 836 100010011,
1408 769 1439 820 01
1451 764 1498 820 ubi
1510 766 1671 820 alterautra

233 869 378 926 manifeste
402 870 536 926 mendosa
557 885 620 926 esse
642 869 795 940 uideretur,
819 869 916 926 falsam
936 872 1112 942 scripturam,
1136 872 1196 927 siue
1214 871 1288 941 prIor
1306 877 1431 928 0000001
1449 873 1509 928 siue
1528 871 1669 943 posterior,

232 977 340 1034 silentio
358 978 525 1049 praeteriret,
544 981 641 1033 contra
657 976 705 1033 uhi
723 982 839 1048 utraque
857 976 972 1034 haberet
990 994 1045 1048 qno
1064 993 1094 1034 se
1107 978 1320 1048 commendaret,
1339 979 1422 1048 priori
1433 978 1461 1034 in
1474 983 1560 1048 10010,
1578 982 1669 1049 posta·

231 1084 296 1140 01001
319 1085 347 1139 10
371 1084 494 1154 metgias
512 1084 602 1139 locum
621 1082 713 1140 daret:
736 1099 791 1154 quc
810 1085 937 1140 instituto
954 1089 1070 1155 apparet
1087 1085 1123 1140 ad
1141 1086 1241 1141 iustam
1261 1085 1402 1155 utriusque
1420 1085 1571 1156 scripturae
1589 1085 1670 1140 aesti-

231 1191 379 1248 mationem
397 1191 534 1261 perueniri
552 1205 608 1246 nen
624 1192 756 1261 potuisse.

284 1296 330 1352 Ad
352 1297 380 1352 id
402 1295 477 1367 quod
498 1299 563 1367 post
585 1311 702 1353 messem
721 1303 864 1366 supererat
881 1298 1052 1369 spicilegium
1070 1298 1174 1369 primus
1193 1299 1310 1353 accessit
1326 1298 1490 1353 Laurentius
1508 1297 1670 1354 Theodorus

231 1403 405 1461 (laeuourus
423 1405 560 1476 Batauus,
583 1402 711 1460 Iohannis
729 1405 861 1460 Friderici
879 1403 964 1476 iilius,
984 1403 1076 1462 iacobi
1094 1404 1186 1460 100100.
1217 1405 1241 1459 10
1260 1405 1445 1459 016801010
1463 1405 1579 1474 Digesta
1596 1405 1669 1460 Tan·

230 1511 344 1567 relliana
360 1525 415 1566 nen
432 1509 606 1580 indiligenter
624 1511 659 1566 ad
678 1511 856 1583 archetypum
874 1511 1061 1582 recognouiv,
1080 1511 1207 1567 editionis
1225 1515 1318 1566 100000
1336 1524 1418 1580 quam
1438 1509 1600 1566 moliebatur
1614 1525 1669 1567 non

230 1618 343 1689 protulit
360 1617 413 1673 nisi
430 1617 616 1688 prodromum,
635 1617 663 1672 id
682 1623 726 1674 est
737 1618 880 1674 Iustiniani
893 1618 927 1674 de
940 1618 1056 1688 digestis
1068 1616 1244 1674 conficiendis
1261 1618 1392 1687 epistulas
1404 1621 1462 1673 tres
1479 1624 1509 1672 et
1525 1623 1668 1673 suetorum

230 1725 374 1781 indicem&
401 1723 510 1780 schedis
528 1728 621 1779 autem
641 1723 781 1795 GrenouiI,
799 1740 870 1796 qnae
888 1724 1070 1781 adseruantur
1088 1724 1168 1780 hodie
1185 1723 1314 1794 Lugduni
1331 1724 1359 1778 in
1377 1722 1544 1780 bibliotheca
1560 1724 1669 1779 uniuer-

230 1831 320 1887 sitatis
338 1829 490 1898 (clxxiii
507 1829 628 1887 Gronou.
641 1831 743 1900 0134,
762 1830 837 1902 apud
849 1831 974 1887 Geelium
991 1848 1019 1887 n.
1031 1832 1104 1902 552),
1122 1828 1253 1900 praefecti
1272 1829 1331 1886 eius
1350 1831 1446 1898 optImi
1465 1829 1584 1898 mihique
1602 1829 1668 1884 ami·

231 1937 334 1993 nissimi
354 1936 509 2008 Pluygersii
531 1927 623 1994 010110
646 1942 676 1993 01
698 1936 861 1995 liberalitate
884 1937 1014 2009 contigit,
1040 1941 1073 1994 01
1095 1937 1200 1994 tamdiu
1224 1940 1314 1993 uterer
1336 1937 1467 2008 quamdiu
1491 1937 1559 1992 haec
1583 1937 1669 1993 editio

230 2019 308 2116 prela
326 2042 481 2100 exercebat.

77 2146 212 2201 prenomen·
285 2149 402 2208 Secutus
425 2155 469 2207 est
488 2150 623 2207 Henricus
645 2150 870 2207 Bacuensuuus
892 2151 1133 2228 Roterodamemis
1156 2151 1262 2206 collatis
1290 2150 1386 2206 iisdem
1409 2149 1485 2206 libris
1508 2166 1533 2205 0.
1548 2151 1668 2216 1709111

124 2229 167 2264 ¹¹⁰⁸
232 2257 357 2314 adiutore
369 2257 490 2313 Antonio
504 2256 732 2314 110010110101010.
759 2257 784 2312 is
801 2257 996 2328 recognitionis
1014 2273 1081 2314 suae
1099 2257 1223 2312 notitiam
1242 2257 1353 2326 quidem
1371 2271 1487 2328 eamque
1505 2255 1669 2312 uberrimam

231 2364 324 2437 posuit
346 2365 375 2420 10
397 2363 512 2421 historia
528 2365 728 2420 Pandectarum
752 2363 883 2430 (Traiecti
900 2363 938 2419 ad
955 2363 1079 2420 Rhenum
1099 2365 1177 2420 1712.
1196 2365 1239 2433 4),
1263 2363 1312 2420 001
1330 2379 1430 2420 nouam
1449 2363 1596 2420 editionem
1614 2378 1669 2419 non

232 2471 322 2542 magis
339 2469 454 2541 perfecit
471 2487 552 2543 quarn
572 2471 735 2528 Gronouius.
764 2471 863 2527 delatis
876 2475 970 2528 100000
981 2475 1044 2541 post
1056 2471 1116 2527 eius
1128 2470 1232 2527 obitum
1246 2471 1337 2538 (1736)
1351 2470 1525 2527 collectaneis
1537 2470 1573 2526 ad
1585 2469 1669 2526 Geor·

231 2579 308 2650 glum
327 2575 511 2635 Christianum
529 2577 704 2634 Gebauerum
721 2583 924 2634 antecessorem
943 2577 1150 2648 Gottingensem
1172 2593 1266 2634 corum
1286 2592 1339 2649 ope
1357 2577 1503 2634 adornauit
1522 2577 1669 2634 editionem

231 2685 424 2756 Digestorum,
442 2699 513 2756 quae
530 2684 639 2756 publiea
657 2686 799 2756 proposita
817 2691 860 2741 est
877 2689 942 2756 post
959 2687 1074 2741 mortem
1093 2685 1180 2755 ipsius
1198 2700 1266 2740 cura
1283 2683 1502 2755 Spengenbergii
1520 2683 1669 2753 Gottingae

232 2806 259 2848 a.
267 2793 345 2848 1770.
369 2791 450 2848 huius
467 2792 496 2847 in
513 2791 718 2848 adnotationem
731 2793 913 2848 Brencmanni
931 2791 966 2847 de
979 2791 1074 2848 codice
1085 2790 1243 2848 Florentino
1255 2790 1462 2848 obseruationes
1480 2791 1586 2847 rettulit
1602 2790 1670 2847 satis

232 2903 369 2956 accurate.
401 2898 463 2969 ipsa
479 2899 663 2954 Brencmanni
685 2899 869 2955 collectanea⁸
887 2897 969 2954 hodie
992 2902 1103 2954 semaia
1126 2898 1154 2953 in
1174 2895 1340 2954 bibliotheca
1359 2897 1544 2954 uniuersitatis
1563 2897 1669 2954 Gottin-

232 3005 326 3076 gensis
344 3020 396 3076 ego
409 3005 466 3062 uidi
484 3005 576 3062 omnia
594 3004 708 3077 eiusque
725 3005 939 3076 recognitionem
953 3003 1015 3060 libri
1025 3004 1175 3062 1100001101
1187 3003 1494 3074 (Brencmannienorum
1507 3019 1557 3060 ms.
1570 3003 1625 3059 uol.
1634 3003 1670 3069 X,

232 3127 284 3168 ms.
297 3111 377 3168 iurid.
396 3129 423 3168 n.
435 3113 481 3180 38)
499 3112 583 3169 etiam
601 3111 675 3168 dorni
694 3111 789 3169 habui:
814 3113 865 3196 sed
887 3128 950 3168 cum
967 3127 1064 3182 perum
1081 3109 1242 3181 proficerem
1261 3110 1371 3167 schedis
1390 3110 1534 3182 adhibitis,
1551 3111 1670 3180 plerum·

232 3233 287 3288 qua
304 3218 333 3275 10
351 3218 433 3275 editis
450 3219 693 3275 Brencmannianis
712 3218 904 3290 comparandis
922 3233 967 3275 me
985 3219 1116 3276 continui.

31 3363 34 3370 .
79 3328 213 3387 accognitie
285 3325 353 3381 Post
369 3325 492 3381 Ratauos
510 3324 560 3382 bos
578 3341 660 3382 nemo
677 3325 752 3396 quod
770 3327 855 3382 sciam
873 3325 942 3383 libro
959 3326 1118 3382 Florentino
1135 3325 1301 3381 excutiendo
1319 3340 1430 3395 oporam
1449 3324 1596 3395 impendit,
1618 3323 1670 3379 nisi

89 3393 205 3451 mmm
233 3430 307 3503 quod
331 3432 440 3488 01835
458 3432 572 3489 Wittius
595 3434 624 3489 in
649 3447 745 3489 museo
768 3433 835 3489 10010
852 3433 984 3488 Rhenano
1002 3434 1093 3500 (0017
1112 3433 1171 3488 0100
1190 3431 1255 3488 0001
1272 3431 1358 3487 0013
1376 3446 1401 3486 0.
1416 3432 1485 3486 1834
1502 3447 1529 3501 p.
1543 3431 1670 3496 80-89)

231 3536 420 3608 recognitione
437 3539 579 3609 proposita
596 3540 737 3595 titulomm
755 3541 781 3596 5.
794 3541 849 3596 07
868 3538 930 3596 libri
947 3539 1042 3610 primi,
1063 3539 1130 3594 item
1148 3539 1221 3594 tituli
1238 3537 1352 3594 secundi
1370 3536 1432 3593 libri
1450 3537 1573 3593 uicesimi
1590 3535 1670 3607 primi

233 3643 327 3701 docuit
345 3645 436 3701 000100
454 3644 585 3702 lectiones
603 3647 733 3704 momenti
745 3645 803 3703 iere
816 3647 917 3716 exigui,
936 3661 1050 3703 numere
1062 3661 1118 3702 non
1135 3660 1239 3716 paucas
1251 3651 1309 3702 1000
1326 3644 1400 3715 apud
1412 3644 1569 3700 Taurellum
1587 3658 1669 3714 quam

233 3752 308 3822 apud
325 3752 545 3808 Brencmannum
563 3751 722 3810 desiderari.
755 3769 809 3824 ego
827 3767 894 3809 uero
912 3767 947 3809 ex
964 3767 1020 3823 quo
1043 3752 1079 3808 ad
1103 3751 1244 3823 hocopus
1262 3751 1380 3820 accessi,
1404 3766 1488 3806 unum
1506 3764 1596 3806 nouae
1614 3748 1671 3804 edi·

233 3857 316 3915 tionis
338 3857 508 3928 digestorum
533 3858 741 3917 tundamentum
764 3858 920 3917 indicabam
943 3875 1006 3916 esse
1029 3857 1130 3916 debere
1155 3859 1258 3915 codicis
1284 3873 1339 3914 non
1362 3861 1420 3912 1000
1443 3857 1565 3927 primarii
1587 3870 1670 3926 quam

232 3965 307 4022 00101
324 3970 481 4021 accuratam
499 3971 528 4022 et
544 3967 654 4037 plenam
671 3967 900 4038 recognitionem:
919 3982 983 4023 nam
1000 3967 1029 4022 in
1047 3981 1081 4022 ea
1098 3979 1183 4038 opera
1200 3981 1367 4037 quamquam
1384 3964 1508 4036 plerique
1526 3963 1579 4020 uiri
1596 3961 1671 4018 docti

287 4216 296 4249 ¹
322 4213 453 4268 Collatiom
477 4215 630 4283 adscriptum
654 4227 694 4269 est
717 4228 776 4270 0010
799 4219 842 4270 lis.
859 4219 984 4271 XXVIII:
1003 4217 1052 4270 ‘die
1077 4217 1250 4270 00101000.
1272 4217 1340 4269 1680
1364 4217 1390 4268 10
1413 4215 1512 4266 Ρο10110
1536 4209 1670 4276 habiens,

233 4304 294 4355 item
311 4303 337 4353 in
355 4303 418 4355 fine:
437 4301 486 4356 ‘die
505 4305 541 4357 VI
558 4306 653 4372 Aprilis
674 4306 742 4359 1680
765 4307 871 4360 feliciter
894 4308 920 4358 in
935 4307 1035 4360 Palatio
1058 4307 1138 4359 ueteri
1161 4306 1382 4359 Serenissimorum
1399 4305 1435 4357 M.
1448 4304 1546 4356 Ducum
1564 4303 1669 4354 Floren-

233 4389 301 4444 1100.
327 4391 359 4444 01.
377 4391 535 4445 Brencmann
553 4394 612 4446 hist.
630 4395 711 4448 Pand.
731 4415 756 4463 p.
769 4398 812 4448 85.
928 4396 1088 4448 'Laurentii
1105 4395 1231 4448 'Iheodori
1250 4394 1372 4448 Gronouii
1389 4393 1586 4446 ‘emendationes
1604 4408 1669 4458 pan·

234 4478 371 4534 'doctarum
393 4482 464 4534 iuxta
486 4483 659 4536 Florentinum
683 4485 811 4552 exemplar
834 4486 992 4538 examinatae
1015 4485 1049 4536 01
1066 4480 1376 4551 Anthiagliahecquinm'
1393 4482 1542 4550 prodierunt
1564 4480 1672 4546 primum

234 4569 352 4636 Lugduni
368 4570 522 4623 Batauorum
542 4573 618 4625 1888.
637 4574 667 4626 8:
686 4575 811 4641 repetitae
829 4581 888 4626 sunt
905 4574 998 4626 deindo
1016 4591 1094 4641 opera
1112 4574 1154 4625 Fr.
1168 4575 1223 4626 Car.
1238 4571 1346 4624 Conradi
1364 4573 1390 4623 in
1408 4571 1548 4632 uolumine,
1572 4569 1669 4619 00110-

234 4660 350 4710 serihitur
368 4658 488 4711 ‘Historia
505 4661 691 4714 Pandecterum
715 4663 859 4716 authentica
877 4663 931 4715 siue
949 4663 982 4716 D.
994 4663 1126 4715 Iustiniani
1145 4663 1177 4715 de
1195 4661 1331 4714 Pandectis
1349 4660 1471 4727 epistolae
1489 4657 1527 4710 111
1547 4673 1672 4709 unacum

233 4747 317 4799 indice
334 4747 563 4802 iurisconsultorum
581 4751 728 4803 Florentino
746 4769 777 4803 ex
796 4752 972 4805 emendatione
990 4753 1065 4805 Laur.
1077 4751 1125 4804 uh.
1139 4749 1267 4803 Grononii
1285 4749 1367 4802 Halae
1388 4749 1465 4802 1130.
1483 4748 1509 4800 8.
1602 4746 1614 4781 ⁸
1633 4744 1670 4798 Cf.

235 4837 267 4890 G.
282 4837 339 4890 Chr.
352 4837 481 4890 Gebaceri
497 4839 608 4891 narratio
622 4840 655 4891 de
668 4841 778 4892 Henrico
789 4840 973 4904 Brencmanno,
992 4842 1024 4893 de
1041 4841 1218 4907 manuscriptis
1229 4839 1453 4892 Brencmannianis
1467 4845 1515 4888 eet
1534 4837 1672 4902 Gottingae

237 4925 313 4978 1764.
331 4928 350 4977 4
368 4945 393 4993 p.
407 4925 441 4980 73
453 4945 518 4996 seq.:
536 4929 597 4980 item
615 4929 728 4996 Sarigny
746 4930 851 4997 (scripta
869 4931 928 4982 min.
941 4931 967 4992 3,
984 4930 1019 4982 23
1032 4932 1109 4996 seq.):
1130 4929 1305 4984 Brencmanns
1322 4927 1434 5000 Pupiere
1451 4947 1484 4981 au
1503 4925 1650 4997 Gdttinpau.
