3766 5554
198 317 244 366 aa
265 317 418 367 uuumoo
439 318 600 368 sinuosa
866 297 953 380 643
1312 303 1402 373 XXII
1425 307 1440 371 1
1463 309 1500 367 48
1519 339 1552 352 -·
1571 305 1592 370 2
1610 309 1628 368 6

198 459 226 510 at
242 453 314 512 lilius
332 455 358 511 ei
376 457 481 512 mulieri
499 461 582 512 natus
594 462 638 514 est
649 473 737 528 eoque
748 459 873 539 condicio
884 459 969 528 legati
981 459 1094 516 exstitit
1122 461 1275 530 quaesitum
1289 466 1340 531 est,
1359 477 1420 517 oum
1433 465 1628 516 usamentum

198 541 310 688 313de
319 559 374 600 non
396 559 458 601 esse
481 547 652 616 apparuerit,
677 562 713 602 an
735 545 840 603 fructum
863 548 945 604 etiarn
964 549 1069 604 mulieri
1086 549 1220 619 praestari
1238 547 1365 606 debeant.
1391 550 1534 620 rospondit
1550 563 1628 620 prae·

150 721 183 781 ts
216 721 419 866 ellsuonsrqtis
436 721 506 868 ιῶέο
523 724 606 779 tertio
624 739 658 780 ex
675 722 872 795 posterioribus
884 723 1028 782 Labeonis.
1054 725 1172 782 Fructus
1184 727 1224 782 rai
1235 730 1279 783 ast
1296 723 1338 810 c.
1347 739 1473 797 so‚1t,ta.
1486 739 1511 786 ο.
1520 741 1557 796 aa,
1567 741 1589 796 a,
1597 739 1628 787 ss
1647 733 1684 789 ’S

198 823 216 866 a
258 811 367 881 pignori
404 826 450 868 are
479 813 559 868 'cero
1647 829 1661 870 e

891 967 922 1051 Π
1645 983 1719 1034 cars

563 1101 601 1180 R
639 1101 704 1178 DE
731 1033 939 1180 Nubilus
967 1101 1189 1179 FAENORE
1228 1103 1266 1182 tt
1659 1123 1737 1178 aas

165 1257 179 1314 1
248 1254 442 1310 llonusrmtus
459 1253 529 1312 libro
546 1255 653 1312 decim
670 1257 875 1327 pandectarum.
903 1259 1067 1315 Traiecticia
1084 1275 1118 1315 ca
1131 1259 1249 1330 pecunia
1260 1261 1304 1314 est
1314 1273 1386 1328 quae
1397 1262 1473 1314 tram
1492 1253 1629 1342 Q
1661 1263 1700 1319 Ε·

197 1357 271 1398 mare
288 1343 409 1399 uoluitur:
428 1349 549 1400 cetorum
568 1345 591 1400 si
609 1345 706 1402 eodem
724 1347 777 1402 loci
795 1353 984 1418 consumatur,
1008 1363 1062 1404 nou
1081 1349 1133 1404 erit
1149 1349 1308 1404 traiecticia
1339 1347 1390 1402 sed
1407 1347 1570 1417 uidendum,
1594 1363 1629 1402 an

196 1447 300 1488 merces
322 1448 358 1490 ex
380 1449 415 1488 ca
436 1435 554 1504 pecunia
571 1443 745 1504 comparatae
763 1435 791 1490 in
809 1451 844 1492 aa
861 1451 946 1492 causa
963 1435 1117 1492 habentur?
1147 1441 1177 1494 et
1193 1437 1320 1506 interest,
1343 1441 1435 1492 utrum
1453 1436 1536 1492 etiam
1552 1435 1629 1504 ipsas
1650 1447 1678 1488 ro

195 1520 316 1589 periculo
334 1521 476 1578 creditoris
493 1523 639 1592 nauigant:
657 1528 724 1580 tuno
742 1526 814 1580 enirn
832 1527 982 1581 traiecticia
999 1525 1116 1596 pecunia
1133 1523 1172 1580 tit

161 1611 178 1668 2
249 1609 420 1666 Porseoarus
437 1609 506 1666 libro
523 1611 606 1668 tertio
623 1627 658 1668 ex
675 1613 791 1670 Plautio.
823 1613 917 1670 Labeo
936 1615 982 1684 ait,
1001 1615 1025 1670 si
1043 1629 1123 1670 nemo
1141 1614 1185 1683 sit,
1204 1613 1251 1684 qui
1269 1629 1286 1668 a
1302 1616 1381 1684 parte
1399 1611 1571 1682 promissorio
1589 1613 1629 1668 in·
1659 1609 1688 1665 lt

194 1699 333 1767 terpelari
349 1701 515 1756 baiecticiae
532 1701 666 1771 pecuniae
683 1703 779 1774 possit,
798 1702 827 1758 id
843 1703 934 1774 ipsum
948 1703 1096 1759 testatione
1107 1703 1252 1772 complecti
1264 1701 1373 1772 debere,
1392 1705 1424 1758 ut
1434 1715 1485 1772 pro
1496 1701 1630 1771 petitione

194 1785 224 1842 id
242 1785 360 1843 cederet
1650 1801 1679 1843 rt

46 1952 49 1962 Ι
159 1878 177 1936 3
248 1876 442 1934 Honnsmms
465 1877 534 1934 libro
557 1884 654 1948 quarto
675 1880 840 1950 regularum.
877 1880 909 1936 ln
927 1879 1038 1936 nautica
1053 1880 1171 1951 pecunia
1188 1893 1224 1936 ex
1241 1895 1275 1936 οο
1293 1879 1337 1936 die
1355 1879 1504 1950 periculum
1523 1882 1631 1950 spectat
1660 1875 1705 1952 ils

193 1964 366 2036 creditorem,
385 1979 420 2022 ex
438 1981 493 2036 quo
511 1981 609 2023 nauem
630 1969 761 2039 nauigare
779 1969 934 2026 conueniat

157 2056 176 2114 l
248 2053 429 2112 Pmmnuos
449 2055 519 2112 libro
541 2057 622 2112 tertio
645 2071 846 2128 responsorum.
882 2057 953 2114 Nihil
976 2057 1102 2128 interest,
1126 2057 1277 2114 traiecticia
1299 2057 1416 2128 pecunia
1434 2056 1492 2112 sine
1510 2055 1631 2126 periculo
1660 2053 1688 2108 P

193 2141 338 2198 creditoris
362 2149 477 2215 accepta
500 2145 536 2199 sil
558 2161 594 2200 an
612 2151 675 2216 post
692 2146 764 2201 diem
782 2147 974 2216 praestitutum
993 2151 1021 2202 et
1038 2146 1224 2202 condicionem
1243 2147 1382 2216 impletam
1400 2145 1550 2216 pericnlum
1569 2159 1631 2200 esse

193 2229 338 2288 creditoris
356 2231 476 2290 desierit
504 2233 648 2304 utrubique
666 2234 750 2304 igitur
764 2235 852 2290 maius
865 2235 987 2306 legitima
998 2251 1081 2292 usura
1092 2234 1190 2291 laeuus
1202 2249 1257 2290 non
1269 2233 1421 2304 debebitur,
1440 2233 1489 2290 sed
1502 2233 1631 2302 inpriore

192 2317 306 2389 quidem
331 2323 423 2392 specie
445 2337 565 2394 semper,
588 2324 617 2378 in
634 2325 720 2379 altera
738 2338 804 2378 uero
822 2323 948 2380 discusso
965 2324 1099 2394 periculo:
1123 2339 1174 2380 nec
1192 2325 1308 2394 pignora
1325 2323 1370 2378 uel
1388 2322 1474 2394 hypo·
1493 2317 1632 2404 [l's‘sesss‘]
1649 2333 1679 2376 ao

160 2419 171 2464 ι
191 2407 292 2464 tbeoao
308 2410 388 2467 titulo
407 2413 516 2468 maioris
534 2427 632 2468 murae
650 2410 823 2468 tenebuntur.
850 2413 903 2468 Pro
921 2412 1011 2482 operis
1029 2413 1101 2468 serui
1118 2413 1285 2469 traiectioiae
1297 2413 1429 2482 pecuniae
1441 2398 1631 2481 gratb‘sffli

192 2495 270 2566 quod
287 2497 316 2553 in
334 2500 456 2570 singulos
474 2501 534 2557 dies
551 2501 580 2556 iu
598 2501 756 2571 stipulatum
775 2499 923 2555 deductum
942 2505 997 2570 cst,
1016 2500 1052 2556 ad
1071 2499 1151 2556 tinem
1170 2502 1336 2557 centesimae
1355 2515 1409 2556 nou
1426 2501 1499 2556 ultra
1516 2499 1630 2571 duplum

190 2585 319 2642 debetur.
346 2589 389 2644 iu¹
409 2590 584 2660 stipulatione
608 2588 727 2646 faenoris
744 2595 809 2659 post
825 2589 897 2644 diem
915 2589 1028 2659 periculi
1046 2589 1192 2660 separatim
1210 2589 1371 2660 interposita
1389 2587 1463 2660 quod
1477 2589 1505 2644 in
1517 2603 1552 2644 ea
1563 2589 1629 2659 logi-

190 2675 278 2730 tirnae
296 2691 396 2734 murae
414 2678 509 2748 decrit,
526 2694 576 2749 per
594 2679 706 2734 alteram
725 2678 928 2748 stipulationem
946 2691 1089 2748 operarum
1107 2677 1287 2750 supplebitur.
1649 2688 1679 2730 st

151 2767 171 2824 b
248 2761 408 2822 Sounoua
433 2767 503 2824 libro
526 2773 604 2824 sexto
627 2781 828 2838 responsorum.
863 2766 980 2822 Periculi
1002 2767 1120 2837 pretium
1143 2770 1187 2822 est
1209 2772 1239 2822 et
1262 2767 1286 2822 ai
1310 2764 1469 2822 condicione
1492 2759 1630 2850 [aba]
1662 2771 1690 2826 P

188 2853 322 2922 quamuis
339 2855 447 2924 poenali
465 2871 520 2912 nou
537 2857 687 2912 assbtsute
704 2860 864 2926 recepturus
883 2855 921 2910 sis
944 2853 1018 2924 qood
1040 2853 1148 2910 dederis
1167 2858 1196 2910 at
1212 2855 1325 2926 insuper
1342 2853 1444 2924 aliquid
1462 2860 1571 2924 praeter
1582 2870 1630 2925 pe·

188 2941 313 3011 waiam,
331 2943 356 2997 si
374 2943 454 3000 modo
472 2945 500 3000 iu
518 2945 594 3000 aleae
613 2945 732 3016 speciem
750 2960 805 2999 non
817 2942 911 2998 cadat:
930 2943 1014 2998 ueluti
1026 2957 1068 3012 aa,
1087 2957 1122 2998 ex
1134 2943 1234 3012 quibus
1246 2943 1432 3000 condictiones
1443 2944 1519 2998 nasci
1532 2944 1629 3013 solent,

187 3033 222 3084 ut
241 3027 275 3084 'si
292 3049 344 3084 soa
360 3032 552 3104 manumittas,
570 3031 602 3090 'si
619 3049 674 3089 nou
690 3032 757 3090 illud
774 3029 877 3101 facias,
897 3030 928 3086 'si
945 3045 1001 3088 uon
1018 3030 1189 3088 concaluero'
1208 3036 1237 3086 et
1248 3037 1348 3088 catara
1375 3046 1426 3087 nec
1439 3029 1585 3101 dubitabis,
1605 3030 1629 3086 sl

185 3117 325 3188 piscatori
342 3126 487 3190 orogsmro
505 3122 534 3178 in
551 3127 712 3192 apparatum
730 3121 876 3192 plurimum
894 3119 1026 3190 pecuniae
1044 3118 1179 3190 dederim,
1198 3123 1242 3191 ut,
1261 3121 1285 3176 si
1303 3120 1429 3190 cepisset,
1447 3119 1582 3190 redderet,
1600 3123 1630 3175 st

152 3220 165 3266 1
185 3205 328 3277 athletae,
349 3208 422 3266 uude
439 3225 470 3266 sa
488 3209 630 3268 exhiberet
647 3214 854 3280 exerceretqua,
873 3215 911 3278 ut,
929 3209 954 3264 si
971 3209 1091 3280 uicisset,
1110 3209 1245 3266 redderet
1280 3209 1313 3265 ln
1330 3208 1373 3264 bis
1391 3212 1483 3264 autem
1502 3207 1629 3264 omnibus
1648 3219 1677 3264 ao

185 3299 217 3352 et
239 3301 354 3366 ροοοοιη
372 3298 432 3354 siue
449 3299 624 3370 stipulatione
642 3299 679 3354 ad
696 3298 851 3368 mgeudam
869 3296 1063 3367 obligationem
1081 3297 1203 3369 prodeat
1689 3349 1692 3356 .

146 3385 166 3444 6
243 3385 367 3442 Paucos
384 3385 453 3444 libro
471 3387 602 3444 uicesimo
619 3389 716 3457 quinto
733 3388 932 3458 quaestionum.
959 3386 1126 3444 Faenerator
1142 3385 1288 3458 pecuniam
1305 3385 1396 3442 usuris
1414 3384 1557 3440 maritimis
1569 3399 1629 3440 mu·
1660 3383 1714 3460 Ps·

184 3475 272 3530 tuam
296 3471 388 3530 mdo
410 3475 545 3546 quasdam
568 3477 723 3532 marcasio
746 3491 817 3532 naue
834 3475 942 3546 pignori
960 3475 1080 3546 accepit,
1104 3491 1138 3532 ex
1156 3474 1255 3544 quibua
1273 3475 1298 3530 si
1315 3489 1370 3530 nou
1387 3473 1523 3544 potuisset
1539 3476 1628 3528 toturn

183 3561 318 3620 debiturn
337 3564 449 3634 exsolui,
468 3565 580 3620 aliarum
601 3566 731 3622 mercium
749 3565 809 3620 aliis
826 3561 944 3620 nauibus
962 3564 1150 3634 impositurum
1166 3563 1338 3634 propriisque
1352 3560 1568 3618 faeneratoribus
1580 3559 1628 3618 ob-

183 3650 341 3722 ligatarum
358 3653 382 3707 si
400 3652 465 3722 quid
483 3651 677 3724 superfuisset,
695 3655 802 3724 pignori
820 3653 936 3722 accepit
968 3654 1123 3723 quaesitum
1141 3657 1185 3709 eat
1202 3666 1274 3708 naue
1292 3651 1402 3722 propria
1418 3654 1574 3722 perempta,
1593 3665 1628 3706 ex
1647 3663 1676 3706 se

182 3755 247 3810 qua
267 3743 355 3796 totum
374 3741 444 3796 solui
457 3741 554 3812 potnit,
572 3757 608 3796 an
619 3741 648 3796 id
660 3740 789 3798 damnum
802 3740 839 3796 ad
850 3741 1012 3798 traditorem
1023 3741 1167 3811 pertineat,
1180 3741 1253 3796 iutra
1262 3739 1441 3810 praestitutos
1454 3739 1513 3794 dies
1526 3739 1629 3794 amissa

182 3843 273 3898 naue,
292 3844 328 3884 an
346 3827 382 3884 ad
400 3835 551 3886 ceterarum
569 3829 680 3886 nauium
699 3829 867 3901 superfluum
885 3829 993 3886 admitti
1007 3830 1103 3900 possit
1130 3827 1274 3899 respondi:
1293 3827 1360 3883 alias
1378 3827 1489 3897 quidem
1506 3827 1628 3897 pignoris

180 3917 345 3972 deminutio
363 3917 398 3972 ad
416 3917 546 3973 damnum
564 3916 707 3989 debitoris,
726 3933 781 3974 non
799 3919 882 3974 etiam
900 3917 936 3974 ad
954 3918 1096 3974 creditoris
1113 3919 1245 3988 pertinet:
1265 3914 1315 3972 sed
1333 3931 1395 3972 cum
1413 3917 1565 3972 umecticia
1581 3931 1629 3985 ps-

180 4006 274 4061 cunia
291 4005 332 4060 ita
349 4006 438 4077 datur,
457 3997 489 4062 u't
505 4021 561 4062 non
578 4007 645 4062 alias
663 4005 760 4077 petitio
777 4007 838 4062 ains
856 4005 984 4062 creditori
1001 4011 1147 4078 competat,
1166 4021 1248 4076 quana
1267 4005 1291 4060 ai
1309 4005 1387 4060 salua
1399 4005 1478 4060 nauis
1489 4005 1561 4060 intra
1573 4009 1628 4060 sta·
1647 4017 1677 4059 aa

178 4102 356 4174 FlPthll

180 4229 190 4264 ι
212 4227 248 4282 sn
268 4227 317 4281 uu

177 4360 196 4414 1
225 4357 258 4412 ei
283 4356 398 4426 mulien]
425 4357 546 4414 mulieris
572 4358 625 4414 PU
683 4361 701 4414 2
727 4359 884 4430 apparuerit
934 4359 1043 4416 dederit
1059 4359 1108 4415 sed
1124 4359 1156 4424 V,
1175 4366 1223 4414 tao.
1237 4359 1277 4414 P·
1330 4356 1628 4445 summittentis

175 4447 234 4485 om.
251 4428 289 4481 F¹
306 4431 311 4492 l
327 4426 429 4483 debent
443 4429 520 4484 ΡΨ*
563 4429 749 4486 Biraiecticla
766 4431 808 4500 ea]
827 4435 882 4486 tra-
935 4433 982 4496 P·,
1001 4431 1081 4486 aliam
1094 4428 1213 4484 P‘V‘U:
1232 4429 1316 4484 abaco
1334 4429 1422 4484 sistor
1438 4449 1473 4483 aa
1487 4427 1526 4483 'ersi
1541 4427 1628 4498 κόπῳ

173 4499 300 4557 lecticis
307 4499 356 4563 P·,
366 4499 518 4556 traiecticia
525 4498 611 4570 P‘Ul
626 4509 716 4571 quiae
725 4503 764 4556 F'
800 4505 834 4558 10
842 4503 882 4558 in·
936 4503 962 4558 Β
978 4505 982 4566 Ι
998 4499 1193 4570 condictiones]
1204 4499 1231 4554 ist
1241 4501 1280 4554 ὡκ
1290 4500 1394 4572 ipabzsr
1405 4500 1583 4556 condicticios
1592 4501 1627 4566 Β,

173 4570 287 4640 torcat]
310 4571 382 4626 inter
404 4571 442 4624 P·
463 4571 468 4638 Ι
488 4571 547 4640 ipse
571 4573 597 4626 F
646 4575 680 4628 13
702 4573 740 4642 id]
763 4571 799 4628 ad
817 4571 881 4644 Ρ·Ι
935 4571 1154 4628 condicionesF
1200 4573 1235 4626 28
1253 4571 1277 4627 si
1294 4587 1350 4628 non
1368 4571 1554 4639 manumittas]
1576 4571 1628 4625 On·

173 4641 367 4699 testationem
380 4641 419 4696 P·
470 4644 504 4698 lb
522 4643 694 4699 nauticiaP·
709 4647 714 4710 l
729 4644 772 4713 eo]
786 4645 831 4709 Ρ,
850 4659 884 4700 ea
936 4653 1031 4700 wotos:
1048 4645 1091 4700 ias
1109 4642 1144 4697 ui
1160 4642 1343 4714 taersrpobopc
1357 4645 1391 4708 Β,
1410 4643 1434 4698 si
1451 4641 1628 4698 manumittas

173 4713 284 4769 F¹P1J
305 4714 339 4768 19
348 4712 499 4783 omiseris]
509 4713 652 4770 creditoris
660 4719 774 4839 aoccgta
783 4715 819 4768 sit
827 4713 881 4774 P·l
936 4716 1087 4770 librtaostrt
1102 4715 1107 4782 Ι
1122 4715 1295 4784 conualuero]
1306 4715 1417 4770 ualuero
1427 4715 1501 4769 ΡΨ
1523 4714 1628 4768 isoce-

172 4782 348 4853 utrubique]
366 4789 399 4838 ut
415 4784 507 4854 ibique
519 4785 567 4852 P0,
584 4791 699 4855 utroque
714 4786 725 4840 i
743 4785 801 4839 til·
816 4788 821 4852 Ι
837 4785 883 4840 de·
934 4786 1022 4855 pisset
1041 4787 1120 4840 Your.
1136 4789 1140 4852 Ι
1156 4785 1283 4841 redderet
1300 4805 1348 4840 om.
1363 4785 1445 4840 PVU
1488 4785 1524 4840 30
1541 4783 1629 4838 attho·

172 4855 266 4914 bitus
290 4855 338 4920 P·,
363 4854 525 4911 debeturU
575 4859 611 4912 20
633 4857 678 4912 uel
701 4855 718 4912 b
740 4855 882 4926 potbecae]
935 4858 990 4912 lete
1013 4857 1054 4912 P·
1073 4858 1078 4925 Ι
1098 4855 1141 4911 bia
1164 4877 1212 4911 om.
1230 4856 1269 4910 Ρ·
1323 4858 1357 4911 31
1381 4855 1565 4911 stimulatione
1589 4855 1630 4908 P·

171 4943 215 4984 ue
296 4925 376 4980 thece
387 4927 435 4991 P·,
487 4927 682 4984 ouoeueptq
718 4873 753 4982 {1
765 4928 883 4984 maiores
936 4927 971 4984 33
994 4928 1018 4982 si
1042 4947 1091 4981 om.
1104 4928 1144 4982 P·
1196 4927 1231 4982 34
1252 4927 1388 4982 mercibus
1413 4927 1505 4995 icti
1525 4925 1628 4992 obliga-

172 4999 220 5056 P·
263 4995 292 5050 U
340 4997 376 5052 24
393 4997 565 5068 supponitur
582 4999 628 5064 ΓΙ,
646 4996 844 5124 supplebuntur
861 4998 887 5052 V
935 5004 1027 5054 turum
1046 4999 1086 5054 P·
1138 4999 1174 5054 39
1196 5003 1368 5068 computatur
1384 4999 1433 5063 1³⁰,
1457 4995 1632 5068 competitV

170 5071 216 5128 26
238 5072 368 5132 exuant
389 5073 554 5141 excepturus
572 5069 611 5124 P⁰
631 5071 636 5140 l
657 5069 692 5125 de
712 5070 765 5125 erit
785 5075 814 5126 st
836 5068 883 5135 F1,

1355 5155 1417 5213 41*
