3782 5544
172 249 465 300 nenonousuo
859 227 945 308 119
1048 297 1059 324 ,
1334 235 1624 306 illlam—31

140 395 154 445 a
172 389 401 458 acceptilationis
418 389 463 458 sit,
480 393 510 444 et
523 386 589 475 ideo
606 389 745 460 praetoria
762 389 834 446 actio
850 387 980 446 nacitur.
1007 387 1038 446 Si
1055 395 1130 448 metu
1149 395 1260 448 coactns
1279 392 1333 450 adii
1351 393 1539 466 hereditatem,
1556 401 1624 468 puto

172 492 217 531 mc
236 477 374 532 heredem
393 475 473 546 effici,
492 477 557 548 qnia
574 477 701 548 quamuis
718 478 743 534 si
760 477 875 534 liborum
893 485 969 534 esset
985 478 1142 551 noluissem,
1161 487 1254 538 tamen
1272 487 1384 538 coactns
1402 484 1489 540 uolui:
1507 485 1557 539 sed
1575 500 1624 555 per

139 575 154 622 t
171 569 336 636 praetorem
355 565 540 622 restituendus
558 581 628 636 sum,
646 572 678 622 ut
695 565 850 622 abstinendi
869 567 934 622 mibi
951 573 1074 638 potestas
1093 568 1235 625 tribuatur.
1266 567 1296 625 Si
1314 576 1426 626 coactus
1443 571 1623 628 hereditatem

170 655 339 726 repudiem,
363 656 465 726 duplici
489 655 536 710 uia
558 659 669 725 praetor
691 654 757 710 mibi
780 657 914 712 succurrit
937 661 985 712 aut
1008 657 1089 712 utiles
1112 659 1234 714 actiones
1257 659 1336 728 quasi
1353 658 1448 716 heredi
1466 660 1556 717 dando
1575 667 1624 718 aut

170 744 318 798 actium
337 751 428 800 metus
446 759 531 798 causa
547 742 722 814 praestando,
742 749 873 814 utquam
891 745 964 800 mam
982 759 1035 814 ego
1053 746 1190 816 elegerim,
1209 745 1277 802 hacc
1295 746 1359 802 mihi
1376 751 1479 817 pateat
1640 766 1654 807 ι

115 831 152 888 12
225 832 355 888 Paucas
372 831 442 888 libro
460 832 548 902 primo
566 832 771 888 sententiarum.
798 832 850 898 Qui
861 833 890 888 iu
902 847 1037 890 carcerem
1051 849 1132 904 quom
1145 834 1268 905 detrusit,
1288 832 1469 918 [luffa—isio.
1482 849 1552 904 1110,
1560 851 1582 904 t,
1591 851 1621 896 tt
1639 847 1667 904 P

169 925 203 974 ut
220 921 334 990 aliquid
352 923 378 976 ei
395 925 578 990 extorqueret,
596 921 729 991 quidquid
747 920 783 976 ob
802 919 872 976 hanc
890 937 1001 978 causam
1020 921 1122 980 tactum
1141 927 1192 992 est,
1210 925 1311 980 nullius
1329 913 1620 982 momenti—est?-

115 1008 151 1067 23
227 1009 388 1066 Emmaus
411 1008 480 1064 libro
504 1013 602 1079 quarto
626 1008 792 1079 opinionum.
828 1010 889 1066 lion
912 1015 956 1066 est
977 1011 1124 1066 uerisimile
1147 1013 1316 1082 compulsum
1334 1015 1363 1069 in
1381 1013 1448 1070 urbe
1467 1009 1622 1098 Quae
1640 1025 1662 1080 s

168 1097 270 1167 inique
290 1097 444 1154 indebitum
462 1099 578 1154 soluisse
597 1113 669 1166 cum,
687 1097 734 1166 qui
752 1099 853 1154 claram
871 1098 1033 1168 dignitatem
1050 1114 1082 1155 sc
1095 1099 1195 1155 babere
1205 1101 1411 1174 praetendebat,
1430 1119 1492 1160 cum
1505 1093 1623 1175 potasset

168 1187 214 1242 ius
233 1187 382 1256 publicum
400 1187 529 1242 inuocare
547 1191 576 1242 ct
593 1185 669 1242 adire
687 1185 806 1256 aliquem
823 1191 961 1257 potestate
978 1187 1141 1258 praeditum,
1160 1189 1207 1259 qui
1224 1191 1319 1260 utique
1337 1193 1392 1247 uim
1412 1207 1474 1248 eum
1491 1195 1549 1264 pati
1560 1209 1621 1264 pro·
1642 1208 1670 1248 uc

168 1274 328 1332 bibuisset:
347 1275 397 1332 sed
414 1275 570 1332 huiusmodi
587 1275 803 1345 praesumptioni
821 1275 904 1332 debet
922 1277 1109 1348 apertissimas
1126 1277 1302 1347 probationes
1317 1280 1463 1336 adolentiae
1476 1297 1622 1352 opponere.

137 1367 149 1411 1
169 1362 201 1419 Si
219 1365 301 1419 iusto
320 1371 397 1419 metu
414 1364 575 1434 perterritam
592 1363 790 1434 coguitionem,
815 1365 850 1420 ad
869 1381 951 1436 quam
971 1371 1002 1420 ut
1019 1366 1127 1421 uinctus
1145 1367 1210 1436 iret,
1228 1373 1327 1436 potens
1345 1368 1518 1426 masmanna
1536 1371 1622 1426 mina·

168 1451 273 1522 batur,
298 1453 329 1508 id
353 1453 427 1522 quod
451 1452 552 1510 babere
573 1452 674 1508 beabat
691 1453 849 1524 compulsus
868 1453 1003 1524 uendidit,
1026 1469 1071 1510 res
1088 1469 1155 1510 suae
1174 1455 1305 1525 aequitati
1322 1471 1372 1526 por
1388 1459 1542 1527 praesidem
1560 1475 1622 1530 pro·

136 1541 287 1598 ininciae
313 1541 473 1596 resumitur.
510 1539 540 1596 Si
563 1539 718 1596 faenerator
740 1542 885 1598 inciuilitar
908 1541 1086 1598 custodiendo
1110 1542 1241 1598 athletam
1265 1548 1294 1599 et
1314 1560 1332 1599 a
1349 1546 1542 1602 certaminibus
1560 1562 1621 1618 pro-

169 1629 299 1686 bibendo
328 1644 427 1684 cauere
454 1629 616 1700 compulerit
641 1630 713 1684 ultra
739 1631 919 1700 quantitatem
947 1629 1056 1686 debitae
1080 1631 1225 1702 pecuniae,
1253 1631 1296 1686 bis
1319 1632 1441 1703 probatis
1463 1641 1622 1706 competens
1642 1649 1670 1692 uo

136 1725 150 1768 a
168 1719 259 1776 iudex
279 1734 340 1774 rem
358 1733 425 1774 suae
444 1718 575 1790 aequitati
593 1718 850 1774 reebtuidecernat.
878 1717 908 1774 Si
920 1719 990 1790 quis,
1008 1719 1082 1789 quod
1094 1717 1252 1775 aduersum
1264 1735 1319 1776 non
1332 1720 1459 1791 debebat,
1477 1723 1622 1793 delegante

170 1823 205 1862 eo
226 1823 281 1877 per
298 1808 366 1876 uim,
385 1807 554 1878 apparitione
572 1806 705 1876 praesidia
723 1807 931 1878 interueniente,
950 1809 1009 1864 sine
1022 1807 1131 1862 notione
1144 1807 1250 1878 iudicis,
1269 1815 1381 1864 coactus
1393 1815 1435 1864 est
1446 1811 1520 1882 dare,
1538 1812 1622 1868 iudex

170 1896 327 1952 inciuilitcr
350 1899 459 1950 extorta
480 1896 588 1952 restitui
610 1895 646 1952 ab
669 1911 716 1966 eo,
740 1897 787 1966 qui
811 1899 866 1952 rei¹
886 1897 1017 1952 damnum
1041 1897 1220 1967 praestiterit,
1245 1895 1346 1954 iubeat
1382 1898 1457 1967 qnod
1479 1899 1503 1954 si
1521 1899 1621 1955 debitis

171 1983 317 2040 satisfecit
339 1983 456 2054 simplici
479 1984 597 2040 iussione
622 1989 651 2039 et
674 2000 729 2040 nou
754 1985 910 2056 cognitione
934 1985 944 2056 ΙΙ
970 1984 1076 2054 habita,
1101 1985 1227 2054 quamuis
1250 2000 1305 2040 nou
1328 1991 1407 2041 extra
1429 1987 1551 2043 ordinem
1575 2004 1621 2044 ex·
1638 1999 1695 2047 174

172 2073 320 2128 actionem
343 2070 416 2142 deri,
440 2071 491 2128 sed
514 2072 630 2128 ciuiliter
647 2073 782 2144 oportuit,
806 2079 899 2130 tamen
917 2089 987 2143 quae
1005 2073 1134 2130 solutioni
1152 2074 1305 2130 debitarum
1324 2073 1360 2130 ab
1378 2090 1411 2130 co
1429 2076 1622 2146 quantitatium
1640 2091 1668 2132 ao

172 2161 365 2232 profecerunt,
383 2175 513 2218 reuocare
530 2161 639 2218 inciuile
657 2167 708 2218 est

634 2450 672 2528 lt
711 2447 775 2527 DE
803 2315 931 2530 Doffll
959 2449 1091 2528 ululo
1132 2449 1170 2528 lt
1636 2472 1716 2528 uss

138 2611 153 2669 1
229 2607 386 2664 Unerauus
410 2605 478 2662 libro
501 2605 647 2662 undecimo
664 2606 701 2662 ad
719 2606 848 2662 edictum.
884 2607 944 2663 Hoc
962 2605 1052 2664 edicto
1069 2611 1179 2678 praetor
1196 2605 1330 2664 aduersus
1347 2607 1439 2664 uarios
1457 2611 1485 2664 et
1502 2607 1619 2678 dolosos,
1637 2615 1666 2670 Ε

174 2698 223 2767 qni
243 2697 308 2753 aliis
325 2695 464 2752 eliserunt
481 2695 629 2752 calliditate
647 2695 775 2766 quadam,
793 2694 930 2766 subuenit,
949 2711 984 2752 ne
1001 2695 1047 2752 uel
1064 2697 1116 2752 illis
1135 2695 1238 2752 malitis
1256 2712 1307 2752 sua
1323 2697 1361 2752 sit
1377 2696 1485 2752 lucrosa
1502 2697 1547 2754 uei
1558 2697 1619 2752 istis
1637 2709 1666 2752 aa

143 2791 154 2836 1
176 2787 344 2857 simplicitas
362 2783 503 2840 damnosa
538 2784 630 2840 Uerbe
647 2791 739 2841 auum
758 2784 841 2840 edicti
857 2785 924 2840 talia
941 2790 1018 2840 suut:
1037 2783 1121 2852 'Quae
1139 2785 1202 2843 dolo
1219 2786 1291 2840 malo
1309 2783 1383 2840 iacta
1401 2800 1462 2840 esse
1482 2781 1618 2870 [ciffi

176 2874 325 2943 dicentur,
344 2873 368 2928 si
385 2872 420 2928 de
439 2871 482 2928 bis
499 2873 582 2930 rebus
600 2875 654 2930 alin
672 2875 743 2930 actio
761 2889 816 2930 uon
834 2873 886 2929 erit
903 2878 932 2929 et
949 2875 1023 2930 iusta
1039 2889 1124 2930 causa
1141 2889 1203 2929 esse
1221 2873 1366 2944 uidebitur,
1385 2861 1620 2931 iudicium—diuo?

143 2970 157 3014 1
177 2963 282 3018 Dolum
302 2961 404 3017 malum
422 2961 535 3016 Seruius
553 2963 663 3032 quidem
681 2963 721 3018 ita
732 2961 837 3018 definiit
848 2961 1075 3018 machinationem
1088 2963 1226 3032 quandam
1238 2963 1350 3018 alterirm
1361 2963 1515 3034 decipiendi
1527 2963 1618 3035 causa

175 3067 240 3107 cum
261 3050 339 3106 aliud
356 3050 500 3106 simulatur
518 3059 547 3105 et
564 3051 639 3123 aliud
657 3053 755 3122 agitur.
783 3050 877 3107 Labeo
896 3057 987 3106 autem
1005 3067 1088 3122 posse
1106 3057 1135 3106 et
1147 3051 1205 3106 sine
1217 3051 1391 3106 simulatione
1402 3052 1431 3107 id
1443 3053 1497 3122 agi,
1515 3057 1547 3107 ut
1558 3053 1619 3122 quis

177 3138 426 3196 circumueuiatur:
450 3153 532 3208 posse
551 3145 580 3194 et
596 3141 655 3195 siue
674 3141 737 3196 dolo
755 3140 827 3196 malo
845 3139 919 3196 aliud
936 3140 995 3210 agi,
1020 3139 1094 3195 uliud
1111 3139 1246 3208 simulari,
1270 3139 1352 3194 sicuti
1368 3137 1484 3210 iaciunt,
1506 3145 1553 3211 qui
1570 3155 1620 3210 per
1637 3151 1666 3192 cc

176 3227 316 3304 eiusmodi
339 3227 583 3282 commuttionem
603 3228 760 3284 deseruiaut
778 3233 806 3284 et
823 3234 935 3284 tuentur
952 3229 996 3284 uel
1014 3245 1065 3284 sua
1082 3227 1127 3284 uel
1145 3227 1247 3282 ebena:
1269 3229 1362 3298 itaque
1380 3229 1439 3298 ipse
1457 3229 1497 3284 sic
1514 3227 1620 3284 definiit

176 3317 272 3374 dolum
299 3317 399 3372 malum
425 3331 487 3370 esse
509 3331 618 3372 omnem
638 3315 813 3372 calliditatem
831 3315 966 3372 fallaciam
986 3316 1212 3372 machinationem
1231 3315 1267 3372 ad
1285 3315 1552 3372 circumueniendum
1569 3315 1618 3372 111-

146 3413 160 3456 a
176 3407 292 3462 lendum
311 3405 503 3475 decipiendum
521 3407 635 3460 alterum
655 3405 813 3461 adhibitam.
841 3405 977 3462 Labeonis
995 3403 1117 3462 definitio
1135 3421 1201 3460 uera
1219 3409 1269 3460 est.
1297 3405 1359 3460 Non
1376 3403 1429 3460 tuit
1446 3409 1537 3458 autem
1555 3419 1618 3461 ccu-

177 3500 273 3550 tentus
297 3499 409 3564 praetor
431 3494 523 3549 dolum
548 3494 652 3563 dicere,
678 3494 728 3550 sed
751 3495 852 3550 adiecit
874 3494 988 3563 malum,
1013 3495 1142 3564 quoniam
1164 3499 1273 3550 ueteres
1296 3493 1387 3548 dolum
1410 3491 1618 3548 odam-bonnm

178 3583 310 3640 dicebant
334 3589 363 3638 et
385 3598 436 3653 pro
459 3582 579 3638 sollertia
602 3580 654 3637 boc
671 3597 771 3637 nomen
789 3582 972 3653 accipiebant,
997 3583 1115 3638 maxime
1133 3583 1158 3637 si
1175 3581 1308 3638 aduersus
1326 3582 1432 3638 bustam
1450 3581 1619 3637 latronemue
1637 3592 1666 3636 ao

146 3674 239 3742 louis
264 3671 443 3728 machinetur.
480 3669 529 3726 Ait
550 3675 675 3741 praetor:
695 3670 725 3726 'si
750 3670 785 3726 de
807 3669 850 3726 bis
872 3671 957 3727 rebus
980 3673 1034 3727 alia
1058 3672 1130 3728 actio
1153 3687 1207 3728 nou
1231 3667 1300 3726 erit’
1327 3670 1423 3726 merito
1446 3675 1556 3740 praetor
1578 3669 1619 3724 ita

180 3761 294 3816 demum
313 3759 385 3815 hauc
404 3759 539 3815 actionem
557 3759 708 3829 pollicetur,
726 3758 750 3814 si
768 3759 823 3814 alia
840 3775 895 3815 non
913 3760 956 3830 sit,
975 3761 1103 3830 quoniam
1121 3757 1228 3816 famosa
1246 3758 1317 3814 actio
1334 3773 1390 3814 non
1407 3763 1510 3814 temere
1524 3757 1620 3814 debuit

178 3866 196 3906 a
213 3855 344 3920 praetore
362 3848 480 3916 decemi‚
499 3848 523 3903 si
540 3848 577 3904 sit
595 3847 684 3902 ciuilis
701 3847 746 3904 uel
757 3847 909 3917 honoraria,
927 3849 1222 3918 quapossitexperiri:
1239 3846 1417 3917 usqueadeo,
1436 3852 1467 3903 ut
1478 3852 1507 3902 et
1518 3847 1619 3902 Pedius

180 3937 249 3994 libro
275 3943 375 3994 ccmno
400 3935 508 4006 scribit,
530 3936 612 3992 etiam
631 3935 655 3990 si
672 3935 845 3992 interdictum
864 3935 901 3992 sit
917 3951 972 4006 quo
990 3937 1051 4007 quis
1069 3937 1200 4008 experiri,
1223 3936 1267 3992 uel
1286 3936 1410 4007 exceptio
1428 3951 1484 4006 qua
1500 3950 1530 3991 se
1547 3935 1619 3991 tueri

93 4051 98 4060 '
178 4033 361 4106 FlPtVLUd

180 4167 255 4222 ²eii
327 4166 339 4202 ²
357 4170 401 4221 est
417 4165 548 4221 momenti
564 4166 643 4220 Ponti
661 4165 721 4220 libn·

181 4292 195 4345 l
209 4287 435 4359 acceptilationis]
450 4287 598 4352 F'Ptlil‘,
613 4289 821 4358 acceptilatione
834 4289 871 4343 F¹
925 4286 980 4346 bsh
993 4301 1026 4346 eo
1043 4289 1071 4342 F
1079 4289 1084 4356 Ι
1100 4289 1284 4357 quantitatum
1295 4287 1373 4342 Pto
1406 4288 1439 4342 21
1459 4287 1583 4344 reuocan'
1594 4287 1622 4344 P

179 4361 225 4426 P·‚
245 4359 447 4428 acceptilationi
463 4357 497 4413 U‘
531 4359 724 4414 4succuritF
753 4359 872 4416 onctic·
926 4361 962 4416 36
979 4359 1158 4429 simplicitas⁴
1176 4360 1214 4416 Ρ
1261 4360 1295 4414 27
1315 4358 1351 4413 de
1368 4359 1471 4414 om.P⁴
1514 4359 1549 4414 28
1567 4356 1618 4414 dil-

179 4447 228 4486 ues
239 4431 284 4497 ΡΙ
300 4430 439 4500 elegerim]
451 4428 519 4494 flu,
538 4431 647 4500 elegero
660 4432 746 4496 PVL,
764 4432 872 4501 elegere
925 4429 995 4486 finiit
1017 4435 1048 4486 et
1069 4429 1157 4486 mach.
1176 4432 1217 4486 P·
1269 4431 1304 4486 29
1328 4429 1499 4486 simulatione
1589 4434 1618 4484 et

183 4503 216 4557 U·
270 4503 287 4556 6
310 4501 443 4556 destrusit
465 4502 512 4566 P·,
536 4501 672 4557 destruxit
698 4503 741 4566 Ι),
769 4509 816 4556 iac.
839 4501 873 4556 U·
925 4503 985 4558 sine
1012 4521 1061 4556 om.
1079 4503 1125 4562 1²·
1148 4503 1153 4568 Ι
1177 4501 1214 4570 id]
1243 4501 1279 4557 ad
1306 4503 1342 4555 F·
1400 4503 1436 4556 30
1462 4501 1551 4558 secuti
1577 4501 1619 4558 P·

180 4573 305 4642 tqnmto
316 4571 434 4627 F³PLU
465 4573 667 4642 itpoteritFP·
703 4574 737 4627 10
751 4576 872 4641 potesta
925 4574 960 4628 31
979 4572 1134 4628 huiusmodi
1152 4573 1229 4627 PVL
1250 4575 1254 4640 1
1275 4572 1388 4641 diesim]
1407 4573 1468 4627 sim.
1485 4573 1535 4627 PL
1550 4573 1555 4638 1
1572 4571 1617 4626 de·

180 4643 250 4700 te'm’
263 4646 290 4698 F
330 4645 362 4698 11
380 4644 555 4714 predationes
569 4643 605 4698 l⁷
652 4644 685 4698 12
703 4643 728 4698 si
745 4645 870 4712 om.P·i
925 4643 1003 4714 finiit]
1018 4645 1087 4706 F1P,
1105 4641 1202 4698 delinit
1212 4643 1283 4708 F³U,
1302 4642 1419 4698 difiniuit
1430 4643 1463 4708 L,
1482 4641 1581 4698 diffinit
1594 4642 1622 4698 V

181 4715 375 4784 cognationem
388 4715 435 4779 P·,
447 4715 602 4784 cognitione
615 4714 712 4768 iudicis
724 4714 750 4769 U
762 4717 767 4782 Ι
783 4714 873 4769 uictus
925 4713 1101 4770 attalicum
1110 4715 1148 4768 F¹
1158 4717 1215 4781 (aa.
1223 4715 1280 4782 li),
1292 4713 1433 4770 talaucium
1441 4714 1481 4768 P·
1496 4714 1501 4781 1
1516 4713 1618 4770 machi·

181 4785 231 4840 iret
245 4785 347 4850 PtVL,
365 4786 487 4842 uinctum
506 4786 577 4840 scire
591 4785 650 4840 P·?
695 4785 872 4855 taradros
926 4785 1072 4854 nationem]
1093 4787 1121 4840 m
1139 4787 1277 4842 sadonem
1297 4787 1338 4840 P·
1390 4786 1426 4839 35
1444 4789 1472 4840 et
1490 4800 1539 4854 pro
1557 4784 1617 4840 soll.

181 4857 228 4923 1²¹,
249 4858 290 4912 rei
312 4855 382 4911 P‘U
434 4858 468 4912 14
490 4855 651 4912 atb'c'letam
675 4857 702 4910 F
750 4857 784 4911 16
806 4855 869 4924 ιιοιι]
924 4855 951 4912 b.
965 4875 991 4912 n.
1005 4857 1177 4926 accipiebant
1194 4875 1243 4912 om.
1255 4857 1296 4911 P·
1340 4855 1375 4912 36
1392 4860 1452 4910 erat
1462 4857 1503 4910 P·
1546 4855 1618 4910 38si

181 4933 209 4982 te
226 4944 282 4984 uon
298 4928 339 4982 P·
393 4929 425 4983 li
450 4927 593 4984 notatione
611 4928 651 4982 P·
706 4928 740 4982 18
757 4927 871 4997 praesti-
925 4928 969 4998 sit]
989 4927 1042 4984 nisi
1059 4929 1096 4984 sit
1112 4928 1189 4982 Pur
1233 4928 1268 4982 39
1285 4926 1394 4997 octauo]
1412 4935 1458 4992 cic,
1475 4944 1526 4981 noo
1543 4929 1617 4982 octa·

181 4999 264 5054 titl'·
301 4999 335 5054 19
350 4999 520 5056 exactionem
533 4999 630 5054 me·
665 4999 801 5069 idquae
813 4999 870 5062 F’t
924 5014 977 5056 ueo
995 5001 1036 5068 Fi
1051 4997 1154 5056 scribat
1172 4998 1251 5054 Tour.
