3782 5544
165 301 234 348 nnn
256 298 394 349 cornus
844 272 934 355 489
1088 369 1091 378 ³
1335 279 1424 347 XVII
1448 283 1461 346 i
1486 287 1601 344 ti-eo

164 439 288 494 damnari
306 437 398 509 debeo,
416 453 499 508 quarn
517 437 540 492 si
559 437 683 492 aedones
700 443 770 507 tuas,
789 451 858 508 quas
877 437 1010 493 aduersus
1028 435 1130 492 Titium
1148 435 1242 506 habes,
1261 436 1327 492 milri
1344 438 1520 508 praestiteris.
1552 437 1602 494 sed

164 529 191 585 si
208 545 271 584 enm
283 527 358 584 litio
376 527 475 598 egeria,
494 541 547 596 ego
565 525 676 596 quidem
694 541 752 582 non
768 524 912 598 liberabor,
930 525 980 582 aad
997 526 1026 582 in
1044 525 1072 582 id
1088 525 1233 582 dumtaxat
1244 525 1294 582 tibi
1306 525 1444 598 obligatus
1455 541 1511 599 ero,
1529 527 1602 598 qaod

165 635 185 674 a
200 619 276 674 litio
293 631 404 674 seruare
422 631 476 672 nou
493 616 624 686 potueris.

102 703 145 762 28
219 707 371 764 Unrmaue
388 704 458 761 lrbro
475 709 573 774 quarto
592 703 698 760 decimo
716 702 752 759 ad
771 703 900 759 edietum.
927 703 1092 774 Papinianus
1110 703 1179 760 libre
1197 704 1278 760 tertio
1293 705 1429 775 quaestio
1448 700 1602 789 [ιιι-,Ψ
1621 713 1663 770 Ἐ

164 813 232 852 num
256 795 294 852 ait
318 795 506 851 mandatorem
530 792 661 848 debitoris
680 792 831 849 soluentem
849 793 911 863 ipso
928 793 987 848 iure
1003 806 1080 848 reum
1099 809 1154 849 non
1171 792 1287 848 liberare
1305 796 1426 864 (propter
1445 794 1633 851 mandaturus

165 887 240 941 enirn
264 901 344 941 auum
368 883 451 940 soluit
472 887 502 938 et
523 897 574 938 eno
597 881 718 949 nomine)
741 881 858 952 ideoque
882 881 1036 938 mandatori
1059 883 1181 939 cotionee
1198 885 1279 954 putat
1297 882 1430 938 aduersus
1447 897 1523 938 reum
1542 883 1603 940 cedi

164 973 275 1029 debere.

102 1057 143 1116 29
220 1062 298 1117 ineu
321 1060 389 1116 lrbro
413 1059 531 1130 septimo
554 1059 778 1130 disputationum.
814 1057 844 1114 Si
862 1057 1008 1114 fideiussor
1025 1063 1189 1130 conuentus,
1212 1075 1273 1115 cnm
1292 1061 1431 1130 ignoraret
1448 1055 1603 1144 [W
1634 1069 1656 1126 s

164 1165 221 1206 non
240 1148 326 1206 iubae
343 1147 461 1205 debitori
478 1152 647 1204 numeratam
666 1149 819 1218 pecuniam,
838 1149 951 1203 uoluerit
968 1163 1003 1204 ex
1017 1162 1102 1204 cause
1113 1146 1305 1218 ildeluseionis,
1323 1163 1358 1203 an
1371 1149 1492 1204 mandati
1502 1151 1602 1207 iudicio

164 1239 294 1308 persequi
311 1239 400 1308 poerit
417 1238 445 1293 id
463 1236 538 1308 qnod
555 1237 676 1306 soluerit,
694 1237 841 1306 quaeritur.
870 1241 899 1292 et
915 1237 939 1291 ei
956 1237 1067 1307 quidem
1086 1237 1177 1292 sciens
1190 1239 1405 1308 praetermiserit
1415 1241 1602 1310 exceptionem
1621 1253 1649 1294 ro

165 1328 212 1382 uel
231 1327 286 1383 doli
304 1328 350 1382 uei
368 1343 423 1382 non
441 1331 599 1382 numeratae
617 1326 758 1396 pecuniae,
777 1325 886 1380 uidetur
904 1325 967 1382 dolo
978 1327 1082 1381 uersari
1094 1326 1239 1392 (dissoluta
1250 1327 1322 1382 enim
1335 1327 1508 1397 neglegentia
1519 1343 1603 1400 prope

165 1417 260 1472 dolum
281 1420 348 1482 eati:
372 1415 420 1472 ubi
438 1431 504 1472 uero
522 1415 674 1485 ignorauit,
697 1414 764 1470 nihil
782 1414 909 1483 estquod
927 1415 952 1469 ei
971 1415 1128 1484 imputetur.
1162 1415 1221 1484 pari
1238 1415 1343 1470 ratione
1362 1416 1431 1470 etei
1449 1417 1540 1487 alique
1557 1432 1603 1474 ex·

165 1507 259 1576 raptio
276 1503 393 1561 debitori
411 1503 593 1574 competebat,
611 1503 685 1574 pacti
704 1502 774 1559 forte
792 1505 920 1558 conuenti
938 1503 983 1559 uel
1001 1503 1080 1558 cuius
1099 1503 1210 1558 alteriue
1228 1504 1275 1574 rei,
1295 1509 1323 1558 et
1340 1504 1452 1573 ignarue
1469 1504 1540 1560 hanc
1557 1519 1603 1562 ex·

112 1646 119 1658 ‚
165 1595 320 1664 ceptionem
346 1609 401 1650 non
419 1591 572 1662 exercebit,
597 1591 651 1646 diei
669 1597 777 1662 oportet
795 1592 914 1648 mandeti
932 1593 1112 1648 eiectionem
1131 1597 1299 1662 competere:
1323 1594 1413 1662 potuit
1430 1593 1502 1648 enirn
1521 1598 1603 1664 etque

166 1682 264 1738 debuit
286 1698 349 1738 reus
371 1681 548 1753 promittendi
572 1682 719 1736 certiorare
741 1679 930 1736 fideiussorem
948 1695 1042 1751 auum,
1064 1697 1100 1736 ne
1118 1679 1188 1737 iorte
1206 1681 1318 1750 ignarus
1337 1681 1427 1736 soluat
1443 1682 1602 1740 indebitum.
1622 1695 1650 1738 rs

129 1780 141 1823 r
165 1772 229 1827 Non
247 1773 319 1828 male
336 1769 507 1840 tractabitur,
526 1771 557 1840 si,
576 1785 639 1825 curn
657 1771 796 1840 ignoraret
813 1768 957 1826 fideiussor
975 1770 1106 1826 inutiliter
1121 1783 1152 1824 ae
1164 1768 1324 1840 obligatum,
1341 1769 1462 1841 poluerit,
1481 1787 1517 1826 an
1529 1787 1603 1828 man-

166 1859 225 1914 dati
244 1859 379 1915 actionem
398 1858 508 1914 babeat.
536 1864 565 1914 et
582 1859 606 1913 ai
625 1859 734 1929 quidem
754 1857 856 1914 iactum
875 1859 1021 1928 ignorauit,
1040 1857 1124 1928 recipi
1142 1859 1297 1928 ignorantia
1314 1859 1372 1914 eiua
1384 1863 1484 1929 potest,
1503 1859 1526 1915 ei
1538 1875 1604 1916 uero

128 1957 144 2001 ι
166 1948 218 2018 ius,
237 1947 311 2002 eliud
329 1947 383 2002 diei
401 1946 492 2002 debet.
521 1945 558 2016 Si,
578 1961 640 2002 cum
659 1947 766 2003 debitor
783 1947 919 2017 soluiaset,
938 1949 1051 2018 ignarus
1069 1945 1216 2004 fideiussor
1231 1947 1351 2017 uoluerit,
1369 1952 1436 2017 puto
1454 1963 1516 2004 eum
1528 1963 1604 2004 ruan-

166 2036 225 2090 dati
243 2034 344 2091 habere
363 2036 514 2090 actionem:
538 2035 735 2105 ignoscendum
754 2040 797 2090 eat
815 2037 886 2092 enim
906 2037 945 2106 ei,
969 2037 993 2092 ei
1011 2053 1066 2092 non
1084 2035 1219 2092 diuinenit
1236 2036 1387 2092 debitorem
1406 2037 1535 2092 nolnieee:
1558 2036 1605 2093 de·

166 2124 239 2180 bitor
262 2125 334 2180 enim
357 2123 453 2179 debuit
476 2128 571 2179 notum
594 2123 685 2179 iacere
707 2123 860 2180 fideiussori
884 2125 939 2180 iarn
962 2125 1143 2195 teselniam,
1167 2140 1203 2180 ne
1221 2124 1290 2190 torte
1308 2125 1427 2181 creditor
1444 2125 1559 2196 obrepet
1576 2131 1605 2182 et
1623 2138 1651 2180 ro

129 2223 144 2265 e
167 2213 349 2283 ignomntiam
367 2213 427 2268 eiua
445 2211 642 2267 circumnenlat
658 2217 686 2267 et
698 2213 820 2268 excutiet
832 2213 857 2268 ei
870 2229 1013 2283 summam,
1032 2216 1060 2271 in
1072 2229 1154 2284 quem
1167 2212 1311 2269 fideiueait
1336 2214 1397 2269 Hoc
1408 2213 1481 2270 idem
1493 2215 1605 2270 tractari

166 2306 195 2357 et
212 2301 242 2358 in
260 2300 420 2356 fideiussore
438 2307 537 2371 potest,
556 2301 588 2370 si,
607 2316 669 2356 oum
688 2301 823 2372 noluisset,
842 2318 896 2358 uon
911 2305 1068 2360 certiorauit
1079 2319 1164 2374 reum,
1182 2303 1223 2358 sic
1235 2301 1334 2358 deinde
1351 2317 1414 2358 reue
1431 2303 1513 2359 soluit
1529 2302 1605 2372 quod

167 2391 274 2447 soluere
292 2405 355 2445 eum
373 2405 429 2446 non
446 2389 600 2460 oportebat
634 2394 662 2444 et
680 2389 776 2460 credo,
798 2391 835 2460 si,
858 2405 920 2446 cum
939 2396 1034 2462 peseet
1051 2407 1112 2448 eum
1132 2391 1292 2461 certiorare,
1310 2405 1365 2447 uon
1382 2390 1460 2462 iecit,
1479 2397 1604 2462 oportere

167 2479 291 2534 mandeti
314 2483 441 2548 egentem
463 2477 653 2534 ildeiuesorem
677 2479 788 2548 repelli:
811 2479 874 2536 dolo
897 2481 969 2536 enim
992 2482 1147 2551 proximum
1165 2485 1222 2550 eet,
1246 2481 1270 2534 si
1287 2485 1352 2550 post
1368 2481 1531 2536 solutionem
1549 2497 1605 2536 uon
1675 2504 1682 2525 ·

166 2568 335 2624 nuntiauerit
353 2567 483 2623 debitori:
507 2567 606 2622 cedere
624 2571 715 2622 antem
734 2583 798 2624 reus
815 2567 930 2625 indebiti
948 2571 1055 2626 untione
1073 2567 1226 2626 iideiuseori
1244 2566 1340 2638 debet,
1364 2583 1398 2624 ne
1416 2569 1528 2640 duplum
1547 2583 1604 2624 cre
1623 2581 1652 2622 aa

129 2666 146 2711 4
166 2657 239 2712 ditor
256 2663 447 2727 consequetur.
475 2655 616 2722 Quaedam
635 2661 729 2712 tamen
747 2657 799 2713 etei
818 2657 908 2713 sciens
925 2659 1034 2715 omittat
1051 2655 1208 2728 fideiussor,
1228 2663 1303 2713 caret
1319 2656 1428 2728 fraude,
1447 2661 1479 2713 ut
1495 2657 1604 2728 putaui

166 2748 356 2816 exceptionem
374 2747 590 2817 procuratorium
610 2747 702 2802 omitit
719 2746 778 2802 siue
797 2748 887 2803 aciens
904 2749 964 2803 eine
981 2748 1107 2817 ignarus:
1131 2747 1166 2802 de
1183 2746 1257 2803 bona
1272 2745 1327 2802 ilde
1345 2748 1418 2802 eulrn
1435 2747 1538 2817 agitur,
1559 2746 1605 2802 oui

130 2844 145 2890 a
166 2852 222 2893 non
245 2837 372 2907 congruit
395 2836 430 2922 de
454 2837 577 2908 apicibus
602 2837 669 2892 iuris
687 2837 841 2908 disputare,
864 2837 915 2892 sed
933 2837 968 2893 de
987 2837 1039 2893 lroc
1057 2841 1178 2907 tentum,
1203 2836 1309 2892 debitur
1326 2833 1409 2891 fuerit
1424 2851 1476 2890 uec
1493 2850 1537 2890 ne.
1572 2835 1605 2890 In

166 2925 294 2982 omnibns
312 2931 404 2982 autem
424 2925 584 2995 niaionibue,
603 2941 674 2995 quae
692 2927 864 2996 praepositae
877 2931 947 2996 aaut,
962 2925 1013 2990 ¹nbi
1026 2926 1143 2982 creditor
1156 2925 1200 2981 nal
1213 2941 1267 2982 non
1280 2929 1449 2981 numeratam
1460 2924 1604 2994 pecuniam

166 3015 269 3086 accipit
285 3016 331 3071 uel
348 3021 519 3070 numeratam
537 3015 635 3070 iterum
654 3014 768 3084 accepit,
787 3015 914 3084 repetitio
928 3019 1023 3070 contre
1034 3029 1097 3070 enm
1110 3015 1248 3085 competit,
1267 3013 1366 3068 nisiex
1378 3003 1605 3068 condemnatione
1624 3025 1653 3067 ao

167 3102 250 3160 iirerit
267 3105 293 3159 ei
311 3103 428 3175 pecunie
446 3105 548 3159 solnta:
567 3108 633 3158 tunc
651 3104 723 3158 enim
741 3108 853 3173 propter
871 3105 1062 3158 anctoritatem
1080 3104 1120 3158 rei
1137 3104 1274 3158 iudicatae
1286 3102 1412 3173 repetitio
1422 3101 1534 3171 quidem
1547 3115 1604 3156 ces-

132 3200 147 3246 6
166 3196 224 3262 eat,
248 3193 308 3263 ipae
330 3197 424 3248 eutem
442 3193 613 3249 stellionatus
632 3191 643 3263 Ι
662 3192 773 3247 crimine
790 3197 902 3264 propter
919 3205 997 3247 suam
1016 3192 1190 3248 calliditatem
1209 3193 1352 3262 plectatur.
1387 3189 1558 3260 Fideiussor,
1581 3188 1606 3244 sl
1622 3199 1703 3248 tuiti

166 3282 242 3337 solua
260 3287 384 3352 ternpore
400 3281 533 3336 liberatus
551 3286 644 3336 tamen
662 3281 774 3337 soluerit
791 3280 933 3351 creditori,
957 3284 1031 3336 recte
1049 3281 1172 3336 mandeti
1189 3279 1302 3336 habebit
1319 3280 1454 3336 aeduum
1473 3278 1605 3334 aduersue

167 3385 258 3424 reum:
283 3385 449 3441 quamquem
473 3371 546 3425 enim
570 3371 624 3425 iam
641 3369 773 3425 liberatus
791 3370 881 3439 soluit,
898 3373 992 3424 tamen
1009 3367 1091 3424 iidem
1109 3369 1233 3439 impleuit
1250 3374 1279 3424 et
1296 3367 1447 3424 debitorem
1464 3365 1605 3422 liberauit:

167 3459 192 3514 si
209 3459 293 3528 igitur
309 3463 422 3529 paratus
441 3459 477 3514 ait
494 3457 641 3514 defendere
659 3475 736 3514 reum
755 3459 889 3514 eduereua
907 3458 1078 3528 creditorem,
1096 3458 1290 3528 aequissimum
1310 3461 1354 3513 est
1371 3457 1493 3512 mandati
1506 3455 1605 3512 iudicia
1624 3468 1653 3510 es

166 3561 230 3602 eum
249 3548 323 3616 quod
341 3548 423 3602 soluit
440 3548 601 3616 reciperare.
629 3553 658 3604 et
675 3549 714 3604 ite
731 3549 836 3603 Iuliano
854 3546 970 3602 uidetur.

107 3633 149 3690 30
219 3636 362 3692 lenterius
383 3635 451 3692 libro
469 3637 551 3692 tertio
569 3637 675 3692 decimo
694 3637 872 3707 digestorum.
908 3634 938 3691 Si
955 3635 1092 3691 bominem
1110 3634 1161 3692 tibi
1178 3634 1294 3706 dedero,
1317 3640 1349 3689 ut
1366 3649 1428 3690 euru
1461 3625 1605 3704 Πῐζῖο
1638 3641 1660 3698 s

167 3725 388 3794 manumitteret,
410 3729 439 3780 et
455 3731 554 3796 postea
571 3730 731 3795 procurator
748 3741 826 3780 meus
843 3723 1026 3796 prohibuerit,
1044 3739 1079 3780 ne
1097 3725 1310 3794 manumitteret,
1329 3740 1365 3779 an
1383 3723 1504 3779 mandeti
1522 3737 1605 3793 agere

166 3813 279 3884 poesim,
297 3813 321 3868 si
338 3818 370 3868 tu
388 3829 450 3868 eum
469 3813 679 3869 manumiseria?
705 3813 842 3885 respondi,
861 3813 885 3868 si
902 3818 1062 3884 procurator
1073 3813 1173 3870 iustam
1186 3827 1297 3870 ceumm
1310 3810 1406 3868 habuit
1416 3811 1605 3883 interpellandi

167 3902 409 3958 manumissionem
428 3902 510 3971 serui,
528 3917 610 3972 quem
629 3902 656 3956 in
668 3900 721 3957 hoe
733 3903 819 3958 solum
833 3917 1001 3974 acceperam,
1019 3907 1052 3958 ut
1063 3903 1292 3973 manumitterem,
1310 3901 1396 3957 ueluti
1407 3901 1431 3956 si
1443 3901 1607 3972 compererit
1623 3913 1653 3954 so

169 4016 195 4069 F
207 4017 281 4086 (m.2
298 4018 394 4090 deficit)
410 4017 521 4086 P(VU)

168 4203 184 4257 1
203 4201 301 4272 debeo]
321 4202 383 4267 PU,
402 4202 455 4257 deo
473 4203 506 4257 F:
530 4201 578 4274 οῨχ
600 4203 699 4274 ἐτιρωι
724 4204 859 4259 narraui-
913 4209 957 4260 set
974 4202 1012 4256 F*
1065 4202 1224 4258 rehabere
1248 4202 1382 4258 actionem
1406 4201 1528 4258 mandati
1549 4203 1577 4257 P
1599 4200 1604 4261 l

168 4291 241 4326 zoaar
256 4275 305 4357 lia
315 4272 383 4359 ⁸(rra.)
398 4273 652 4360 [maffifflaffiffi
670 4275 703 4329 F:
723 4276 745 4330 εἰ
763 4274 859 4364 adsere:
913 4274 1057 4360 diuiuauit]
1080 4274 1195 4337 ili-PU,
1222 4273 1367 4328 dublnaui't
1393 4275 1456 4360 iim.
1507 4275 1540 4328 21
1569 4270 1605 4379 eil

167 4347 861 4487 {illitatiiiiiii‘titileia
913 4361 953 4472 ἐξ
961 4345 1167 4472 iiiitiiii
1173 4345 1217 4484 1²3,
1232 4344 1593 4472 {dilituitii‘ll
1596 4420 1601 4479 r

167 4485 563 4562 BS(na.):efD.46,1,1³
616 4487 794 4559 bdebitoris]
814 4489 860 4543 de·
913 4487 1064 4543 indeuitiF
1102 4489 1137 4543 26
1150 4488 1211 4557 etei]
1225 4493 1256 4543 ut
1267 4489 1291 4543 si
1300 4489 1336 4542 F·
1380 4487 1605 4558 28apitibusP·,

49 4565 61 4591 ·
168 4558 285 4614 bitorem
296 4560 342 4625 P0,
353 4579 401 4613 am.
411 4559 446 4612 V·
461 4561 466 4626 Ι
481 4558 569 4628 reum]
579 4575 668 4614 rernm
681 4559 719 4612 P·
751 4561 860 4616 dectio-
913 4559 1049 4630 capitibus
1062 4559 1098 4612 V·
1113 4560 1118 4626 1
1133 4559 1490 4628 tantum]tantumsiPVU
1521 4558 1604 4614 aedi-

167 4631 249 4686 nibus
268 4631 309 4684 Ρ·
323 4634 327 4697 l
343 4646 434 4686 rerum
451 4631 499 4695 P0,
518 4646 581 4686 eum
603 4631 637 4685 U‘
690 4633 706 4685 i
725 4631 808 4686 debet
821 4632 861 4685 P·
914 4629 1065 4686 uisionibua
1074 4631 1195 4704 sPVU‘,
1220 4641 1267 4686 ine.
1284 4631 1318 4685 U·
1339 4633 1343 4696 Ι
1364 4632 1521 4702 praeponite
1544 4630 1606 4684 PU·

167 4701 279 4770 bidem]
293 4702 419 4772 ulpianus
433 4703 475 4768 ΡΙ
491 4701 741 4771 dispositionumP
773 4705 808 4758 12
821 4703 860 4758 ni·
913 4701 1603 4776 (ch.22,3,25,3),popositaelipropoaituesisti

167 4773 205 4828 hii
223 4773 276 4843 eet]
295 4773 380 4836 Puri,
399 4773 464 4828 nihil
477 4775 517 4842 Fi
533 4774 607 4844 quod
623 4789 686 4829 eum
697 4779 808 4846 putetur
820 4775 861 4829 P·
913 4772 987 4842 sunt]
1000 4773 1085 4838 PVU,
1104 4774 1191 4828 aintF
1228 4775 1263 4828 30
1282 4774 1390 4843 accipit]
1409 4773 1608 4843 acecpitPVU

168 4847 203 4901 14
222 4843 371 4914 exercebit]
390 4851 520 4899 tinellam
542 4846 861 4916 [israelitaruman
913 4847 948 4900 32
961 4844 1146 4913 calliditatem]
1179 4843 1237 4909 PU,
1250 4845 1396 4900 callitutem
1411 4847 1438 4898 F
1470 4845 1593 4900 34reurn

168 4917 415 5002 afferunturlatiae
431 4917 436 4981 Ι
451 4915 573 4971 mandati
584 4917 762 4986 eiectionem]
774 4916 860 4981 PVU,
913 4931 1002 4971 rernm
1022 4915 1080 4970 P·i
1133 4917 1151 4970 3
1191 4916 1278 4986 reum]
1301 4931 1392 4971 rerum
1410 4912 1449 4970 P⁶
1469 4917 1473 4983 Ι
1494 4915 1594 4970 iudicio

167 5003 194 5042 er
213 4987 336 5042 mandati
354 4987 379 5042 ei
397 4987 532 5042 actionem
548 4989 579 5053 F,
597 4988 623 5043 ei
640 4988 762 5043 mandati
776 4988 860 5044 actic-
903 4985 1125 5058 sPU,iudioiolo
1138 4987 1165 5040 F
1199 4985 1505 5056 38prohi'do'bueritF
1533 4987 1568 5041 39
1581 5001 1605 5041 sr

167 5073 231 5114 nera
240 5063 269 5131 s
316 5059 349 5114 il
368 5059 550 5128 ignorantiam
567 5059 609 5112 P·
663 5060 697 5114 18
721 5057 860 5115 solu'at’ie·
912 5057 988 5115 t'ra'u
1004 5058 1041 5112 ι’*
1056 5060 1062 5129 Ι
1077 5057 1265 5114 manumiserit
1281 5059 1320 5110 F·
