3766 5554
279 267 354 333 XXI
375 269 395 332 2
416 272 532 328 41-4l
954 260 1041 340 626
1407 284 1453 330 nn
1476 281 1718 330 rememoramus

280 429 370 478 antem
390 429 506 490 utroque
525 437 591 476 casu
609 420 784 477 fideiussores
803 423 898 490 teneri,
917 422 1046 490 quoniam
1065 428 1093 476 et
1111 437 1173 476 curn
1189 421 1296 475 debitor
1309 421 1436 475 creditori
1455 417 1511 503 [rie
1521 433 1611 502 thr-,1
1631 430 1720 502 scires

280 527 330 565 suo
353 511 432 564 heres
456 511 604 579 exstiterit,
628 512 697 566 ratio
720 512 855 581 quaedam
881 512 951 564 inter
973 510 1101 564 heredem
1125 515 1154 563 et
1177 511 1354 564 hereditatem
1378 511 1489 579 ponitur
1506 512 1535 564 et
1552 509 1720 577 intellegitur

280 600 366 653 maior
390 598 526 652 hereditas
545 599 581 653 ad
600 599 748 654 debitorem
768 600 919 670 peruenire,
938 600 1017 668 quasi
1036 600 1125 652 soluto
1142 599 1259 668 pecunia
1271 614 1341 668 quac
1354 599 1507 653 debebatur
1518 597 1672 664 hereditati,
1691 601 1721 650 ct

279 703 329 758 per
350 687 402 742 hoc
426 688 515 742 minus
537 688 565 742 in
588 687 668 742 bonis
692 688 799 743 heredis
823 703 898 743 esse:
921 693 950 741 et
973 703 1008 742 ex
1031 687 1166 742 contrarie
1191 703 1253 742 cum
1275 687 1393 742 creditor
1411 687 1526 742 debitori
1545 701 1595 741 suo
1614 685 1721 740 exstitit

279 775 371 844 heres,
396 777 485 830 minue
508 777 537 830 in
560 776 711 830 hereditate
734 777 834 831 babere
853 777 976 844 uidetur,
1000 780 1141 845 tamquam
1160 776 1220 845 ipsa
1238 775 1375 830 hereditas
1394 775 1487 830 heredi
1505 775 1627 830 soluerit.
1660 774 1752 828 siuet

280 880 346 933 ergo
365 865 388 918 is
407 867 454 934 qni
472 865 507 920 de
525 866 661 920 edictione
679 868 746 921 setis
766 871 910 935 acceperat
928 866 1044 934 emptori
1063 866 1107 919 cui
1125 865 1184 934 ipse
1203 865 1373 931 uendiderat,
1392 863 1451 917 siue
1463 867 1571 931 emptor
1582 861 1721 917 uenditori

280 969 330 1007 suo
349 953 427 1008 heres
447 955 590 1023 exstiterit,
610 953 784 1009 fideiussores
803 953 976 1009 tenebuntur.
1004 955 1074 1008 etsi
1093 955 1128 1008 ad
1147 953 1264 1008 eundern
1277 952 1433 1010 conditoris
1451 955 1479 1006 et
1497 951 1627 1020 emptoris
1642 950 1719 1005 here·

280 1041 352 1096 ditas
371 1043 522 1108 recciderit,
541 1044 586 1111 agi
606 1059 668 1097 cum
686 1043 894 1098 fideiussoribus
912 1043 1020 1111 poterit.

222 1130 260 1186 42
333 1132 452 1186 Pronus
470 1131 538 1187 libro
558 1133 784 1201 quinquagesimo
802 1133 883 1186 tertio
902 1132 937 1186 ed
956 1132 1084 1186 edictum.
1112 1126 1141 1185 Si
1153 1145 1290 1200 praegnas
1304 1129 1402 1185 ancilla
1413 1128 1526 1184 uendita
1544 1124 1721 1211 [effi
1742 1130 1779 1184 Ἐ

281 1223 310 1273 et
332 1220 433 1273 tradita
456 1221 504 1290 sit,
529 1222 619 1275 euicto
642 1225 723 1290 partu
744 1220 871 1276 uenditor
889 1236 944 1276 non
961 1225 1054 1291 potest
1072 1220 1107 1275 de
1125 1220 1262 1275 euictione
1279 1219 1432 1288 conueniri,
1455 1218 1520 1287 quia
1538 1223 1635 1288 partus
1653 1235 1721 1273 uen·
1741 1225 1767 1265 ¹0

281 1307 355 1362 ditus
374 1325 428 1362 nou
447 1314 498 1363 est.
1173 1374 1178 1384 Ι
1601 1369 1603 1376 γ

222 1395 261 1452 43
334 1397 476 1450 luctacius
490 1396 558 1452 libro
570 1398 797 1466 quinquagesimo
809 1403 908 1453 octauo
921 1398 1099 1467 digestorum.
1128 1397 1236 1453 Uaccae
1249 1401 1363 1467 emptor,
1383 1391 1576 1478 [Bz,¹⁹·.¹l·-⁴.³.·
1591 1407 1677 1476 lips,
1690 1408 1722 1476 ee
1753 1398 1772 1451 S

281 1485 305 1539 si
322 1486 424 1539 uitulus
443 1487 489 1554 qui
507 1491 571 1555 post
588 1487 754 1555 emptionem
773 1491 854 1541 natus
872 1488 1076 1556 esteuincatnr,
1095 1503 1177 1555 agere
1191 1503 1225 1542 ex
1238 1487 1352 1555 dullplae
1365 1485 1538 1553 stipulatione
1551 1499 1606 1540 non
1618 1489 1721 1553 potest,
1739 1483 1811 1536 leod

280 1574 344 1642 quia
362 1590 412 1628 nec
430 1575 491 1644 ipsa
509 1591 560 1629 nec
578 1591 644 1630 usus
663 1574 768 1630 fructus
787 1575 929 1630 euincitur.
956 1592 1018 1631 nam
1038 1576 1112 1645 quod
1131 1576 1247 1630 dicimus
1266 1576 1381 1630 uitulum
1400 1572 1518 1628 fructum
1534 1588 1596 1628 esse
1608 1587 1721 1642 uaccae,

279 1676 334 1718 nou
352 1662 403 1732 ius,
422 1663 472 1718 sed
490 1679 590 1733 corpus
608 1664 837 1734 demonstremus,
855 1665 936 1719 sicuti
953 1665 1127 1735 praediorum
1145 1663 1282 1719 frumenta
1299 1667 1329 1718 et
1346 1663 1441 1718 uinum
1459 1659 1577 1716 fructum
1592 1667 1668 1716 recte
1680 1661 1722 1716 di·
1742 1669 1767 1710 ¹⁵

279 1750 374 1820 cimus,
394 1767 457 1804 cunr
476 1758 584 1807 constet
602 1753 699 1807 eadem
717 1753 786 1808 haec
804 1769 859 1808 non
877 1759 951 1809 recte
969 1770 1050 1809 usum
1068 1753 1185 1809 fructum
1205 1752 1344 1824 appellari.

142 1839 150 1858 ⁸
221 1839 261 1896 44
333 1839 475 1894 Aornuus
498 1841 567 1896 libro
586 1841 708 1896 secundo
725 1842 894 1911 digestorum
915 1844 1034 1898 sPaulo
1053 1844 1271 1912 epitomatorem.
1306 1840 1441 1911 Scapham
1459 1853 1516 1895 non
1533 1838 1622 1894 uideri
1641 1837 1722 1894 nanis
1753 1833 1773 1886 S

279 1943 341 1982 csse
359 1929 500 1999 respondit
517 1945 569 1984 nec
587 1931 734 1999 quicquam
752 1931 927 1986 coniunctum
946 1931 1057 2002 habere,
1075 1949 1139 1988 nam
1158 1930 1288 2000 scapham
1305 1931 1394 2000 ipsam
1412 1944 1462 2000 per
1474 1944 1505 1983 se
1516 1943 1630 1997 pomam
1644 1927 1723 1982 naui·

279 2018 368 2072 culam
386 2033 462 2072 csse:
480 2019 573 2073 omnia
590 2023 692 2088 autem,
711 2035 782 2088 quae
800 2020 945 2074 coniuncta
962 2021 1028 2075 naui
1046 2026 1139 2076 essent
1157 2020 1252 2088 (ueluti
1270 2019 1457 2089 gubernacula
1474 2017 1562 2072 maius
1574 2021 1723 2072 mennae

278 2107 390 2174 uelum),
409 2107 488 2176 quasi
507 2107 630 2162 membra
646 2109 727 2162 nauis
745 2123 815 2162 esse.
1740 2114 1768 2153 ’ί

220 2195 261 2253 46
332 2197 409 2250 loun
426 2194 496 2250 libro
514 2201 612 2265 quarto
624 2197 920 2265 digestorumaPaulo
933 2196 1153 2266 epitomatornm.
1183 2197 1235 2263 Qui
1247 2195 1362 2252 fundum
1375 2195 1527 2250 tradideret
1546 2188 1724 2277 [Q
1754 2197 1775 2250 S

279 2284 404 2353 iugerum
423 2290 541 2353 centum,
560 2283 629 2340 lines
647 2286 733 2340 multo
751 2284 869 2354 amplius
888 2287 1004 2354 emptori
1023 2286 1268 2341 demonstrauerat.
1296 2286 1319 2340 si
1338 2284 1405 2354 quid
1422 2300 1458 2340 ex
1475 2284 1517 2339 hie
1531 2282 1632 2339 linibus
1645 2284 1723 2338 cuin-

279 2377 394 2441 ceretur,
412 2388 463 2442 pro
481 2371 603 2428 bonitate
622 2375 681 2428 eins
699 2374 815 2442 emptori
832 2374 1029 2442 praestandum
1046 2375 1093 2445 ait,
1112 2376 1237 2444 quamuis
1256 2373 1284 2430 id
1302 2373 1377 2444 quod
1394 2375 1593 2443 relinqueretur
1609 2379 1723 2427 eentum

278 2462 375 2531 iugera
392 2460 514 2516 haberet.
1490 2483 1495 2492 ·
1741 2471 1770 2510 ιι

221 2550 261 2608 46
331 2550 505 2606 Anmcaaus
523 2550 591 2606 libro
610 2556 688 2606 sexto
704 2552 904 2620 quaestionum.
933 2551 1070 2622 Fundum,
1088 2551 1167 2607 cuius
1178 2568 1246 2608 usus
1259 2549 1364 2607 fructus
1378 2551 1447 2606 Attii
1459 2555 1525 2620 erat,
1546 2543 1722 2634 [in—eff}
1756 2553 1776 2606 S

280 2639 345 2694 milri
364 2640 513 2695 condidisti
530 2654 582 2694 nec
601 2639 693 2695 dixisti
711 2656 792 2696 usum
810 2639 928 2695 fructum
946 2640 1017 2695 Attii
1036 2656 1110 2696 esse:
1129 2641 1202 2696 hunc
1220 2655 1272 2710 ego
1290 2641 1399 2696 Maeuio
1418 2641 1542 2696 detracto
1560 2655 1612 2694 usu
1632 2637 1723 2694 fructu

279 2729 388 2784 tradidi.
423 2729 500 2784 Attio
524 2729 613 2799 eapite
637 2729 742 2784 minuto
767 2743 822 2784 noo
845 2728 882 2783 ao
906 2743 963 2798 me,
988 2729 1038 2785 sed
1059 2730 1093 2784 ad
1112 2731 1306 2800 proprietatem
1324 2745 1405 2784 nsum
1423 2728 1543 2784 fructum
1560 2728 1652 2784 redire
1676 2728 1723 2797 uit,

280 2832 369 2887 neque
387 2818 459 2872 enirn
477 2818 602 2886 potuisse
619 2818 749 2872 constitui
767 2834 847 2874 usum
865 2817 986 2874 fructum
1004 2834 1037 2874 eo
1055 2823 1190 2888 tempore,
1215 2821 1275 2888 quo'
1287 2819 1438 2874 ιιίίιιιιιιίιιιι
1459 2823 1546 2873 esset:
1571 2817 1622 2872 sed
1640 2831 1723 2887 posse

280 2922 324 2962 me
347 2907 518 2962 uenditorem
542 2912 569 2962 tc
593 2906 628 2961 de
651 2907 788 2962 enietione
811 2908 971 2978 conuenire,
995 2909 1061 2977 quia
1083 2923 1201 2978 aequom
1223 2908 1260 2962 sit
1277 2907 1393 2962 eandem
1412 2923 1524 2962 causam
1543 2921 1633 2962 meam
1652 2920 1723 2974 esse,

247 3005 260 3052 1
280 3011 351 3065 quae
374 2993 572 3064 intumescet,
596 2996 620 3050 si
638 2999 705 3050 tunc
723 3011 790 3050 usus
808 2993 913 3050 fructus
931 2996 1038 3050 alienus
1056 3011 1111 3051 non
1128 2994 1233 3052 inisset
1270 2994 1300 3052 Si
1317 3011 1367 3066 per
1385 2997 1503 3051 alienum
1522 2993 1639 3050 ιἰιιιιίιιιιι
1658 2993 1725 3048 mihi
1743 3005 1773 3044 so

280 3085 353 3139 niem
373 3084 555 3153 constitueris,
574 3085 718 3138 euietionis
737 3085 846 3139 nomine
864 3089 892 3138 te
911 3082 1026 3152 obligari
1044 3085 1097 3139 ait:
1117 3085 1217 3140 etenim
1236 3099 1290 3155 quo
1309 3100 1384 3153 casu,
1403 3085 1428 3138 si
1445 3099 1495 3154 per
1505 3085 1648 3155 proprium
1660 3098 1724 3139 oon·

281 3173 420 3227 stituentis
437 3171 552 3227 fundum
571 3187 703 3227 concessa
720 3177 795 3226 esset
812 3173 865 3242 uic,
884 3175 959 3227 recte
977 3173 1197 3242 constitueretur,
1217 3188 1251 3228 oc
1268 3188 1343 3242 casu,
1362 3173 1385 3228 si
1398 3187 1448 3242 per
1459 3173 1577 3227 alienum
1590 3171 1724 3228 concede-

247 3271 263 3317 s
280 3266 363 3329 retur,
382 3261 526 3318 euictionis
539 3260 737 3330 obligationem·
748 3259 909 3317 contrahit².
937 3261 1006 3316 Gum
1018 3261 1068 3316 tibi
1080 3260 1202 3318 Stichum
1216 3262 1372 3330 uenderern,
1385 3261 1443 3316 dixi
1455 3277 1518 3316 eum
1531 3261 1725 3316 statuliberum

281 3363 343 3404 esse
362 3347 414 3403 sub
431 3348 484 3403 hac
502 3349 663 3405 condicione
681 3351 878 3406 manumissum
897 3349 928 3405 ‘si
946 3351 1026 3406 uenis
1044 3365 1079 3406 ex
1094 3352 1163 3407 Asis
1181 3351 1303 3420 uenerit,
1321 3351 1345 3406 is
1364 3355 1456 3404 autem
1476 3349 1507 3404 ‘si
1519 3350 1611 3404 Titius
1629 3349 1726 3406 consul

281 3437 371 3493 lactus
389 3435 479 3492 luerit'
497 3439 681 3495 manumissus
700 3445 773 3496 erat:
795 3439 986 3510 quaerebatur,
1005 3441 1029 3495 si
1046 3441 1122 3510 prins
1140 3441 1219 3494 nanis
1237 3453 1272 3494 ex
1290 3439 1360 3494 Asia
1376 3439 1484 3494 uenerit
1501 3453 1535 3492 sc
1551 3441 1618 3507 post
1635 3437 1726 3492 Titine
1745 3447 1776 3488 su

282 3525 377 3582 consul
400 3523 449 3579 fiat
470 3531 553 3595 atque
575 3529 616 3582 ita
639 3530 667 3584 in
684 3527 838 3584 libertatem
856 3529 962 3586 cuicum
981 3529 1030 3598 sit,
1054 3545 1088 3584 an
1108 3527 1251 3584 euictionis
1269 3527 1378 3582 nomine
1398 3526 1549 3582 teuerstatt
1582 3523 1727 3596 respoudit

283 3629 337 3670 non
349 3613 437 3668 ceren
448 3617 543 3670 eum⁴r
561 3616 662 3670 etenim
676 3617 739 3672 dolo
752 3618 824 3672 mulo
835 3623 986 3688 emptorem
999 3616 1098 3686 fecere,
1117 3629 1180 3672 cum
1192 3615 1268 3685 prius
1280 3615 1416 3670 exstiterit
1428 3630 1462 3670 ea
1473 3614 1608 3684 condicio,
1623 3615 1726 3682 qnam‘

249 3715 264 3760 e
282 3703 426 3758 euictionis
450 3703 561 3758 nomino
584 3705 740 3760 excoluerit
776 3705 845 3760 item
869 3707 892 3762 si
910 3711 974 3776 post
991 3705 1132 3763 biennium
1150 3703 1265 3760 liberum
1283 3702 1342 3758 iore
1360 3703 1432 3772 dixi,
1456 3704 1503 3773 qni
1521 3707 1586 3772 post
1604 3704 1727 3758 ιιιιιιιιιιιο

282 3790 436 3848 libertatem
454 3793 600 3861 occeperit,
619 3797 648 3848 et
665 3797 729 3863 post
746 3791 886 3848 biennium
904 3795 932 3848 in
950 3793 1092 3849 libertate⁷
1111 3791 1261 3861 enincstur,
1281 3792 1326 3846 uel
1339 3791 1435 3847 decern
1449 3792 1515 3846 dare
1527 3792 1635 3846 iussum
1648 3789 1726 3846 dixe·

281 3879 333 3934 rim
351 3880 472 3949 quinque
491 3883 519 3935 et
537 3881 560 3936 is
579 3879 674 3936 decem
693 3881 766 3937 detis
784 3881 820 3936 ad
838 3881 992 3937 libertatem
1009 3881 1174 3953 peruenerit,
1193 3881 1282 3950 mogh
1300 3893 1370 3949 esse,
1389 3883 1420 3934 ut
1435 3879 1478 3934 his
1490 3893 1600 3950 qnoque
1614 3877 1727 3934 cssibm
1747 3891 1780 3930 co

282 3983 337 4024 non
355 3973 459 4023 tenear.

225 4058 265 4117 47
335 4058 414 4112 mnu
431 4055 502 4113 libro
518 4062 619 4114 octauo
635 4057 837 4128 quaestionum.
867 4056 898 4113 si
910 4057 985 4114 duos
1003 4071 1099 4114 seruos
1116 4057 1207 4128 quinis
1222 4061 1381 4112 atesmam
1393 4060 1529 4112 eteorum
1549 4050 1728 4140 Q
1764 4061 1788 4115 d

282 4179 310 4232 F
313 4179 369 4250 lP(
370 4180 417 4250 Π)]

285 4356 418 4410 ¹alienus
436 4357 559 4426 (Taurii
629 4359 785 4414 ¹contrahi
798 4359 897 4426 (ecidit
938 4360 1116 4416 ·³teueari
1187 4361 1280 4416 ‘eum
1298 4361 1346 4414 dei.
1418 4358 1539 4428 ‘quaml
1566 4373 1642 4430 quae
1665 4357 1730 4414 me?

284 4428 296 4463 ⁶
314 4428 338 4482 si
355 4432 420 4497 post
438 4445 539 4484 annum
558 4429 672 4486 liberum
691 4429 749 4487 iore
768 4431 826 4486 dixi
843 4431 891 4502 qui
908 4435 973 4501 post
990 4430 1130 4487 biennium
1148 4433 1183 4500 (ιι.
1198 4431 1247 4500 tl?
1318 4433 1328 4466 ⁷
1347 4429 1523 4486 libertatem?

285 4605 405 4674 trotio]
431 4604 503 4660 actio
529 4606 621 4660 F’PU
641 4609 646 4674 1
670 4607 790 4677 ponitur]
817 4608 978 4679 proponitur
1029 4606 1072 4664 nii
1084 4609 1125 4664 P⁰
1169 4607 1380 4663 34ueneratF²
1425 4607 1558 4662 eecolsni
1572 4608 1601 4661 P
1635 4608 1731 4662 eeno-

283 4675 377 4729 F’PU
415 4677 449 4730 12
463 4691 548 4730 uacca
560 4677 601 4730 P·
642 4679 676 4733 13
689 4680 824 4748 dupluP⁶
859 4681 894 4733 14
905 4677 976 4733 fruc·
1030 4680 1112 4749 mine]
1131 4680 1240 4734 nomine
1258 4679 1437 4734 teneaturP·
1452 4682 1456 4746 Ι
1473 4679 1573 4747 sipost
1585 4677 1732 4734 biennium

283 4746 353 4816 tum]
379 4761 460 4801 usum
488 4745 606 4802 fructum
633 4750 674 4803 P·
740 4751 774 4804 15
800 4751 909 4818 corpius
937 4751 978 4804 P·
1030 4750 1144 4805 liberum
1162 4748 1221 4805 fore
1238 4749 1295 4804 dixi
1312 4750 1360 4820 qui
1376 4755 1441 4818 post
1457 4749 1570 4819 annum]
1588 4755 1734 4804 unauna

285 4818 319 4871 19
338 4817 416 4872 nauis
434 4817 474 4870 P·
521 4819 556 4872 20
573 4816 689 4874 bembra
706 4821 744 4872 F⁰
791 4821 825 4874 23
843 4821 977 4889 relinque·
1030 4821 1169 4876 biennium
1194 4829 1353 4892 honeposait
1375 4821 1436 4874 Hei.
1460 4821 1536 4891 idque
1552 4821 1686 4891 flagitant
1705 4818 1733 4873 Β

284 4892 330 4942 tur
352 4888 407 4941 PU
456 4889 492 4943 24
514 4887 630 4944 haberat
653 4891 690 4942 F'
743 4891 776 4946 27
800 4891 907 4946 atti'tio
931 4893 977 4956 F',
1032 4893 1126 4962 (Tip.):
1145 4891 1168 4946 ei
1185 4891 1233 4946 τὸιι
1253 4890 1317 4946 ueri
1335 4891 1432 4946 hierius
1451 4888 1666 4958 ἒλεγθερωθῐιιιιι
1687 4907 1731 4944 κε-

284 4958 350 5012 ticio
363 4958 433 5013 P‘u
466 4960 500 5014 28
513 4975 568 5028 quo
581 4960 905 5029 alienatus]coahenatus
918 4962 976 5024 Ρ·Ι
1030 4964 1173 5026 λεγιθὲιιτι
1194 4963 1260 5018 εἴπω
1286 4961 1343 5018 uer'
1368 4961 1489 5023 ὲιιιιγτὸιι
1512 4959 1729 5032 ὲλεγθερωθιίιιιι

285 5033 381 5098 posset
397 5029 476 5083 Pul·
528 5032 563 5085 29
581 5031 616 5084 de
635 5050 683 5085 om.
695 5033 734 5085 P·
781 5035 817 5088 33
835 5033 977 5103 obligatio·
1030 5035 1067 5088 40
1085 5035 1117 5103 is]
1137 5033 1180 5088 his
1196 5036 1223 5088 F
1274 5035 1309 5090 41
1328 5038 1454 5088 teneatnr
1474 5031 1511 5084 P⁶
