3738 5550
299 255 371 322 XVI
393 258 412 320 3
432 263 528 316 7-13
970 250 1059 329 474
1566 275 1724 324 meroem

266 413 482 468 Bnuntiauerint
505 411 638 482 deposito.
673 412 743 467 Item
766 413 917 480 quaeritur,
942 414 1030 465 utrum
1054 410 1121 466 ordo
1144 403 1282 481 spectetur
1305 428 1398 468 eorum
1421 414 1470 484 qui
1487 413 1675 484 deposuerunt
1691 430 1725 470 sn

298 517 364 558 uero
383 502 461 557 simul
479 503 599 557 omnium
618 501 843 570 depositariorum
861 501 930 555 ratio
947 499 1088 554 habeatur.
1116 505 1145 556 ot
1162 505 1271 556 constat
1281 503 1360 557 simul
1372 501 1570 559 admittendos:
1589 502 1643 558 hoc
1655 504 1726 559 enim

297 593 428 660 rescripto
446 591 587 660 principaii
605 588 781 658 significetur.

261 673 279 730 8
350 681 529 735 Puemruuus
552 678 619 734 libro
643 694 714 734 nouo
736 679 933 748 quaestionum.
970 678 1049 743 Quod
1066 678 1239 748 priuilegium
1258 683 1400 734 exercetur
1416 695 1472 734 nou
1488 680 1516 735 iu
1535 695 1569 736 ει
1588 675 1726 762 [Kese-s
1744 684 1779 736 'P

297 773 403 824 tantum
422 769 582 838 quantitate,
601 783 670 838 quae
688 768 716 822 in
733 766 813 821 honis
831 767 977 835 argentarii
995 782 1029 821 er
1046 767 1162 836 pecunia
1173 767 1299 836 deposita
1310 772 1417 837 reperte
1428 774 1478 838 est,
1496 768 1546 823 sed
1559 769 1588 823 in
1600 769 1726 824 omnihus
1744 777 1756 817 ὅ

297 857 462 913 fraudatoris
480 856 668 912 facultatibus:
687 856 769 925 idque
787 862 896 925 propter
915 857 1099 911 necessarium
1117 870 1196 910 usum
1213 857 1427 925 argentariorum
1440 858 1605 913 exutilitate
1617 857 1728 927 publice

297 952 437 1018 receptum
456 950 506 1001 est.
536 947 617 1015 plane
635 949 760 1014 sumptus
778 960 869 1012 causa,
888 945 935 1013 qui
953 946 1105 1001 necessarie
1123 943 1213 999 iactus
1231 950 1281 1015 est,
1301 960 1408 1015 semper
1424 945 1579 1015 praecedit:
1599 963 1664 1001 uam
1681 947 1727 1002 de·

298 1037 380 1091 ducto
398 1051 431 1090 co
449 1034 581 1091 honorum
600 1035 719 1089 calculus
737 1033 852 1088 subduci
871 1034 947 1088 solet.

261 1118 279 1176 9
349 1125 468 1179 Pnuuus
485 1124 553 1178 libro
571 1124 687 1193 septimo
705 1123 810 1177 decimo
830 1123 864 1176 ed
883 1123 1012 1177 edictum.
1039 1123 1071 1177 In
1090 1121 1206 1191 depositi
1224 1122 1331 1179 actious
1349 1123 1373 1178 si
1390 1120 1509 1180 exsecto
1521 1123 1569 1180 de·
1588 1118 1726 1207 [ᾖε-ιε’
1744 1125 1779 1179 ‘ii

297 1211 383 1268 iuncti
401 1219 498 1282 egetur
516 1211 647 1266 aduersus
666 1228 748 1267 uuum
767 1227 802 1266 ex
819 1210 942 1281 pluribus
959 1210 1118 1280 heredibus,
1136 1225 1186 1280 pro
1203 1216 1282 1280 parte
1300 1212 1463 1268 hereditaria
1480 1227 1563 1282 agere
1582 1212 1686 1269 debeo:
1704 1214 1726 1268 si
1743 1221 1767 1259 1⁰

297 1318 363 1357 uero
381 1317 415 1356 ex
433 1316 482 1356 suo
501 1302 613 1370 delicto,
631 1315 680 1370 pro
700 1306 777 1369 parte
796 1316 850 1356 uon
869 1315 935 1370 ogo:
955 1301 1065 1370 merito,
1084 1301 1149 1370 quis
1166 1300 1320 1357 aestimatio
1337 1299 1453 1356 refertur
1469 1301 1505 1356 sd
1523 1300 1628 1372 dotum,
1646 1317 1725 1372 quem

297 1390 457 1446 insolidum
476 1391 534 1459 ipse
552 1388 630 1443 heres
648 1388 767 1443 admisit.

208 1523 213 1529 .
242 1473 280 1532 10
349 1480 489 1534 Iumnuus
507 1477 574 1532 libro
593 1477 715 1532 secundo
733 1491 768 1532 ex
786 1477 903 1533 Minicio.
938 1477 996 1533 Nec
1014 1477 1146 1532 aduersus
1164 1476 1312 1534 coheredes
1330 1477 1404 1549 eius,
1423 1478 1470 1550 qui
1487 1479 1552 1535 dolo
1570 1473 1725 1564 Q
1751 1482 1780 1535 S·

298 1572 399 1636 carent,
418 1567 533 1636 depositi
552 1567 622 1620 actio
641 1566 778 1636 competit.
1741 1577 1766 1616 ιι

242 1653 277 1709 11
350 1655 500 1711 Uurrsuus
516 1655 585 1710 libro
602 1655 831 1725 quadragensimo
848 1655 935 1724 primo
954 1653 989 1710 sd
1007 1653 1146 1710 Sabinum.
1175 1655 1254 1720 Quod
1266 1669 1362 1709 semus
1373 1654 1508 1726 deposuit,
1526 1655 1551 1711 is
1569 1649 1725 1740 Q
1750 1658 1780 1712 S·

297 1746 371 1816 apud
388 1761 468 1814 quem
488 1744 642 1814 depositum
660 1749 703 1798 est
720 1758 801 1798 seruo
819 1744 970 1798 rectissime
988 1743 1084 1798 reddet
1103 1759 1136 1798 ex
1154 1742 1227 1799 bons
1243 1743 1311 1800 tide:
1332 1759 1383 1798 ncc
1401 1745 1472 1798 euim
1491 1747 1622 1800 conuenit
1639 1745 1724 1800 house

296 1834 361 1891 fidei
379 1835 516 1902 abnegare
534 1834 562 1888 id
580 1833 654 1902 quod
671 1833 733 1903 quis
751 1834 869 1902 accepit,
894 1832 943 1887 sed
962 1832 1073 1888 debebit
1090 1833 1204 1888 reddere
1222 1833 1247 1888 ei
1266 1849 1283 1887 ε
1300 1846 1355 1903 quo
1374 1833 1492 1902 accepit,
1516 1833 1556 1888 sic
1574 1839 1681 1904 mmor,
1702 1837 1724 1889 si

297 1924 356 1978 sine
373 1923 436 1978 doio
455 1922 528 1977 omni
546 1921 655 1990 reddat,
679 1920 804 1990 beonet,
828 1927 859 1975 ut
877 1936 927 1975 nec
945 1921 1041 1990 culpae
1060 1921 1169 1990 quidem
1187 1922 1306 1991 suspicio
1325 1922 1369 1976 sit.
1403 1921 1521 1992 denique
1540 1921 1660 1978 Sabinus
1676 1923 1725 1979 hoe

281 2013 427 2084 ,explicuit
445 2010 584 2066 addendo:
604 2009 661 2064 'uec
679 2011 734 2064 ulla
752 2025 835 2065 cause
846 2011 999 2078 interuenit,
1019 2025 1102 2079 quare
1114 2016 1210 2080 putare
1226 2011 1315 2080 possit
1326 2010 1464 2066 dominum
1477 2010 1556 2066 reddi
1568 2010 1658 2067 nolle'.
1676 2012 1724 2067 hec
1741 2019 1765 2060 ιι

296 2102 336 2156 its
354 2103 364 2172 [Ι
384 2107 434 2170 εει,
453 2100 477 2155 εἰ
494 2099 585 2168 potuit
600 2098 741 2168 suspicari,
760 2100 833 2153 iusta
850 2099 954 2154 scilicet
971 2099 1075 2154 ratione
1093 2104 1197 2154 motus:
1216 2103 1335 2155 ceterum
1355 2099 1457 2155 sufficit
1471 2099 1573 2155 bouem
1586 2099 1668 2156 tidem
1681 2101 1725 2156 sd·
1739 2103 1808 2152 taes

297 2205 367 2246 esse.
397 2189 446 2244 sed
465 2193 493 2244 et
510 2189 534 2242 si
552 2191 616 2242 ante
635 2185 693 2242 eius
710 2187 750 2241 rei
767 2184 869 2241 turtum
888 2185 991 2242 iecerat
1009 2203 1117 2258 seruus,
1141 2189 1165 2243 si
1181 2193 1274 2244 tamen
1291 2189 1429 2258 ignorauit
1446 2189 1469 2243 is
1488 2189 1561 2258 opud
1580 2205 1663 2259 quem
1682 2190 1724 2245 dc·

296 2279 389 2349 posuit
406 2279 450 2334 uei
468 2277 583 2333 credidit
600 2276 738 2331 dominum
756 2291 811 2330 non
828 2275 944 2331 inuitum
962 2275 1020 2332 iore
1037 2276 1118 2331 huius
1136 2277 1290 2348 solutionis,
1312 2277 1422 2333 liberari
1439 2281 1545 2347 potest:
1563 2277 1640 2333 hono
1656 2279 1725 2334 euim

296 2366 366 2423 fides
389 2367 514 2434 exigitur.
547 2380 601 2420 non
625 2367 732 2419 tantum
755 2371 846 2420 sutem
870 2366 893 2420 si
916 2366 1065 2421 remanenti
1082 2366 1111 2420 iu
1129 2366 1260 2421 seruitute
1277 2364 1359 2422 fuerit
1376 2368 1509 2437 solutum,
1533 2366 1584 2422 sed
1602 2367 1686 2422 etism
1703 2368 1726 2423 si

297 2457 463 2512 manumisso
480 2455 525 2510 uel
543 2454 668 2523 alienato,
687 2469 722 2508 ex
740 2454 819 2508 iustis
837 2455 927 2508 causis
944 2452 1068 2509 liberatio
1086 2455 1227 2524 contingit,
1246 2455 1350 2510 scilicet
1367 2455 1391 2511 si
1409 2457 1470 2526 quis
1488 2457 1619 2525 ignoraus
1633 2472 1725 2512 menu-

296 2545 409 2601 missum
433 2543 477 2600 uei
500 2544 645 2600 alienatum
669 2543 759 2598 soluit.
794 2541 921 2613 idemque
945 2549 973 2598 et
995 2543 1024 2599 iu
1048 2542 1173 2599 omnihus
1191 2543 1360 2601 debitoribus
1377 2545 1543 2600 seruandum
1560 2545 1726 2617 Pomponius
1741 2555 1766 2596 ιι

296 2633 399 2690 scribit.

241 2718 278 2776 12
350 2725 520 2778 Pourourus
536 2721 605 2778 lihro
622 2720 772 2777 uicensimo
787 2720 907 2776 secundo
919 2721 955 2776 sd
967 2720 1107 2778 Sabinum.
1134 2721 1163 2779 Si
1175 2723 1204 2779 in
1215 2721 1447 2793 Asiadepositum
1460 2720 1551 2793 fuerit,
1570 2718 1726 2810 Q
1752 2727 1782 2782 8⁴

296 2817 329 2869 ut
345 2813 448 2868 Romae
466 2811 609 2880 reddetur,
627 2810 736 2865 uidetur
753 2809 782 2865 id
799 2816 904 2880 actum,
925 2816 1028 2867 utnon
1046 2813 1160 2882 inpensa
1178 2813 1237 2868 eius
1253 2812 1282 2867 id
1299 2809 1349 2866 fiat
1372 2810 1445 2881 opud
1470 2827 1552 2882 quem
1571 2813 1725 2884 depositum

265 2910 277 2955 1
297 2903 345 2971 sit,
369 2901 418 2956 sed
436 2902 495 2956 eius
513 2902 561 2971 qui
578 2900 712 2970 deposuit.
748 2899 910 2970 Depositum
930 2915 963 2955 eo
980 2900 1042 2957 loco
1060 2903 1167 2957 restitui
1184 2901 1279 2972 dehet,
1300 2901 1327 2956 iu
1344 2914 1400 2969 quo
1417 2901 1477 2956 siue
1495 2900 1559 2956 dolo
1578 2903 1653 2958 malo
1670 2904 1726 2958 eius

296 2997 347 3061 εει,
365 2989 440 3060 ,apud
459 3005 538 3060 quem
559 2989 712 3058 depositum
731 2993 786 3044 est:
805 2987 852 3044 ubi
870 3003 936 3044 uero
954 2989 1108 3059 dopositum
1126 2995 1176 3060 est,
1195 2989 1260 3045 nihil
1276 2991 1397 3045 interest.
1425 2988 1521 3045 eedem
1533 2989 1653 3046 dicenda
1664 2997 1727 3047 suut
1742 3001 1768 3043 ιι

296 3079 475 3136 communiter
496 3085 526 3133 et
547 3079 575 3134 in
598 3077 724 3133 omnibus
747 3077 834 3133 honae
852 3075 916 3134 fidei
933 3079 1049 3134 iudiciis.
1082 3080 1131 3136 sed
1149 3078 1293 3134 dicendum
1312 3083 1367 3149 est,
1391 3079 1416 3133 si
1434 3079 1501 3134 uelit
1518 3083 1596 3135 actor
1614 3081 1673 3134 suis
1688 3080 1726 3135 iu·

295 3170 388 3240 pensis
406 3181 510 3237 suoque
528 3168 647 3238 periculo
666 3165 779 3236 perferri
795 3183 852 3222 rem
870 3168 998 3237 Romam,
1018 3174 1050 3224 ut
1067 3168 1219 3223 audiendus
1237 3169 1286 3238 sit,
1303 3167 1432 3238 quoniam
1451 3171 1480 3222 et
1496 3167 1525 3222 in
1543 3167 1580 3223 sd
1598 3168 1725 3224 exhrhen·

264 3266 278 3310 ι
296 3258 360 3313 dum
379 3257 487 3314 actione
504 3257 533 3312 id
550 3263 682 3312 seruatur.
715 3256 785 3313 Cum
803 3261 943 3326 sequestre
961 3264 1035 3312 recte
1053 3262 1150 3327 egetur
1167 3257 1284 3326 depositi
1302 3255 1485 3326 sequestreris
1502 3256 1627 3327 serione,
1645 3272 1724 3327 quum

264 3355 278 3400 ι
296 3347 370 3403 etin
388 3345 514 3402 heredem
533 3346 591 3402 eius
609 3345 687 3401 reddi
704 3349 820 3415 oportet
847 3345 1081 3412 Quemadmodum
1100 3346 1173 3416 quod
1192 3362 1226 3401 ex
1244 3346 1373 3416 stipulatu
1386 3345 1431 3400 uei
1443 3359 1478 3400 er
1489 3349 1659 3402 testamento
1670 3346 1725 3401 dari

295 3439 433 3506 oporteat,
456 3440 520 3505 post
542 3435 671 3490 iudicium
696 3439 837 3504 acceptum
862 3451 923 3490 oum
942 3435 1105 3490 detrimento
1122 3435 1162 3489 rei
1179 3435 1291 3504 periret,
1316 3435 1356 3489 sic
1373 3433 1528 3504 depositum
1547 3448 1660 3504 quoque
1677 3437 1724 3490 εοι
1741 3445 1766 3486 ιι

296 3525 354 3594 die,
373 3540 427 3594 quo
445 3523 562 3594 depositi
581 3529 671 3578 sctruu
691 3525 739 3594 sit,
757 3525 877 3594 periculo
895 3525 954 3580 eius
973 3524 1044 3594 apud
1063 3539 1144 3594 quem
1163 3523 1316 3593 depositum
1334 3522 1416 3579 fuerit
1433 3529 1484 3594 est,
1503 3524 1528 3579 si
1545 3521 1641 3578 iudicii
1659 3523 1724 3578 scci-

295 3613 389 3685 piondi
406 3619 528 3683 tempore
546 3613 636 3683 potuit
652 3612 681 3667 id
699 3613 812 3668 reddere
823 3627 893 3668 reus
911 3628 962 3669 nec
979 3613 1106 3668 reddidit.

241 3699 278 3756 13
350 3703 468 3757 Psuuus
490 3699 558 3756 libro
580 3701 740 3770 trigessimo
764 3702 851 3771 primo
874 3701 910 3756 sd
932 3700 1060 3756 edictum.
1097 3699 1126 3756 Si
1143 3701 1205 3770 quis
1222 3697 1353 3756 infitiatus
1376 3701 1485 3757 sitnon
1502 3700 1549 3755 ed-
1569 3694 1724 3784 Μ
1753 3706 1773 3761 S

297 3805 394 3846 uersus
413 3789 564 3859 dominum,
588 3789 638 3844 sed
656 3789 730 3858 quod
748 3805 810 3844 eum
829 3791 875 3860 qui
893 3805 949 3844 rem
969 3789 1121 3861 depositam
1139 3787 1252 3859 petebat
1268 3803 1364 3844 uerum
1380 3794 1587 3860 procuratorem
1604 3805 1661 3845 non
1678 3805 1724 3860 pu·

296 3884 368 3936 teret
385 3884 434 3934 sut
451 3879 509 3933 eius
528 3879 574 3947 qui
592 3878 765 3948 deposuisset
782 3878 918 3948 heredem,
937 3877 1002 3932 nihil
1020 3878 1082 3934 dolo
1101 3877 1267 3933 malefecit:
1288 3882 1386 3948 postes
1403 3883 1495 3933 sutem
1514 3879 1538 3932 si
1556 3877 1724 3948 cognouerit,
1740 3890 1768 3930 ιε

296 3984 359 4024 eum
377 3983 411 4025 eo
433 3968 479 4038 egi
501 3968 611 4039 poterit,
635 3968 764 4037 quonism
787 3983 860 4022 nunc
882 3967 978 4037 incipit
1000 3967 1062 4022 dole
1087 3968 1159 4023 malo
1181 3965 1284 4037 iacere,
1307 3967 1332 4022 si
1354 3965 1470 4022 reddere
1493 3981 1553 4021 eam
1578 3981 1635 4023 non
1657 3967 1723 4023 uult.

264 4066 278 4112 1
297 4057 434 4128 Competit
452 4057 535 4113 etiem
553 4056 690 4113 condictio
708 4055 848 4127 depositae
866 4055 905 4112 rei
923 4056 1039 4128 nomine,
1059 4056 1107 4111 sed
1125 4071 1180 4112 uon
1198 4061 1344 4127 autequam
1361 4055 1408 4112 id¹
1423 4055 1487 4113 dolo
1505 4055 1659 4112 admissum
1676 4057 1723 4112 sit:

295 4164 455 4236 F[P(VU)]

298 4321 369 4390 leo]
389 4336 423 4376 ex
441 4321 540 4389 (addit
610 4321 703 4390 ¹quid
723 4322 820 4388 (edd.)?

298 4460 505 4518 theodotoriis
518 4463 564 4528 1³⁶,
584 4471 631 4518 ine.
648 4463 681 4517 U‘
696 4465 700 4530 Ι
717 4464 760 4533 ex]
774 4464 854 4518 etP⁰
901 4463 981 4518 ine·
1034 4460 1240 4531 uit]uoluitF¹,
1258 4461 1411 4518 solueritU
1442 4463 1478 4518 28
1494 4461 1723 4534 uide'pc'turF’}

296 4534 431 4590 cesseriae
456 4534 484 4587 F
538 4532 662 4596 9οῩιη.
686 4535 713 4588 Β
775 4537 810 4590 10
837 4550 920 4590 unum
947 4549 982 4588 ex
1035 4535 1093 4588 eius
1111 4534 1150 4604 id]
1169 4535 1228 4589 eius
1245 4535 1268 4588 it
1285 4535 1320 4587 Ρ
1374 4535 1408 4590 31
1426 4533 1500 4590 bona
1516 4534 1557 4589 Ρ·
1579 4539 1583 4604 Ι
1604 4535 1725 4606 inpensis

297 4605 408 4660 'fructus
420 4621 504 4660 uuum
522 4602 563 4658 εἰ
575 4605 643 4673 plur.
658 4605 692 4659 Ρ
737 4607 771 4661 15
789 4606 933 4677 deposuit
946 4605 984 4659 Ρ
1034 4603 1139 4676 'impen’
1152 4604 1189 4658 Ρ
1242 4607 1277 4660 33
1295 4605 1332 4676 id]
1350 4605 1429 4660 Pte*
1446 4625 1503 4661 cum
1519 4605 1570 4660 Rs
1586 4604 1669 4678 (rub
1687 4608 1724 4661 soi

298 4680 332 4733 16
344 4676 450 4732 bonate⁴
459 4677 497 4728 F’
533 4677 567 4730 18
579 4677 662 4746 omni]
675 4677 895 4733 fleumatis
903 4677 981 4779 (ιιιὶι
1035 4675 1074 4730 ἐιιὶ
1098 4676 1147 4731 rite
1169 4675 1202 4730 bt
1225 4675 1375 4742 tristinen«
1400 4676 1445 4749 [ἂρ
1470 4676 1629 4738 κιεογιιὲκιιε
1646 4679 1724 4740 reiro

297 4749 385 4819 εῑιίχε
396 4745 495 4802 uuerde
507 4745 651 4801 huotihmar
664 4748 753 4814 ιὸιογ,
767 4748 956 4804 οωιιίεΡΡῖ]
976 4745 981 4816 Ι
1036 4749 1122 4819 sparci
1141 4755 1164 4802 et
1181 4751 1207 4803 B
1225 4749 1342 4817 (Aaou),
1360 4750 1388 4803 in
1407 4750 1435 4814 F,
1453 4768 1502 4802 om.
1514 4747 1592 4802 PU·
1607 4751 1613 4816 Ι
1630 4765 1723 4820 seque·

296 4819 415 4890 suscipio
434 4819 470 4872 Ρ
516 4819 549 4872 19
568 4833 652 4887 quare
664 4821 768 4889 putare]
782 4835 852 4889 quse
863 4817 983 4888 reputari
1035 4825 1092 4874 stro
1110 4819 1260 4887 F'P‘VUi
1276 4825 1374 4888 egetur
1394 4821 1433 4874 Ρ
1448 4822 1454 4889 Ι
1469 4821 1674 4888 *sequestreris
1689 4821 1724 4874 Ρ

297 4893 343 4956 P·,
361 4890 534 4960 quaeputsri
550 4889 583 4943 U·
626 4891 825 4945 21et0m.1²⁰
868 4893 902 4945 23
913 4888 983 4945 fidos
1036 4891 1072 4945 34
1094 4890 1137 4945 uei
1161 4905 1196 4945 ex
1215 4889 1311 4960 'stipul'
1329 4895 1393 4946 test
1411 4891 1449 4946 Ρ
1502 4891 1538 4946 35
1559 4891 1669 4962 periere
1687 4891 1723 4946 P·

296 4964 321 5020 si
338 4963 456 5032 erigitur
466 4961 507 5016 P·
522 4962 527 5027 Ι
542 4966 635 5016 sutem
652 4962 750 5015 om.P·
796 4962 832 5017 24
845 4962 983 5030 continge·
1035 4961 1070 5016 37
1088 4960 1225 5016 reddidit
1240 4963 1279 5016 Ρ

296 5035 332 5092 rit
345 5034 377 5101 P,
395 5034 510 5106 contigit
525 5033 566 5103 Vl
581 5033 753 5090 manumissit
763 5033 832 5088 Μ
878 5033 913 5089 25
930 5032 983 5089 sol·
