<?xml version="1.0" encoding="UTF-8"?>
<!DOCTYPE html PUBLIC "-//W3C//DTD XHTML 1.0 Transitional//EN"
    "http://www.w3.org/TR/xhtml1/DTD/xhtml1-transitional.dtd">
<html xmlns="http://www.w3.org/1999/xhtml" xml:lang="en" lang="en">
 <head>
  <title>
</title>
<meta http-equiv="Content-Type" content="text/html;charset=utf-8" />
  <meta name='ocr-system' content='tesseract 3.04.00' />
  <meta name='ocr-capabilities' content='ocr_page ocr_carea ocr_par ocr_line ocrx_word'/>
</head>
<body>
  <div class='ocr_page' id='page_1' title='image "./digestaiustinia00mommgoog_0051.png"; bbox 0 0 3720 5544; ppageno 0'>
   <div class='ocr_carea' id='block_1_1' title="bbox 952 225 1114 292">
    <p class='ocr_par' dir='ltr' id='par_1_1' title="bbox 952 225 1114 292">
     <span class='ocr_line' id='line_1_1' title="bbox 952 225 1114 292; baseline 0 0"><span class='ocrx_word' id='word_1_1' title='bbox 952 225 1114 292; x_wconf 85' lang='lat' dir='ltr'>XXXXVI</span> 
     </span>
    </p>
   </div>
   <div class='ocr_carea' id='block_1_2' title="bbox 315 398 1851 2719">
    <p class='ocr_par' dir='ltr' id='par_1_2' title="bbox 315 398 1851 2719">
     <span class='ocr_line' id='line_1_2' title="bbox 316 398 1740 471; baseline -0.002 -14"><span class='ocrx_word' id='word_1_2' title='bbox 316 401 416 457; x_wconf 90' lang='lat' dir='ltr'><strong>scholia</strong></span> <span class='ocrx_word' id='word_1_3' title='bbox 434 406 524 456; x_wconf 88' lang='lat' dir='ltr'><strong>aetate</strong></span> <span class='ocrx_word' id='word_1_4' title='bbox 537 399 662 456; x_wconf 83' lang='lat' dir='ltr'><strong>Accursii</strong></span> <span class='ocrx_word' id='word_1_5' title='bbox 680 405 708 456; x_wconf 91' lang='lat' dir='ltr'><strong>et</strong></span> <span class='ocrx_word' id='word_1_6' title='bbox 725 400 864 471; x_wconf 76' lang='lat' dir='ltr'><strong>deinceps,</strong></span> <span class='ocrx_word' id='word_1_7' title='bbox 882 416 917 456; x_wconf 89' lang='lat' dir='ltr'><strong>cx</strong></span> <span class='ocrx_word' id='word_1_8' title='bbox 935 401 1027 471; x_wconf 89' lang='lat' dir='ltr'><strong>legum</strong></span> <span class='ocrx_word' id='word_1_9' title='bbox 1044 399 1265 470; x_wconf 80' lang='lat' dir='ltr'><strong>inscriptionibus</strong></span> <span class='ocrx_word' id='word_1_10' title='bbox 1285 415 1339 456; x_wconf 92' lang='lat' dir='ltr'><strong>non</strong></span> <span class='ocrx_word' id='word_1_11' title='bbox 1357 401 1488 455; x_wconf 76' lang='lat' dir='ltr'><strong>remansit</strong></span> <span class='ocrx_word' id='word_1_12' title='bbox 1505 398 1562 455; x_wconf 86' lang='lat' dir='ltr'><strong>iere</strong></span> <span class='ocrx_word' id='word_1_13' title='bbox 1575 400 1628 456; x_wconf 88' lang='lat' dir='ltr'><strong>nisi</strong></span> <span class='ocrx_word' id='word_1_14' title='bbox 1640 400 1740 456; x_wconf 89' lang='lat' dir='ltr'><strong>nudum</strong></span> 
     </span>
     <span class='ocr_line' id='line_1_3' title="bbox 316 507 1743 578; baseline -0.002 -15"><span class='ocrx_word' id='word_1_15' title='bbox 316 523 415 564; x_wconf 92' lang='lat' dir='ltr'><strong>nomen</strong></span> <span class='ocrx_word' id='word_1_16' title='bbox 439 508 558 563; x_wconf 87' lang='lat' dir='ltr'><strong>auctoris</strong></span> <span class='ocrx_word' id='word_1_17' title='bbox 582 508 692 577; x_wconf 88' lang='lat' dir='ltr'><strong>reliquia</strong></span> <span class='ocrx_word' id='word_1_18' title='bbox 714 523 768 563; x_wconf 93' lang='lat' dir='ltr'><strong>non</strong></span> <span class='ocrx_word' id='word_1_19' title='bbox 793 523 859 563; x_wconf 88' lang='lat' dir='ltr'><strong>casu</strong></span> <span class='ocrx_word' id='word_1_20' title='bbox 882 508 1004 578; x_wconf 88' lang='lat' dir='ltr'><strong>omissis,</strong></span> <span class='ocrx_word' id='word_1_21' title='bbox 1029 508 1078 563; x_wconf 88' lang='lat' dir='ltr'><strong>sed</strong></span> <span class='ocrx_word' id='word_1_22' title='bbox 1096 508 1162 562; x_wconf 88' lang='lat' dir='ltr'><strong>data</strong></span> <span class='ocrx_word' id='word_1_23' title='bbox 1180 522 1263 577; x_wconf 91' lang='lat' dir='ltr'><strong>opera</strong></span> <span class='ocrx_word' id='word_1_24' title='bbox 1281 508 1438 576; x_wconf 80' lang='lat' dir='ltr'><strong>expunctis:</strong></span> <span class='ocrx_word' id='word_1_25' title='bbox 1463 507 1568 562; x_wconf 84' lang='lat' dir='ltr'><strong>Graeca</strong></span> <span class='ocrx_word' id='word_1_26' title='bbox 1585 512 1677 562; x_wconf 88' lang='lat' dir='ltr'><strong>autem</strong></span> <span class='ocrx_word' id='word_1_27' title='bbox 1696 509 1743 561; x_wconf 89' lang='lat' dir='ltr'><strong>ant</strong></span> 
     </span>
     <span class='ocr_line' id='line_1_4' title="bbox 315 613 1744 686; baseline -0.001 -17"><span class='ocrx_word' id='word_1_28' title='bbox 315 616 396 685; x_wconf 91' lang='lat' dir='ltr'><strong>plane</strong></span> <span class='ocrx_word' id='word_1_29' title='bbox 418 613 575 671; x_wconf 85' lang='lat' dir='ltr'><strong>oblitterata</strong></span> <span class='ocrx_word' id='word_1_30' title='bbox 598 619 663 669; x_wconf 88' lang='lat' dir='ltr'><strong>sunt</strong></span> <span class='ocrx_word' id='word_1_31' title='bbox 686 617 734 668; x_wconf 91' lang='lat' dir='ltr'><strong>ant</strong></span> <span class='ocrx_word' id='word_1_32' title='bbox 758 613 907 670; x_wconf 85' lang='lat' dir='ltr'><strong>substituta</strong></span> <span class='ocrx_word' id='word_1_33' title='bbox 929 620 973 670; x_wconf 92' lang='lat' dir='ltr'><strong>est</strong></span> <span class='ocrx_word' id='word_1_34' title='bbox 995 615 1029 669; x_wconf 93' lang='lat' dir='ltr'><strong>iis</strong></span> <span class='ocrx_word' id='word_1_35' title='bbox 1046 615 1235 686; x_wconf 85' lang='lat' dir='ltr'><strong>interpretatio</strong></span> <span class='ocrx_word' id='word_1_36' title='bbox 1253 615 1352 669; x_wconf 84' lang='lat' dir='ltr'><strong>LatIna</strong></span> <span class='ocrx_word' id='word_1_37' title='bbox 1369 613 1573 684; x_wconf 88' lang='lat' dir='ltr'><strong>Burgundionia</strong></span> <span class='ocrx_word' id='word_1_38' title='bbox 1590 613 1682 668; x_wconf 89' lang='lat' dir='ltr'><strong>Pisani</strong></span> <span class='ocrx_word' id='word_1_39' title='bbox 1700 613 1744 669; x_wconf 90' lang='lat' dir='ltr'><strong>de·</strong></span> 
     </span>
     <span class='ocr_line' id='line_1_5' title="bbox 315 719 1744 792; baseline -0.001 -15"><span class='ocrx_word' id='word_1_40' title='bbox 315 720 402 777; x_wconf 86' lang='lat' dir='ltr'><strong>functi</strong></span> <span class='ocrx_word' id='word_1_41' title='bbox 419 737 490 778; x_wconf 91' lang='lat' dir='ltr'><strong>anno</strong></span> <span class='ocrx_word' id='word_1_42' title='bbox 511 722 604 777; x_wconf 79' lang='lat'><strong>11941.</strong></span> <span class='ocrx_word' id='word_1_43' title='bbox 630 721 684 776; x_wconf 89' lang='lat' dir='ltr'><strong>iarn</strong></span> <span class='ocrx_word' id='word_1_44' title='bbox 703 736 765 776; x_wconf 89' lang='lat' dir='ltr'><strong>eum</strong></span> <span class='ocrx_word' id='word_1_45' title='bbox 784 725 813 776; x_wconf 91' lang='lat' dir='ltr'><strong>et</strong></span> <span class='ocrx_word' id='word_1_46' title='bbox 830 736 879 792; x_wconf 94' lang='lat' dir='ltr'><strong>per</strong></span> <span class='ocrx_word' id='word_1_47' title='bbox 897 737 927 776; x_wconf 92' lang='lat' dir='ltr'><strong>se</strong></span> <span class='ocrx_word' id='word_1_48' title='bbox 944 720 1085 792; x_wconf 79' lang='lat' dir='ltr'><strong>probabile</strong></span> <span class='ocrx_word' id='word_1_49' title='bbox 1103 727 1177 778; x_wconf 90' lang='lat' dir='ltr'><strong>esset</strong></span> <span class='ocrx_word' id='word_1_50' title='bbox 1195 728 1224 776; x_wconf 89' lang='lat' dir='ltr'><strong>et</strong></span> <span class='ocrx_word' id='word_1_51' title='bbox 1241 722 1314 776; x_wconf 89' lang='lat' dir='ltr'><strong>omni</strong></span> <span class='ocrx_word' id='word_1_52' title='bbox 1332 721 1454 776; x_wconf 89' lang='lat' dir='ltr'><strong>cuiusuis</strong></span> <span class='ocrx_word' id='word_1_53' title='bbox 1472 719 1533 776; x_wconf 89' lang='lat' dir='ltr'><strong>libri</strong></span> <span class='ocrx_word' id='word_1_54' title='bbox 1546 721 1744 776; x_wconf 72' lang='lat' dir='ltr'><strong>examinatione</strong></span> 
     </span>
     <span class='ocr_line' id='line_1_6' title="bbox 316 826 1745 899; baseline -0.001 -15"><span class='ocrx_word' id='word_1_55' title='bbox 316 827 521 884; x_wconf 85' lang='lat' dir='ltr'><strong>confirmaretur</strong></span> <span class='ocrx_word' id='word_1_56' title='bbox 539 828 741 898; x_wconf 88' lang='lat' dir='ltr'><strong>antiquisslmos</strong></span> <span class='ocrx_word' id='word_1_57' title='bbox 760 843 883 898; x_wconf 90' lang='lat' dir='ltr'><strong>quosque</strong></span> <span class='ocrx_word' id='word_1_58' title='bbox 901 827 983 885; x_wconf 89' lang='lat' dir='ltr'><strong>libros</strong></span> <span class='ocrx_word' id='word_1_59' title='bbox 1002 830 1084 884; x_wconf 90' lang='lat' dir='ltr'><strong>etiam</strong></span> <span class='ocrx_word' id='word_1_60' title='bbox 1102 829 1130 884; x_wconf 88' lang='lat' dir='ltr'><strong>ln</strong></span> <span class='ocrx_word' id='word_1_61' title='bbox 1149 829 1263 899; x_wconf 84' lang='lat' dir='ltr'><strong>digestis</strong></span> <span class='ocrx_word' id='word_1_62' title='bbox 1281 829 1347 883; x_wconf 89' lang='lat' dir='ltr'><strong>item</strong></span> <span class='ocrx_word' id='word_1_63' title='bbox 1365 829 1483 898; x_wconf 80' lang='lat' dir='ltr'><strong>optImos</strong></span> <span class='ocrx_word' id='word_1_64' title='bbox 1496 841 1566 898; x_wconf 90' lang='lat' dir='ltr'><strong>esse,</strong></span> <span class='ocrx_word' id='word_1_65' title='bbox 1583 826 1745 883; x_wconf 84' lang='lat' dir='ltr'><strong>tenebamus</strong></span> 
     </span>
     <span class='ocr_line' id='line_1_7' title="bbox 315 934 1746 1006; baseline -0.001 -16"><span class='ocrx_word' id='word_1_66' title='bbox 315 934 416 990; x_wconf 89' lang='lat' dir='ltr'><strong>iudicia</strong></span> <span class='ocrx_word' id='word_1_67' title='bbox 438 939 466 990; x_wconf 93' lang='lat' dir='ltr'><strong>et</strong></span> <span class='ocrx_word' id='word_1_68' title='bbox 488 939 564 990; x_wconf 89' lang='lat' dir='ltr'><strong>certa</strong></span> <span class='ocrx_word' id='word_1_69' title='bbox 585 939 614 990; x_wconf 91' lang='lat' dir='ltr'><strong>et</strong></span> <span class='ocrx_word' id='word_1_70' title='bbox 637 935 797 1006; x_wconf 90' lang='lat' dir='ltr'><strong>conspicua,</strong></span> <span class='ocrx_word' id='word_1_71' title='bbox 821 949 891 1005; x_wconf 89' lang='lat' dir='ltr'><strong>quae</strong></span> <span class='ocrx_word' id='word_1_72' title='bbox 915 951 933 990; x_wconf 90' lang='lat' dir='ltr'><strong>a</strong></span> <span class='ocrx_word' id='word_1_73' title='bbox 954 934 1035 991; x_wconf 90' lang='lat' dir='ltr'><strong>turba</strong></span> <span class='ocrx_word' id='word_1_74' title='bbox 1052 937 1186 992; x_wconf 85' lang='lat' dir='ltr'><strong>Inutilium</strong></span> <span class='ocrx_word' id='word_1_75' title='bbox 1204 935 1417 1006; x_wconf 82' lang='lat' dir='ltr'><strong>praestantiores</strong></span> <span class='ocrx_word' id='word_1_76' title='bbox 1434 939 1620 1005; x_wconf 80' lang='lat' dir='ltr'><strong>segregarent.</strong></span> <span class='ocrx_word' id='word_1_77' title='bbox 1653 949 1746 1004; x_wconf 89' lang='lat' dir='ltr'><strong>quam·</strong></span> 
     </span>
     <span class='ocr_line' id='line_1_8' title="bbox 316 1041 1748 1113; baseline -0.003 -15"><span class='ocrx_word' id='word_1_78' title='bbox 316 1058 398 1113; x_wconf 88' lang='lat' dir='ltr'><strong>quam</strong></span> <span class='ocrx_word' id='word_1_79' title='bbox 421 1043 450 1099; x_wconf 87' lang='lat' dir='ltr'><strong>ln</strong></span> <span class='ocrx_word' id='word_1_80' title='bbox 470 1042 637 1098; x_wconf 90' lang='lat' dir='ltr'><strong>Bononiensi</strong></span> <span class='ocrx_word' id='word_1_81' title='bbox 659 1041 705 1097; x_wconf 92' lang='lat' dir='ltr'><strong>illa</strong></span> <span class='ocrx_word' id='word_1_82' title='bbox 727 1041 896 1111; x_wconf 90' lang='lat' dir='ltr'><strong>digestorum</strong></span> <span class='ocrx_word' id='word_1_83' title='bbox 920 1042 1100 1112; x_wconf 90' lang='lat' dir='ltr'><strong>tripertitione</strong></span> <span class='ocrx_word' id='word_1_84' title='bbox 1123 1058 1218 1098; x_wconf 90' lang='lat' dir='ltr'><strong>uerum</strong></span> <span class='ocrx_word' id='word_1_85' title='bbox 1241 1046 1283 1098; x_wconf 91' lang='lat' dir='ltr'><strong>eat</strong></span> <span class='ocrx_word' id='word_1_86' title='bbox 1306 1041 1407 1098; x_wconf 91' lang='lat' dir='ltr'><strong>indicia</strong></span> <span class='ocrx_word' id='word_1_87' title='bbox 1429 1041 1510 1098; x_wconf 90' lang='lat' dir='ltr'><strong>modo</strong></span> <span class='ocrx_word' id='word_1_88' title='bbox 1534 1041 1609 1096; x_wconf 91' lang='lat' dir='ltr'><strong>dicta</strong></span> <span class='ocrx_word' id='word_1_89' title='bbox 1631 1041 1666 1096; x_wconf 86' lang='lat' dir='ltr'><strong>ad</strong></span> <span class='ocrx_word' id='word_1_90' title='bbox 1692 1047 1748 1095; x_wconf 87' lang='lat' dir='ltr'><strong>tres</strong></span> 
     </span>
     <span class='ocr_line' id='line_1_9' title="bbox 316 1139 1749 1220; baseline 0 -16"><span class='ocrx_word' id='word_1_91' title='bbox 316 1154 408 1218; x_wconf 89' lang='lat' dir='ltr'><strong>partes</strong></span> <span class='ocrx_word' id='word_1_92' title='bbox 426 1165 481 1205; x_wconf 92' lang='lat' dir='ltr'><strong>non</strong></span> <span class='ocrx_word' id='word_1_93' title='bbox 499 1147 678 1220; x_wconf 83' lang='lat' dir='ltr'><strong>aequabiliter</strong></span> <span class='ocrx_word' id='word_1_94' title='bbox 694 1149 796 1219; x_wconf 85' lang='lat' dir='ltr'><strong>porrigi</strong></span> <span class='ocrx_word' id='word_1_95' title='bbox 815 1148 859 1204; x_wconf 92' lang='lat' dir='ltr'><strong>nel</strong></span> <span class='ocrx_word' id='word_1_96' title='bbox 877 1153 951 1204; x_wconf 90' lang='lat' dir='ltr'><strong>certe</strong></span> <span class='ocrx_word' id='word_1_97' title='bbox 970 1162 1025 1204; x_wconf 92' lang='lat' dir='ltr'><strong>non</strong></span> <span class='ocrx_word' id='word_1_98' title='bbox 1043 1139 1151 1220; x_wconf 84' lang='lat' dir='ltr'><strong>semper</strong></span> <span class='ocrx_word' id='word_1_99' title='bbox 1168 1148 1302 1206; x_wconf 87' lang='lat' dir='ltr'><strong>sufficere.</strong></span> <span class='ocrx_word' id='word_1_100' title='bbox 1331 1165 1394 1204; x_wconf 88' lang='lat' dir='ltr'><strong>narn</strong></span> <span class='ocrx_word' id='word_1_101' title='bbox 1413 1148 1551 1219; x_wconf 84' lang='lat' dir='ltr'><strong>dIgestum</strong></span> <span class='ocrx_word' id='word_1_102' title='bbox 1570 1148 1656 1204; x_wconf 89' lang='lat' dir='ltr'><strong>Uetus</strong></span> <span class='ocrx_word' id='word_1_103' title='bbox 1674 1145 1749 1218; x_wconf 87' lang='lat' dir='ltr'><strong>quod</strong></span> 
     </span>
     <span class='ocr_line' id='line_1_10' title="bbox 316 1253 1841 1327; baseline -0.001 -17"><span class='ocrx_word' id='word_1_104' title='bbox 316 1253 416 1310; x_wconf 88' lang='lat' dir='ltr'><strong>dieitur</strong></span> <span class='ocrx_word' id='word_1_105' title='bbox 433 1259 464 1310; x_wconf 92' lang='lat' dir='ltr'><strong>ut</strong></span> <span class='ocrx_word' id='word_1_106' title='bbox 482 1255 556 1326; x_wconf 90' lang='lat' dir='ltr'><strong>apud</strong></span> <span class='ocrx_word' id='word_1_107' title='bbox 573 1255 640 1310; x_wconf 90' lang='lat' dir='ltr'><strong>iuris</strong></span> <span class='ocrx_word' id='word_1_108' title='bbox 658 1255 781 1311; x_wconf 91' lang='lat' dir='ltr'><strong>canonici</strong></span> <span class='ocrx_word' id='word_1_109' title='bbox 796 1254 923 1312; x_wconf 88' lang='lat' dir='ltr'><strong>doctores</strong></span> <span class='ocrx_word' id='word_1_110' title='bbox 940 1256 1005 1319; x_wconf 86' lang='lat' dir='ltr'><strong>(ool.</strong></span> <span class='ocrx_word' id='word_1_111' title='bbox 1020 1255 1044 1310; x_wconf 94' lang='lat' dir='ltr'><strong>ll</strong></span> <span class='ocrx_word' id='word_1_112' title='bbox 1062 1272 1089 1327; x_wconf 88' lang='lat' dir='ltr'><strong>p.</strong></span> <span class='ocrx_word' id='word_1_113' title='bbox 1099 1257 1160 1324; x_wconf 75' lang='lat'><strong>42⁹)</strong></span> <span class='ocrx_word' id='word_1_114' title='bbox 1176 1261 1205 1312; x_wconf 95' lang='lat' dir='ltr'><strong>et</strong></span> <span class='ocrx_word' id='word_1_115' title='bbox 1216 1254 1438 1325; x_wconf 86' lang='lat' dir='ltr'><strong>Longebardicos</strong></span> <span class='ocrx_word' id='word_1_116' title='bbox 1450 1255 1599 1324; x_wconf 89' lang='lat' dir='ltr'><strong>prudentes</strong></span> <span class='ocrx_word' id='word_1_117' title='bbox 1617 1257 1655 1323; x_wconf 93' lang='lat' dir='ltr'><strong>(u.</strong></span> <span class='ocrx_word' id='word_1_118' title='bbox 1665 1270 1750 1325; x_wconf 89' lang='lat' dir='ltr'><strong>snpra</strong></span> <span class='ocrx_word' id='word_1_119' title='bbox 1839 1255 1841 1318; x_wconf 52' lang='lat' dir='ltr'><strong>i</strong></span> 
     </span>
     <span class='ocr_line' id='line_1_11' title="bbox 315 1361 1842 1433; baseline -0.001 -15"><span class='ocrx_word' id='word_1_120' title='bbox 315 1378 343 1433; x_wconf 92' lang='lat' dir='ltr'><strong>p.</strong></span> <span class='ocrx_word' id='word_1_121' title='bbox 356 1363 433 1430; x_wconf 84' lang='lat' dir='ltr'>XIII)</span> <span class='ocrx_word' id='word_1_122' title='bbox 451 1363 654 1433; x_wconf 79' lang='lat' dir='ltr'><strong>andquissimos</strong></span> <span class='ocrx_word' id='word_1_123' title='bbox 671 1363 711 1418; x_wconf 89' lang='lat' dir='ltr'><strong>ita</strong></span> <span class='ocrx_word' id='word_1_124' title='bbox 731 1367 842 1433; x_wconf 89' lang='lat' dir='ltr'><strong>regnat,</strong></span> <span class='ocrx_word' id='word_1_125' title='bbox 867 1367 897 1417; x_wconf 92' lang='lat' dir='ltr'><strong>ut</strong></span> <span class='ocrx_word' id='word_1_126' title='bbox 917 1377 983 1433; x_wconf 90' lang='lat' dir='ltr'><strong>prae</strong></span> <span class='ocrx_word' id='word_1_127' title='bbox 1002 1378 1035 1418; x_wconf 92' lang='lat' dir='ltr'><strong>eo</strong></span> <span class='ocrx_word' id='word_1_128' title='bbox 1053 1361 1187 1418; x_wconf 82' lang='lat' dir='ltr'><strong>Infortiati</strong></span> <span class='ocrx_word' id='word_1_129' title='bbox 1205 1367 1234 1418; x_wconf 93' lang='lat' dir='ltr'><strong>et</strong></span> <span class='ocrx_word' id='word_1_130' title='bbox 1251 1363 1321 1419; x_wconf 89' lang='lat' dir='ltr'><strong>Noui</strong></span> <span class='ocrx_word' id='word_1_131' title='bbox 1340 1363 1422 1418; x_wconf 84' lang='lat' dir='ltr'><strong>exilia</strong></span> <span class='ocrx_word' id='word_1_132' title='bbox 1438 1367 1544 1417; x_wconf 77' lang='lat' dir='ltr'><strong>tantam</strong></span> <span class='ocrx_word' id='word_1_133' title='bbox 1564 1361 1684 1432; x_wconf 83' lang='lat' dir='ltr'><strong>uestigia</strong></span> <span class='ocrx_word' id='word_1_134' title='bbox 1701 1361 1750 1416; x_wconf 89' lang='lat' dir='ltr'><strong>ad·</strong></span> <span class='ocrx_word' id='word_1_135' title='bbox 1841 1372 1842 1398; x_wconf 51' lang='grc' dir='ltr'>ι</span> 
     </span>
     <span class='ocr_line' id='line_1_12' title="bbox 316 1448 1843 1540; baseline -0.001 -16"><span class='ocrx_word' id='word_1_136' title='bbox 316 1470 397 1540; x_wconf 80' lang='lat' dir='ltr'><strong>sint²‚</strong></span> <span class='ocrx_word' id='word_1_137' title='bbox 419 1471 460 1526; x_wconf 89' lang='lat' dir='ltr'><strong>ita</strong></span> <span class='ocrx_word' id='word_1_138' title='bbox 482 1469 591 1526; x_wconf 92' lang='lat' dir='ltr'><strong>cedices</strong></span> <span class='ocrx_word' id='word_1_139' title='bbox 609 1470 668 1526; x_wconf 88' lang='lat' dir='ltr'><strong>eius</strong></span> <span class='ocrx_word' id='word_1_140' title='bbox 686 1475 715 1526; x_wconf 91' lang='lat' dir='ltr'><strong>et</strong></span> <span class='ocrx_word' id='word_1_141' title='bbox 732 1484 845 1525; x_wconf 89' lang='lat' dir='ltr'><strong>numere</strong></span> <span class='ocrx_word' id='word_1_142' title='bbox 863 1473 892 1524; x_wconf 90' lang='lat' dir='ltr'><strong>et</strong></span> <span class='ocrx_word' id='word_1_143' title='bbox 909 1473 1001 1525; x_wconf 86' lang='lat' dir='ltr'><strong>aetate</strong></span> <span class='ocrx_word' id='word_1_144' title='bbox 1019 1474 1048 1526; x_wconf 92' lang='lat' dir='ltr'><strong>et</strong></span> <span class='ocrx_word' id='word_1_145' title='bbox 1065 1470 1234 1540; x_wconf 88' lang='lat' dir='ltr'><strong>praestantia</strong></span> <span class='ocrx_word' id='word_1_146' title='bbox 1250 1471 1332 1540; x_wconf 86' lang='lat' dir='ltr'><strong>longe</strong></span> <span class='ocrx_word' id='word_1_147' title='bbox 1350 1474 1481 1540; x_wconf 83' lang='lat' dir='ltr'><strong>superant</strong></span> <span class='ocrx_word' id='word_1_148' title='bbox 1498 1469 1616 1525; x_wconf 88' lang='lat' dir='ltr'><strong>duarum</strong></span> <span class='ocrx_word' id='word_1_149' title='bbox 1634 1469 1749 1524; x_wconf 82' lang='lat' dir='ltr'><strong>aliarum</strong></span> <span class='ocrx_word' id='word_1_150' title='bbox 1842 1448 1843 1474; x_wconf 55' lang='lat'>¹</span> 
     </span>
     <span class='ocr_line' id='line_1_13' title="bbox 316 1573 1845 1648; baseline -0.001 -16"><span class='ocrx_word' id='word_1_151' title='bbox 316 1577 434 1647; x_wconf 86' lang='lat' dir='ltr'><strong>partium</strong></span> <span class='ocrx_word' id='word_1_152' title='bbox 455 1573 540 1632; x_wconf 88' lang='lat' dir='ltr'><strong>libros</strong></span> <span class='ocrx_word' id='word_1_153' title='bbox 561 1577 687 1648; x_wconf 90' lang='lat' dir='ltr'><strong>scriptos.</strong></span> <span class='ocrx_word' id='word_1_154' title='bbox 719 1576 793 1632; x_wconf 90' lang='lat' dir='ltr'><strong>unde</strong></span> <span class='ocrx_word' id='word_1_155' title='bbox 815 1590 877 1632; x_wconf 88' lang='lat' dir='ltr'><strong>cum</strong></span> <span class='ocrx_word' id='word_1_156' title='bbox 901 1575 930 1631; x_wconf 93' lang='lat' dir='ltr'><strong>in</strong></span> <span class='ocrx_word' id='word_1_157' title='bbox 949 1575 1047 1632; x_wconf 89' lang='lat' dir='ltr'><strong>Uetere</strong></span> <span class='ocrx_word' id='word_1_158' title='bbox 1069 1576 1236 1634; x_wconf 90' lang='lat' dir='ltr'><strong>recensendo</strong></span> <span class='ocrx_word' id='word_1_159' title='bbox 1260 1577 1362 1632; x_wconf 90' lang='lat' dir='ltr'><strong>nullum</strong></span> <span class='ocrx_word' id='word_1_160' title='bbox 1387 1575 1485 1632; x_wconf 87' lang='lat' dir='ltr'><strong>libmm</strong></span> <span class='ocrx_word' id='word_1_161' title='bbox 1503 1575 1678 1632; x_wconf 88' lang='lat' dir='ltr'><strong>admitterem</strong></span> <span class='ocrx_word' id='word_1_162' title='bbox 1696 1575 1751 1631; x_wconf 87' lang='lat' dir='ltr'><strong>nisi</strong></span> <span class='ocrx_word' id='word_1_163' title='bbox 1844 1598 1845 1630; x_wconf 74' lang='grc' dir='ltr'>ι</span> 
     </span>
     <span class='ocr_line' id='line_1_14' title="bbox 317 1682 1749 1755; baseline 0 -17"><span class='ocrx_word' id='word_1_164' title='bbox 317 1687 366 1738; x_wconf 89' lang='lat' dir='ltr'><strong>aut</strong></span> <span class='ocrx_word' id='word_1_165' title='bbox 389 1683 490 1739; x_wconf 90' lang='lat' dir='ltr'><strong>saeculi</strong></span> <span class='ocrx_word' id='word_1_166' title='bbox 513 1683 553 1738; x_wconf 83' lang='lat' dir='ltr'>XI</span> <span class='ocrx_word' id='word_1_167' title='bbox 578 1684 703 1740; x_wconf 88' lang='lat' dir='ltr'><strong>exeuntia</strong></span> <span class='ocrx_word' id='word_1_168' title='bbox 724 1689 776 1738; x_wconf 88' lang='lat' dir='ltr'><strong>aut</strong></span> <span class='ocrx_word' id='word_1_169' title='bbox 798 1683 900 1738; x_wconf 90' lang='lat' dir='ltr'><strong>saeculi</strong></span> <span class='ocrx_word' id='word_1_170' title='bbox 925 1683 990 1754; x_wconf 85' lang='lat' dir='ltr'><strong>Xli,</strong></span> <span class='ocrx_word' id='word_1_171' title='bbox 1018 1684 1084 1740; x_wconf 92' lang='lat' dir='ltr'><strong>item</strong></span> <span class='ocrx_word' id='word_1_172' title='bbox 1106 1687 1149 1740; x_wconf 91' lang='lat' dir='ltr'><strong>tot</strong></span> <span class='ocrx_word' id='word_1_173' title='bbox 1172 1683 1300 1740; x_wconf 91' lang='lat' dir='ltr'><strong>librorum</strong></span> <span class='ocrx_word' id='word_1_174' title='bbox 1325 1699 1386 1739; x_wconf 87' lang='lat' dir='ltr'><strong>cunr</strong></span> <span class='ocrx_word' id='word_1_175' title='bbox 1410 1682 1633 1755; x_wconf 86' lang='lat' dir='ltr'><strong>inscriptionibus</strong></span> <span class='ocrx_word' id='word_1_176' title='bbox 1655 1682 1749 1753; x_wconf 88' lang='lat' dir='ltr'><strong>legum</strong></span> 
     </span>
     <span class='ocr_line' id='line_1_15' title="bbox 316 1788 1848 1862; baseline -0.001 -17"><span class='ocrx_word' id='word_1_177' title='bbox 316 1791 404 1860; x_wconf 83' lang='lat' dir='ltr'><strong>plenta</strong></span> <span class='ocrx_word' id='word_1_178' title='bbox 422 1791 466 1846; x_wconf 91' lang='lat' dir='ltr'><strong>nel</strong></span> <span class='ocrx_word' id='word_1_179' title='bbox 483 1788 540 1846; x_wconf 88' lang='lat' dir='ltr'><strong>iere</strong></span> <span class='ocrx_word' id='word_1_180' title='bbox 558 1791 646 1862; x_wconf 89' lang='lat' dir='ltr'><strong>plenis</strong></span> <span class='ocrx_word' id='word_1_181' title='bbox 664 1791 744 1861; x_wconf 88' lang='lat' dir='ltr'><strong>copia</strong></span> <span class='ocrx_word' id='word_1_182' title='bbox 761 1789 827 1846; x_wconf 90' lang='lat' dir='ltr'><strong>mibi</strong></span> <span class='ocrx_word' id='word_1_183' title='bbox 844 1795 932 1861; x_wconf 88' lang='lat' dir='ltr'><strong>esset,</strong></span> <span class='ocrx_word' id='word_1_184' title='bbox 952 1795 983 1846; x_wconf 90' lang='lat' dir='ltr'><strong>ut</strong></span> <span class='ocrx_word' id='word_1_185' title='bbox 1000 1805 1055 1846; x_wconf 91' lang='lat' dir='ltr'><strong>non</strong></span> <span class='ocrx_word' id='word_1_186' title='bbox 1073 1806 1176 1861; x_wconf 88' lang='lat' dir='ltr'><strong>paucos</strong></span> <span class='ocrx_word' id='word_1_187' title='bbox 1194 1807 1228 1847; x_wconf 87' lang='lat' dir='ltr'><strong>ex</strong></span> <span class='ocrx_word' id='word_1_188' title='bbox 1247 1806 1280 1847; x_wconf 93' lang='lat' dir='ltr'><strong>eo</strong></span> <span class='ocrx_word' id='word_1_189' title='bbox 1298 1805 1411 1846; x_wconf 89' lang='lat' dir='ltr'><strong>numero</strong></span> <span class='ocrx_word' id='word_1_190' title='bbox 1429 1789 1591 1860; x_wconf 82' lang='lat' dir='ltr'><strong>abicerem⁸‚</strong></span> <span class='ocrx_word' id='word_1_191' title='bbox 1615 1790 1643 1845; x_wconf 91' lang='lat' dir='ltr'><strong>in</strong></span> <span class='ocrx_word' id='word_1_192' title='bbox 1662 1788 1751 1845; x_wconf 81' lang='lat' dir='ltr'><strong>lnior·</strong></span> <span class='ocrx_word' id='word_1_193' title='bbox 1847 1826 1848 1854; x_wconf 44' lang='grc' dir='ltr'>ι</span> 
     </span>
     <span class='ocr_line' id='line_1_16' title="bbox 316 1896 1850 1982; baseline 0 -30"><span class='ocrx_word' id='word_1_194' title='bbox 316 1898 385 1953; x_wconf 89' lang='lat' dir='ltr'><strong>tiato</strong></span> <span class='ocrx_word' id='word_1_195' title='bbox 402 1903 512 1969; x_wconf 92' lang='lat' dir='ltr'><strong>praeter</strong></span> <span class='ocrx_word' id='word_1_196' title='bbox 528 1914 612 1954; x_wconf 91' lang='lat' dir='ltr'><strong>unum</strong></span> <span class='ocrx_word' id='word_1_197' title='bbox 631 1897 732 1954; x_wconf 88' lang='lat' dir='ltr'><strong>saeculi</strong></span> <span class='ocrx_word' id='word_1_198' title='bbox 744 1897 797 1953; x_wconf 84' lang='lat' dir='ltr'><strong>XII</strong></span> <span class='ocrx_word' id='word_1_199' title='bbox 815 1912 870 1952; x_wconf 90' lang='lat' dir='ltr'><strong>non</strong></span> <span class='ocrx_word' id='word_1_200' title='bbox 884 1896 967 1953; x_wconf 93' lang='lat' dir='ltr'><strong>habui</strong></span> <span class='ocrx_word' id='word_1_201' title='bbox 985 1898 1036 1952; x_wconf 92' lang='lat' dir='ltr'><strong>nisi</strong></span> <span class='ocrx_word' id='word_1_202' title='bbox 1053 1896 1137 1954; x_wconf 89' lang='lat' dir='ltr'><strong>libros</strong></span> <span class='ocrx_word' id='word_1_203' title='bbox 1148 1899 1251 1954; x_wconf 90' lang='lat' dir='ltr'><strong>saeculi</strong></span> <span class='ocrx_word' id='word_1_204' title='bbox 1262 1899 1354 1969; x_wconf 84' lang='lat' dir='ltr'>XUI⁴,</span> <span class='ocrx_word' id='word_1_205' title='bbox 1372 1899 1400 1953; x_wconf 93' lang='lat' dir='ltr'><strong>in</strong></span> <span class='ocrx_word' id='word_1_206' title='bbox 1419 1899 1497 1954; x_wconf 89' lang='lat' dir='ltr'><strong>Nouo</strong></span> <span class='ocrx_word' id='word_1_207' title='bbox 1515 1898 1619 1953; x_wconf 86' lang='lat' dir='ltr'><strong>nudum</strong></span> <span class='ocrx_word' id='word_1_208' title='bbox 1637 1897 1751 1953; x_wconf 89' lang='lat' dir='ltr'><strong>omniuo</strong></span> <span class='ocrx_word' id='word_1_209' title='bbox 1849 1975 1850 1982; x_wconf 8' lang='grc' dir='ltr'>ἵ</span> 
     </span>
     <span class='ocr_line' id='line_1_17' title="bbox 318 2003 1851 2076; baseline -0.002 -16"><span class='ocrx_word' id='word_1_210' title='bbox 318 2009 382 2061; x_wconf 87' lang='lat' dir='ltr'><strong>ante</strong></span> <span class='ocrx_word' id='word_1_211' title='bbox 403 2005 432 2060; x_wconf 92' lang='lat' dir='ltr'><strong>id</strong></span> <span class='ocrx_word' id='word_1_212' title='bbox 455 2006 593 2061; x_wconf 88' lang='lat' dir='ltr'><strong>saeculum</strong></span> <span class='ocrx_word' id='word_1_213' title='bbox 616 2005 761 2076; x_wconf 71' lang='lat' dir='ltr'><strong>comptum,</strong></span> <span class='ocrx_word' id='word_1_214' title='bbox 784 2004 886 2074; x_wconf 91' lang='lat' dir='ltr'><strong>quique</strong></span> <span class='ocrx_word' id='word_1_215' title='bbox 908 2004 1098 2075; x_wconf 85' lang='lat' dir='ltr'><strong>inscriptiones</strong></span> <span class='ocrx_word' id='word_1_216' title='bbox 1119 2004 1211 2076; x_wconf 85' lang='lat' dir='ltr'><strong>legum</strong></span> <span class='ocrx_word' id='word_1_217' title='bbox 1234 2005 1330 2074; x_wconf 91' lang='lat' dir='ltr'><strong>plenas</strong></span> <span class='ocrx_word' id='word_1_218' title='bbox 1352 2004 1455 2061; x_wconf 91' lang='lat' dir='ltr'><strong>habent</strong></span> <span class='ocrx_word' id='word_1_219' title='bbox 1477 2004 1539 2060; x_wconf 89' lang='lat' dir='ltr'><strong>libri</strong></span> <span class='ocrx_word' id='word_1_220' title='bbox 1560 2003 1697 2062; x_wconf 84' lang='lat' dir='ltr'><strong>lniortiati</strong></span> <span class='ocrx_word' id='word_1_221' title='bbox 1722 2012 1752 2058; x_wconf 91' lang='lat' dir='ltr'><strong>et</strong></span> <span class='ocrx_word' id='word_1_222' title='bbox 1850 2051 1851 2070; x_wconf 31' lang='lat' dir='ltr'><strong>q</strong></span> 
     </span>
     <span class='ocr_line' id='line_1_18' title="bbox 318 2109 1751 2182; baseline -0.001 -14"><span class='ocrx_word' id='word_1_223' title='bbox 318 2112 390 2169; x_wconf 85' lang='lat' dir='ltr'><strong>licui</strong></span> <span class='ocrx_word' id='word_1_224' title='bbox 415 2117 471 2167; x_wconf 89' lang='lat' dir='ltr'><strong>tam</strong></span> <span class='ocrx_word' id='word_1_225' title='bbox 497 2111 551 2167; x_wconf 90' lang='lat' dir='ltr'><strong>rari</strong></span> <span class='ocrx_word' id='word_1_226' title='bbox 576 2117 653 2182; x_wconf 91' lang='lat' dir='ltr'><strong>sunt,</strong></span> <span class='ocrx_word' id='word_1_227' title='bbox 684 2116 715 2167; x_wconf 93' lang='lat' dir='ltr'><strong>nt</strong></span> <span class='ocrx_word' id='word_1_228' title='bbox 741 2126 775 2166; x_wconf 93' lang='lat' dir='ltr'><strong>ea</strong></span> <span class='ocrx_word' id='word_1_229' title='bbox 800 2112 916 2181; x_wconf 91' lang='lat' dir='ltr'><strong>penuria</strong></span> <span class='ocrx_word' id='word_1_230' title='bbox 942 2116 1054 2167; x_wconf 90' lang='lat' dir='ltr'><strong>coactus</strong></span> <span class='ocrx_word' id='word_1_231' title='bbox 1081 2113 1164 2168; x_wconf 84' lang='lat' dir='ltr'><strong>etiam</strong></span> <span class='ocrx_word' id='word_1_232' title='bbox 1195 2112 1299 2182; x_wconf 85' lang='lat' dir='ltr'><strong>aliquot</strong></span> <span class='ocrx_word' id='word_1_233' title='bbox 1327 2111 1496 2168; x_wconf 86' lang='lat' dir='ltr'><strong>adhibuerim</strong></span> <span class='ocrx_word' id='word_1_234' title='bbox 1525 2109 1751 2182; x_wconf 87' lang='lat' dir='ltr'><strong>inscriptionibus</strong></span> 
     </span>
     <span class='ocr_line' id='line_1_19' title="bbox 318 2193 1753 2290; baseline -0.001 -16"><span class='ocrx_word' id='word_1_235' title='bbox 318 2218 474 2274; x_wconf 86' lang='lat' dir='ltr'><strong>destitutos.</strong></span> <span class='ocrx_word' id='word_1_236' title='bbox 500 2218 529 2274; x_wconf 93' lang='lat' dir='ltr'><strong>id</strong></span> <span class='ocrx_word' id='word_1_237' title='bbox 553 2218 626 2289; x_wconf 92' lang='lat' dir='ltr'><strong>quod</strong></span> <span class='ocrx_word' id='word_1_238' title='bbox 651 2218 769 2274; x_wconf 85' lang='lat' dir='ltr'><strong>maxime</strong></span> <span class='ocrx_word' id='word_1_239' title='bbox 791 2234 843 2274; x_wconf 86' lang='lat' dir='ltr'><strong>usu</strong></span> <span class='ocrx_word' id='word_1_240' title='bbox 869 2217 943 2274; x_wconf 89' lang='lat' dir='ltr'><strong>uenit</strong></span> <span class='ocrx_word' id='word_1_241' title='bbox 961 2219 989 2274; x_wconf 94' lang='lat' dir='ltr'><strong>in</strong></span> <span class='ocrx_word' id='word_1_242' title='bbox 1006 2216 1148 2275; x_wconf 85' lang='lat' dir='ltr'><strong>Iniortiato</strong></span> <span class='ocrx_word' id='word_1_243' title='bbox 1170 2219 1302 2274; x_wconf 91' lang='lat' dir='ltr'><strong>maturius</strong></span> <span class='ocrx_word' id='word_1_244' title='bbox 1321 2217 1453 2290; x_wconf 80' lang='lat' dir='ltr'><strong>fortasse,</strong></span> <span class='ocrx_word' id='word_1_245' title='bbox 1477 2193 1560 2290; x_wconf 76' lang='lat' dir='ltr'><strong>quani</strong></span> <span class='ocrx_word' id='word_1_246' title='bbox 1578 2217 1682 2274; x_wconf 81' lang='lat' dir='ltr'><strong>Iactum</strong></span> <span class='ocrx_word' id='word_1_247' title='bbox 1707 2223 1753 2273; x_wconf 88' lang='lat' dir='ltr'><strong>est</strong></span> 
     </span>
     <span class='ocr_line' id='line_1_20' title="bbox 319 2324 1750 2396; baseline 0 -16"><span class='ocrx_word' id='word_1_248' title='bbox 319 2327 346 2381; x_wconf 94' lang='lat' dir='ltr'><strong>in</strong></span> <span class='ocrx_word' id='word_1_249' title='bbox 364 2326 456 2396; x_wconf 81' lang='lat' dir='ltr'><strong>Nouo,</strong></span> <span class='ocrx_word' id='word_1_250' title='bbox 478 2329 576 2382; x_wconf 88' lang='lat' dir='ltr'><strong>exacto</strong></span> <span class='ocrx_word' id='word_1_251' title='bbox 599 2324 634 2380; x_wconf 89' lang='lat' dir='ltr'><strong>ad</strong></span> <span class='ocrx_word' id='word_1_252' title='bbox 657 2325 745 2396; x_wconf 88' lang='lat' dir='ltr'><strong>legem</strong></span> <span class='ocrx_word' id='word_1_253' title='bbox 769 2325 842 2381; x_wconf 90' lang='lat' dir='ltr'><strong>illam</strong></span> <span class='ocrx_word' id='word_1_254' title='bbox 866 2325 1069 2383; x_wconf 86' lang='lat' dir='ltr'><strong>scholasticam:</strong></span> <span class='ocrx_word' id='word_1_255' title='bbox 1092 2331 1166 2381; x_wconf 89' lang='lat' dir='ltr'><strong>certe</strong></span> <span class='ocrx_word' id='word_1_256' title='bbox 1188 2327 1248 2382; x_wconf 89' lang='lat' dir='ltr'><strong>eius</strong></span> <span class='ocrx_word' id='word_1_257' title='bbox 1265 2341 1320 2382; x_wconf 89' lang='lat' dir='ltr'><strong>non</strong></span> <span class='ocrx_word' id='word_1_258' title='bbox 1337 2327 1403 2382; x_wconf 91' lang='lat' dir='ltr'><strong>noui</strong></span> <span class='ocrx_word' id='word_1_259' title='bbox 1425 2326 1478 2382; x_wconf 88' lang='lat' dir='ltr'><strong>nisi</strong></span> <span class='ocrx_word' id='word_1_260' title='bbox 1496 2325 1565 2381; x_wconf 88' lang='lat' dir='ltr'><strong>duos</strong></span> <span class='ocrx_word' id='word_1_261' title='bbox 1584 2325 1668 2382; x_wconf 87' lang='lat' dir='ltr'><strong>llbros</strong></span> <span class='ocrx_word' id='word_1_262' title='bbox 1686 2339 1750 2380; x_wconf 92' lang='lat' dir='ltr'><strong>curn</strong></span> 
     </span>
     <span class='ocr_line' id='line_1_21' title="bbox 318 2430 1750 2503; baseline -0.001 -15"><span class='ocrx_word' id='word_1_263' title='bbox 318 2433 409 2502; x_wconf 87' lang='lat' dir='ltr'><strong>legum</strong></span> <span class='ocrx_word' id='word_1_264' title='bbox 426 2430 648 2503; x_wconf 87' lang='lat' dir='ltr'><strong>inscriptionibus</strong></span> <span class='ocrx_word' id='word_1_265' title='bbox 667 2430 723 2487; x_wconf 83' lang='lat' dir='ltr'><strong>iere</strong></span> <span class='ocrx_word' id='word_1_266' title='bbox 741 2433 838 2503; x_wconf 90' lang='lat' dir='ltr'><strong>plenis,</strong></span> <span class='ocrx_word' id='word_1_267' title='bbox 856 2431 1019 2488; x_wconf 87' lang='lat' dir='ltr'><strong>Uaticanum</strong></span> <span class='ocrx_word' id='word_1_268' title='bbox 1032 2434 1101 2488; x_wconf 78' lang='lat'>1407</span> <span class='ocrx_word' id='word_1_269' title='bbox 1113 2432 1179 2500; x_wconf 90' lang='lat' dir='ltr'><strong>(W)</strong></span> <span class='ocrx_word' id='word_1_270' title='bbox 1196 2438 1226 2488; x_wconf 94' lang='lat' dir='ltr'><strong>et</strong></span> <span class='ocrx_word' id='word_1_271' title='bbox 1242 2433 1496 2503; x_wconf 80' lang='lat' dir='ltr'><strong>Cantabrigiensem</strong></span> <span class='ocrx_word' id='word_1_272' title='bbox 1509 2433 1562 2501; x_wconf 83' lang='lat' dir='ltr'><strong>(K)</strong></span> <span class='ocrx_word' id='word_1_273' title='bbox 1569 2435 1590 2488; x_wconf 78' lang='lat'><strong>⁸.</strong></span> <span class='ocrx_word' id='word_1_274' title='bbox 1617 2436 1681 2488; x_wconf 89' lang='lat' dir='ltr'><strong>ntut</strong></span> <span class='ocrx_word' id='word_1_275' title='bbox 1698 2439 1750 2502; x_wconf 87' lang='lat' dir='ltr'><strong>est,</strong></span> 
     </span>
     <span class='ocr_line' id='line_1_22' title="bbox 317 2538 1750 2611; baseline -0.001 -16"><span class='ocrx_word' id='word_1_276' title='bbox 317 2546 374 2595; x_wconf 88' lang='lat' dir='ltr'><strong>tam</strong></span> <span class='ocrx_word' id='word_1_277' title='bbox 392 2555 442 2611; x_wconf 93' lang='lat' dir='ltr'><strong>per</strong></span> <span class='ocrx_word' id='word_1_278' title='bbox 458 2539 527 2595; x_wconf 91' lang='lat' dir='ltr'><strong>haec</strong></span> <span class='ocrx_word' id='word_1_279' title='bbox 543 2539 645 2594; x_wconf 91' lang='lat' dir='ltr'><strong>indicia</strong></span> <span class='ocrx_word' id='word_1_280' title='bbox 662 2554 744 2609; x_wconf 90' lang='lat' dir='ltr'><strong>quam</strong></span> <span class='ocrx_word' id='word_1_281' title='bbox 766 2555 816 2610; x_wconf 88' lang='lat' dir='ltr'><strong>per</strong></span> <span class='ocrx_word' id='word_1_282' title='bbox 839 2539 893 2594; x_wconf 84' lang='lat' dir='ltr'><strong>alia</strong></span> <span class='ocrx_word' id='word_1_283' title='bbox 915 2538 1000 2610; x_wconf 88' lang='lat' dir='ltr'><strong>uulgo</strong></span> <span class='ocrx_word' id='word_1_284' title='bbox 1020 2544 1087 2595; x_wconf 92' lang='lat' dir='ltr'><strong>nota</strong></span> <span class='ocrx_word' id='word_1_285' title='bbox 1104 2541 1154 2608; x_wconf 88' lang='lat' dir='ltr'><strong>(lta</strong></span> <span class='ocrx_word' id='word_1_286' title='bbox 1171 2540 1280 2596; x_wconf 89' lang='lat' dir='ltr'><strong>codices</strong></span> <span class='ocrx_word' id='word_1_287' title='bbox 1299 2555 1361 2596; x_wconf 89' lang='lat' dir='ltr'><strong>curn</strong></span> <span class='ocrx_word' id='word_1_288' title='bbox 1378 2541 1472 2610; x_wconf 83' lang='lat' dir='ltr'><strong>glossa</strong></span> <span class='ocrx_word' id='word_1_289' title='bbox 1489 2540 1656 2596; x_wconf 89' lang='lat' dir='ltr'><strong>Bononiensi</strong></span> <span class='ocrx_word' id='word_1_290' title='bbox 1680 2539 1750 2594; x_wconf 83' lang='lat' dir='ltr'><strong>anti-</strong></span> 
     </span>
     <span class='ocr_line' id='line_1_23' title="bbox 318 2645 1749 2719; baseline -0.001 -16"><span class='ocrx_word' id='word_1_291' title='bbox 318 2648 413 2717; x_wconf 91' lang='lat' dir='ltr'><strong>quiore</strong></span> <span class='ocrx_word' id='word_1_292' title='bbox 431 2647 475 2704; x_wconf 90' lang='lat' dir='ltr'><strong>uel</strong></span> <span class='ocrx_word' id='word_1_293' title='bbox 491 2645 585 2716; x_wconf 83' lang='lat' dir='ltr'><strong>glossa</strong></span> <span class='ocrx_word' id='word_1_294' title='bbox 602 2645 726 2702; x_wconf 88' lang='lat' dir='ltr'><strong>destituti</strong></span> <span class='ocrx_word' id='word_1_295' title='bbox 744 2645 953 2717; x_wconf 78' lang='lat' dir='ltr'><strong>praestantiore</strong></span> <span class='ocrx_word' id='word_1_296' title='bbox 966 2646 1105 2703; x_wconf 88' lang='lat' dir='ltr'><strong>codicibus</strong></span> <span class='ocrx_word' id='word_1_297' title='bbox 1118 2654 1250 2719; x_wconf 89' lang='lat' dir='ltr'><strong>apparatu</strong></span> <span class='ocrx_word' id='word_1_298' title='bbox 1262 2648 1432 2703; x_wconf 85' lang='lat' dir='ltr'><strong>Accersiano</strong></span> <span class='ocrx_word' id='word_1_299' title='bbox 1450 2648 1600 2714; x_wconf 87' lang='lat' dir='ltr'><strong>instructis)</strong></span> <span class='ocrx_word' id='word_1_300' title='bbox 1619 2646 1749 2703; x_wconf 90' lang='lat' dir='ltr'><strong>indicium</strong></span> 
     </span>
    </p>
   </div>
   <div class='ocr_carea' id='block_1_3' title="bbox 173 2752 1751 3255">
    <p class='ocr_par' dir='ltr' id='par_1_3' title="bbox 317 2752 1751 3148">
     <span class='ocr_line' id='line_1_24' title="bbox 318 2752 1751 2825; baseline -0.001 -16"><span class='ocrx_word' id='word_1_301' title='bbox 318 2752 383 2810; x_wconf 89' lang='lat' dir='ltr'><strong>Ierri</strong></span> <span class='ocrx_word' id='word_1_302' title='bbox 404 2754 495 2825; x_wconf 90' lang='lat' dir='ltr'><strong>potuit</strong></span> <span class='ocrx_word' id='word_1_303' title='bbox 516 2767 566 2824; x_wconf 93' lang='lat' dir='ltr'><strong>pro</strong></span> <span class='ocrx_word' id='word_1_304' title='bbox 589 2769 619 2809; x_wconf 93' lang='lat' dir='ltr'><strong>re</strong></span> <span class='ocrx_word' id='word_1_305' title='bbox 642 2759 670 2809; x_wconf 94' lang='lat' dir='ltr'><strong>et</strong></span> <span class='ocrx_word' id='word_1_306' title='bbox 693 2752 772 2810; x_wconf 76' lang='lat' dir='ltr'><strong>facile</strong></span> <span class='ocrx_word' id='word_1_307' title='bbox 795 2759 824 2810; x_wconf 90' lang='lat' dir='ltr'><strong>et</strong></span> <span class='ocrx_word' id='word_1_308' title='bbox 846 2757 949 2809; x_wconf 89' lang='lat' dir='ltr'><strong>certum</strong></span> <span class='ocrx_word' id='word_1_309' title='bbox 968 2754 1004 2809; x_wconf 92' lang='lat' dir='ltr'><strong>de</strong></span> <span class='ocrx_word' id='word_1_310' title='bbox 1021 2753 1097 2810; x_wconf 87' lang='lat' dir='ltr'><strong>libris</strong></span> <span class='ocrx_word' id='word_1_311' title='bbox 1113 2755 1332 2811; x_wconf 91' lang='lat' dir='ltr'><strong>Bononiensibus</strong></span> <span class='ocrx_word' id='word_1_312' title='bbox 1356 2759 1385 2810; x_wconf 88' lang='lat' dir='ltr'><strong>et</strong></span> <span class='ocrx_word' id='word_1_313' title='bbox 1402 2754 1498 2812; x_wconf 90' lang='lat' dir='ltr'><strong>electio</strong></span> <span class='ocrx_word' id='word_1_314' title='bbox 1516 2755 1556 2810; x_wconf 91' lang='lat' dir='ltr'><strong>ita</strong></span> <span class='ocrx_word' id='word_1_315' title='bbox 1573 2754 1693 2824; x_wconf 81' lang='lat' dir='ltr'><strong>institut,</strong></span> <span class='ocrx_word' id='word_1_316' title='bbox 1718 2757 1751 2809; x_wconf 91' lang='lat' dir='ltr'><strong>nt</strong></span> 
     </span>
     <span class='ocr_line' id='line_1_25' title="bbox 318 2859 1749 2933; baseline -0.002 -15"><span class='ocrx_word' id='word_1_317' title='bbox 318 2862 395 2918; x_wconf 84' lang='lat' dir='ltr'><strong>caeni</strong></span> <span class='ocrx_word' id='word_1_318' title='bbox 417 2875 472 2917; x_wconf 93' lang='lat' dir='ltr'><strong>non</strong></span> <span class='ocrx_word' id='word_1_319' title='bbox 494 2862 555 2931; x_wconf 88' lang='lat' dir='ltr'><strong>plus</strong></span> <span class='ocrx_word' id='word_1_320' title='bbox 573 2859 738 2918; x_wconf 88' lang='lat' dir='ltr'><strong>tribueretur</strong></span> <span class='ocrx_word' id='word_1_321' title='bbox 759 2875 841 2932; x_wconf 90' lang='lat' dir='ltr'><strong>quam</strong></span> <span class='ocrx_word' id='word_1_322' title='bbox 865 2862 1020 2918; x_wconf 87' lang='lat' dir='ltr'><strong>necessario</strong></span> <span class='ocrx_word' id='word_1_323' title='bbox 1044 2861 1244 2933; x_wconf 90' lang='lat' dir='ltr'><strong>quodammodo</strong></span> <span class='ocrx_word' id='word_1_324' title='bbox 1267 2862 1299 2918; x_wconf 90' lang='lat' dir='ltr'><strong>lit</strong></span> <span class='ocrx_word' id='word_1_325' title='bbox 1316 2863 1344 2918; x_wconf 89' lang='lat' dir='ltr'><strong>in</strong></span> <span class='ocrx_word' id='word_1_326' title='bbox 1361 2863 1410 2917; x_wconf 91' lang='lat' dir='ltr'><strong>tali</strong></span> <span class='ocrx_word' id='word_1_327' title='bbox 1428 2876 1466 2917; x_wconf 92' lang='lat' dir='ltr'><strong>re.</strong></span> <span class='ocrx_word' id='word_1_328' title='bbox 1493 2861 1545 2917; x_wconf 94' lang='lat' dir='ltr'><strong>hoe</strong></span> <span class='ocrx_word' id='word_1_329' title='bbox 1563 2861 1636 2916; x_wconf 90' lang='lat' dir='ltr'><strong>enim</strong></span> <span class='ocrx_word' id='word_1_330' title='bbox 1659 2875 1749 2930; x_wconf 91' lang='lat' dir='ltr'><strong>neque</strong></span> 
     </span>
     <span class='ocr_line' id='line_1_26' title="bbox 318 2966 1749 3040; baseline -0.001 -16"><span class='ocrx_word' id='word_1_331' title='bbox 318 2969 415 3040; x_wconf 86' lang='lat' dir='ltr'><strong>Ignoro</strong></span> <span class='ocrx_word' id='word_1_332' title='bbox 432 2983 483 3025; x_wconf 94' lang='lat' dir='ltr'><strong>nec</strong></span> <span class='ocrx_word' id='word_1_333' title='bbox 501 2966 620 3025; x_wconf 85' lang='lat' dir='ltr'><strong>diffiteor</strong></span> <span class='ocrx_word' id='word_1_334' title='bbox 637 2970 666 3025; x_wconf 89' lang='lat' dir='ltr'><strong>in</strong></span> <span class='ocrx_word' id='word_1_335' title='bbox 683 2967 851 3026; x_wconf 88' lang='lat' dir='ltr'><strong>secundariis</strong></span> <span class='ocrx_word' id='word_1_336' title='bbox 868 2966 945 3024; x_wconf 92' lang='lat' dir='ltr'><strong>libris</strong></span> <span class='ocrx_word' id='word_1_337' title='bbox 963 2967 1096 3039; x_wconf 88' lang='lat' dir='ltr'><strong>eligendis</strong></span> <span class='ocrx_word' id='word_1_338' title='bbox 1117 2974 1226 3040; x_wconf 90' lang='lat' dir='ltr'><strong>praeter</strong></span> <span class='ocrx_word' id='word_1_339' title='bbox 1243 2969 1385 3026; x_wconf 90' lang='lat' dir='ltr'><strong>eonsilium</strong></span> <span class='ocrx_word' id='word_1_340' title='bbox 1406 2969 1489 3025; x_wconf 91' lang='lat' dir='ltr'><strong>etiam</strong></span> <span class='ocrx_word' id='word_1_341' title='bbox 1507 2967 1644 3025; x_wconf 71' lang='lat' dir='ltr'><strong>somonam</strong></span> <span class='ocrx_word' id='word_1_342' title='bbox 1663 2967 1749 3024; x_wconf 91' lang='lat' dir='ltr'><strong>demi·</strong></span> 
     </span>
     <span class='ocr_line' id='line_1_27' title="bbox 317 3073 1566 3148; baseline -0.002 -14"><span class='ocrx_word' id='word_1_343' title='bbox 317 3075 390 3134; x_wconf 91' lang='lat' dir='ltr'><strong>nari:</strong></span> <span class='ocrx_word' id='word_1_344' title='bbox 409 3093 473 3133; x_wconf 91' lang='lat' dir='ltr'><strong>nam</strong></span> <span class='ocrx_word' id='word_1_345' title='bbox 490 3076 652 3147; x_wconf 87' lang='lat' dir='ltr'><strong>requirimus</strong></span> <span class='ocrx_word' id='word_1_346' title='bbox 669 3076 820 3148; x_wconf 91' lang='lat' dir='ltr'><strong>primarios,</strong></span> <span class='ocrx_word' id='word_1_347' title='bbox 838 3073 1004 3147; x_wconf 86' lang='lat' dir='ltr'><strong>ubicumque</strong></span> <span class='ocrx_word' id='word_1_348' title='bbox 1022 3079 1126 3148; x_wconf 87' lang='lat' dir='ltr'><strong>extant,</strong></span> <span class='ocrx_word' id='word_1_349' title='bbox 1144 3077 1172 3132; x_wconf 90' lang='lat' dir='ltr'><strong>in</strong></span> <span class='ocrx_word' id='word_1_350' title='bbox 1189 3076 1233 3133; x_wconf 89' lang='lat' dir='ltr'><strong>his</strong></span> <span class='ocrx_word' id='word_1_351' title='bbox 1250 3091 1317 3133; x_wconf 91' lang='lat' dir='ltr'><strong>uero</strong></span> <span class='ocrx_word' id='word_1_352' title='bbox 1334 3077 1437 3133; x_wconf 89' lang='lat' dir='ltr'><strong>utimur</strong></span> <span class='ocrx_word' id='word_1_353' title='bbox 1453 3075 1566 3147; x_wconf 88' lang='lat' dir='ltr'><strong>paratis.</strong></span> 
     </span>
    </p>

    <p class='ocr_par' dir='ltr' id='par_1_4' title="bbox 173 3183 1750 3255">
     <span class='ocr_line' id='line_1_28' title="bbox 173 3183 1750 3255; baseline -0.001 -16"><span class='ocrx_word' id='word_1_354' title='bbox 173 3193 300 3253; x_wconf 76' lang='lat' dir='ltr'><strong>apparatus</strong></span> <span class='ocrx_word' id='word_1_355' title='bbox 369 3183 476 3240; x_wconf 81' lang='lat' dir='ltr'><strong>Parada</strong></span> <span class='ocrx_word' id='word_1_356' title='bbox 503 3189 594 3240; x_wconf 82' lang='lat' dir='ltr'><strong>autem</strong></span> <span class='ocrx_word' id='word_1_357' title='bbox 619 3199 702 3255; x_wconf 91' lang='lat' dir='ltr'><strong>supra</strong></span> <span class='ocrx_word' id='word_1_358' title='bbox 724 3185 779 3241; x_wconf 88' lang='lat' dir='ltr'><strong>lam</strong></span> <span class='ocrx_word' id='word_1_359' title='bbox 801 3183 859 3239; x_wconf 84' lang='lat' dir='ltr'><strong>diri</strong></span> <span class='ocrx_word' id='word_1_360' title='bbox 882 3198 962 3240; x_wconf 90' lang='lat' dir='ltr'><strong>usum</strong></span> <span class='ocrx_word' id='word_1_361' title='bbox 987 3198 1031 3239; x_wconf 90' lang='lat' dir='ltr'><strong>me</strong></span> <span class='ocrx_word' id='word_1_362' title='bbox 1054 3198 1115 3240; x_wconf 85' lang='lat' dir='ltr'><strong>esse</strong></span> <span class='ocrx_word' id='word_1_363' title='bbox 1138 3199 1193 3240; x_wconf 93' lang='lat' dir='ltr'><strong>non</strong></span> <span class='ocrx_word' id='word_1_364' title='bbox 1215 3189 1272 3239; x_wconf 88' lang='lat' dir='ltr'><strong>tam</strong></span> <span class='ocrx_word' id='word_1_365' title='bbox 1295 3199 1358 3241; x_wconf 88' lang='lat' dir='ltr'><strong>mea</strong></span> <span class='ocrx_word' id='word_1_366' title='bbox 1379 3184 1522 3254; x_wconf 89' lang='lat' dir='ltr'><strong>diligentia</strong></span> <span class='ocrx_word' id='word_1_367' title='bbox 1545 3198 1628 3252; x_wconf 88' lang='lat' dir='ltr'><strong>quam</strong></span> <span class='ocrx_word' id='word_1_368' title='bbox 1652 3183 1750 3252; x_wconf 86' lang='lat' dir='ltr'><strong>aliena,</strong></span> 
     </span>
    </p>
   </div>
   <div class='ocr_carea' id='block_1_4' title="bbox 180 3253 1751 3392">
    <p class='ocr_par' dir='ltr' id='par_1_5' title="bbox 180 3253 1751 3392">
     <span class='ocr_line' id='line_1_29' title="bbox 180 3253 1751 3392; baseline 0.005 -51"><span class='ocrx_word' id='word_1_369' title='bbox 180 3253 300 3302; x_wconf 69' lang='lat' dir='ltr'><strong>achaeae</strong></span> <span class='ocrx_word' id='word_1_370' title='bbox 318 3305 417 3363; x_wconf 90' lang='lat' dir='ltr'><strong>nempe</strong></span> <span class='ocrx_word' id='word_1_371' title='bbox 429 3290 550 3347; x_wconf 81' lang='lat' dir='ltr'><strong>Eduardi</strong></span> <span class='ocrx_word' id='word_1_372' title='bbox 562 3289 705 3348; x_wconf 84' lang='lat' dir='ltr'><strong>Schraderi</strong></span> <span class='ocrx_word' id='word_1_373' title='bbox 717 3290 901 3362; x_wconf 86' lang='lat' dir='ltr'><strong>Tubingenais</strong></span> <span class='ocrx_word' id='word_1_374' title='bbox 919 3292 1136 3358; x_wconf 72' lang='lat' dir='ltr'><strong>(tire-1860).</strong></span> <span class='ocrx_word' id='word_1_375' title='bbox 1164 3291 1211 3362; x_wconf 91' lang='lat' dir='ltr'><strong>qui</strong></span> <span class='ocrx_word' id='word_1_376' title='bbox 1228 3306 1291 3347; x_wconf 92' lang='lat' dir='ltr'><strong>cnm</strong></span> <span class='ocrx_word' id='word_1_377' title='bbox 1309 3307 1359 3361; x_wconf 91' lang='lat' dir='ltr'><strong>per</strong></span> <span class='ocrx_word' id='word_1_378' title='bbox 1376 3305 1462 3347; x_wconf 88' lang='lat' dir='ltr'><strong>annos</strong></span> <span class='ocrx_word' id='word_1_379' title='bbox 1480 3289 1537 3346; x_wconf 87' lang='lat' dir='ltr'><strong>lere</strong></span> <span class='ocrx_word' id='word_1_380' title='bbox 1549 3290 1751 3392; x_wconf 74' lang='lat' dir='ltr'><strong>quinquagiuta</strong></span> 
     </span>
    </p>
   </div>
   <div class='ocr_carea' id='block_1_5' title="bbox 318 3395 1752 3470">
    <p class='ocr_par' dir='ltr' id='par_1_6' title="bbox 318 3395 1752 3470">
     <span class='ocr_line' id='line_1_30' title="bbox 318 3395 1752 3470; baseline -0.001 -18"><span class='ocrx_word' id='word_1_381' title='bbox 318 3397 346 3452; x_wconf 87' lang='lat' dir='ltr'><strong>ln</strong></span> <span class='ocrx_word' id='word_1_382' title='bbox 372 3397 493 3468; x_wconf 91' lang='lat' dir='ltr'><strong>corporis</strong></span> <span class='ocrx_word' id='word_1_383' title='bbox 519 3399 585 3454; x_wconf 86' lang='lat' dir='ltr'><strong>iuria</strong></span> <span class='ocrx_word' id='word_1_384' title='bbox 612 3397 732 3454; x_wconf 91' lang='lat' dir='ltr'><strong>editione</strong></span> <span class='ocrx_word' id='word_1_385' title='bbox 757 3397 880 3470; x_wconf 87' lang='lat' dir='ltr'><strong>paranda</strong></span> <span class='ocrx_word' id='word_1_386' title='bbox 903 3396 1083 3468; x_wconf 89' lang='lat' dir='ltr'><strong>elaborasset,</strong></span> <span class='ocrx_word' id='word_1_387' title='bbox 1111 3412 1171 3453; x_wconf 89' lang='lat' dir='ltr'><strong>eam</strong></span> <span class='ocrx_word' id='word_1_388' title='bbox 1196 3413 1250 3454; x_wconf 94' lang='lat' dir='ltr'><strong>non</strong></span> <span class='ocrx_word' id='word_1_389' title='bbox 1276 3395 1397 3455; x_wconf 86' lang='lat' dir='ltr'><strong>absoluit</strong></span> <span class='ocrx_word' id='word_1_390' title='bbox 1422 3397 1558 3469; x_wconf 75' lang='lat' dir='ltr'><strong>quidem⁸‚</strong></span> <span class='ocrx_word' id='word_1_391' title='bbox 1586 3396 1637 3454; x_wconf 92' lang='lat' dir='ltr'><strong>sed</strong></span> <span class='ocrx_word' id='word_1_392' title='bbox 1663 3397 1752 3452; x_wconf 89' lang='lat' dir='ltr'><strong>multa</strong></span> 
     </span>
    </p>
   </div>
   <div class='ocr_carea' id='block_1_6' title="bbox 318 3575 1753 5069">
    <p class='ocr_par' dir='ltr' id='par_1_7' title="bbox 318 3575 1753 5069">
     <span class='ocr_line' id='line_1_31' title="bbox 372 3575 1751 3645; baseline 0.001 -18"><span class='ocrx_word' id='word_1_393' title='bbox 372 3578 381 3611; x_wconf 88' lang='lat'>¹</span> <span class='ocrx_word' id='word_1_394' title='bbox 406 3576 472 3628; x_wconf 89' lang='lat' dir='ltr'><strong>Uide</strong></span> <span class='ocrx_word' id='word_1_395' title='bbox 489 3575 564 3628; x_wconf 90' lang='lat' dir='ltr'><strong>uol.I</strong></span> <span class='ocrx_word' id='word_1_396' title='bbox 582 3577 704 3645; x_wconf 86' lang='lat' dir='ltr'>app.IIII</span> <span class='ocrx_word' id='word_1_397' title='bbox 721 3595 747 3643; x_wconf 93' lang='lat' dir='ltr'><strong>p.</strong></span> <span class='ocrx_word' id='word_1_398' title='bbox 759 3577 807 3629; x_wconf 85' lang='lat'><strong>35·</strong></span> <span class='ocrx_word' id='word_1_399' title='bbox 822 3594 874 3642; x_wconf 89' lang='lat' dir='ltr'><strong>aeq.</strong></span> <span class='ocrx_word' id='word_1_400' title='bbox 981 3575 994 3611; x_wconf 80' lang='lat'><strong>¹</strong></span> <span class='ocrx_word' id='word_1_401' title='bbox 1015 3576 1082 3628; x_wconf 79' lang='lat' dir='ltr'><strong>Fieri</strong></span> <span class='ocrx_word' id='word_1_402' title='bbox 1100 3585 1197 3643; x_wconf 87' lang='lat' dir='ltr'><strong>potest,</strong></span> <span class='ocrx_word' id='word_1_403' title='bbox 1218 3585 1247 3628; x_wconf 90' lang='lat' dir='ltr'><strong>ut</strong></span> <span class='ocrx_word' id='word_1_404' title='bbox 1264 3578 1364 3644; x_wconf 84' lang='lat' dir='ltr'><strong>digesta</strong></span> <span class='ocrx_word' id='word_1_405' title='bbox 1388 3577 1471 3628; x_wconf 87' lang='lat' dir='ltr'><strong>denuo</strong></span> <span class='ocrx_word' id='word_1_406' title='bbox 1494 3576 1520 3628; x_wconf 91' lang='lat' dir='ltr'><strong>in</strong></span> <span class='ocrx_word' id='word_1_407' title='bbox 1543 3575 1625 3628; x_wconf 86' lang='lat' dir='ltr'><strong>lucem</strong></span> <span class='ocrx_word' id='word_1_408' title='bbox 1650 3577 1751 3644; x_wconf 85' lang='lat' dir='ltr'><strong>prolata</strong></span> 
     </span>
     <span class='ocr_line' id='line_1_32' title="bbox 319 3663 1750 3732; baseline 0 -17"><span class='ocrx_word' id='word_1_409' title='bbox 319 3664 369 3716; x_wconf 89' lang='lat' dir='ltr'><strong>sint</strong></span> <span class='ocrx_word' id='word_1_410' title='bbox 386 3682 436 3715; x_wconf 92' lang='lat' dir='ltr'><strong>non</strong></span> <span class='ocrx_word' id='word_1_411' title='bbox 454 3673 508 3716; x_wconf 83' lang='lat' dir='ltr'><strong>tota</strong></span> <span class='ocrx_word' id='word_1_412' title='bbox 525 3665 611 3728; x_wconf 87' lang='lat' dir='ltr'><strong>simul,</strong></span> <span class='ocrx_word' id='word_1_413' title='bbox 629 3665 675 3717; x_wconf 90' lang='lat' dir='ltr'><strong>sed</strong></span> <span class='ocrx_word' id='word_1_414' title='bbox 692 3682 738 3732; x_wconf 92' lang='lat' dir='ltr'><strong>per</strong></span> <span class='ocrx_word' id='word_1_415' title='bbox 755 3666 857 3732; x_wconf 65' lang='lat' dir='ltr'><strong>gradua</strong></span> <span class='ocrx_word' id='word_1_416' title='bbox 874 3673 903 3715; x_wconf 94' lang='lat' dir='ltr'><strong>ut</strong></span> <span class='ocrx_word' id='word_1_417' title='bbox 920 3663 1071 3730; x_wconf 86' lang='lat' dir='ltr'><strong>aliquamdiu</strong></span> <span class='ocrx_word' id='word_1_418' title='bbox 1090 3665 1170 3730; x_wconf 86' lang='lat' dir='ltr'><strong>prima</strong></span> <span class='ocrx_word' id='word_1_419' title='bbox 1187 3683 1246 3732; x_wconf 89' lang='lat' dir='ltr'><strong>pars</strong></span> <span class='ocrx_word' id='word_1_420' title='bbox 1265 3666 1332 3727; x_wconf 90' lang='lat' dir='ltr'><strong>sola,</strong></span> <span class='ocrx_word' id='word_1_421' title='bbox 1351 3683 1415 3732; x_wconf 88' lang='lat' dir='ltr'><strong>quae</strong></span> <span class='ocrx_word' id='word_1_422' title='bbox 1434 3666 1512 3718; x_wconf 91' lang='lat' dir='ltr'><strong>Uetus</strong></span> <span class='ocrx_word' id='word_1_423' title='bbox 1531 3665 1635 3728; x_wconf 89' lang='lat' dir='ltr'><strong>dieitur,</strong></span> <span class='ocrx_word' id='word_1_424' title='bbox 1654 3665 1750 3716; x_wconf 85' lang='lat' dir='ltr'><strong>descri-</strong></span> 
     </span>
     <span class='ocr_line' id='line_1_33' title="bbox 318 3752 1750 3821; baseline 0 -18"><span class='ocrx_word' id='word_1_425' title='bbox 318 3752 420 3804; x_wconf 89' lang='lat' dir='ltr'><strong>beretur</strong></span> <span class='ocrx_word' id='word_1_426' title='bbox 438 3761 463 3804; x_wconf 89' lang='lat' dir='ltr'><strong>et</strong></span> <span class='ocrx_word' id='word_1_427' title='bbox 481 3754 507 3805; x_wconf 90' lang='lat' dir='ltr'><strong>in</strong></span> <span class='ocrx_word' id='word_1_428' title='bbox 524 3753 616 3806; x_wconf 86' lang='lat' dir='ltr'><strong>scholis</strong></span> <span class='ocrx_word' id='word_1_429' title='bbox 634 3763 790 3806; x_wconf 68' lang='lat' dir='ltr'><strong>mactaretur.</strong></span> <span class='ocrx_word' id='word_1_430' title='bbox 816 3761 964 3820; x_wconf 80' lang='lat' dir='ltr'><strong>argumenta</strong></span> <span class='ocrx_word' id='word_1_431' title='bbox 981 3762 1065 3804; x_wconf 86' lang='lat' dir='ltr'><strong>tamen</strong></span> <span class='ocrx_word' id='word_1_432' title='bbox 1084 3762 1152 3804; x_wconf 90' lang='lat' dir='ltr'><strong>certa</strong></span> <span class='ocrx_word' id='word_1_433' title='bbox 1170 3754 1303 3816; x_wconf 88' lang='lat' dir='ltr'><strong>deficiunt,</strong></span> <span class='ocrx_word' id='word_1_434' title='bbox 1326 3755 1373 3805; x_wconf 89' lang='lat' dir='ltr'><strong>nisi</strong></span> <span class='ocrx_word' id='word_1_435' title='bbox 1391 3755 1456 3806; x_wconf 80' lang='lat' dir='ltr'><strong>sorte</strong></span> <span class='ocrx_word' id='word_1_436' title='bbox 1474 3755 1522 3821; x_wconf 89' lang='lat' dir='ltr'><strong>ipsi</strong></span> <span class='ocrx_word' id='word_1_437' title='bbox 1541 3753 1640 3804; x_wconf 88' lang='lat' dir='ltr'><strong>Ueteris</strong></span> <span class='ocrx_word' id='word_1_438' title='bbox 1659 3753 1750 3819; x_wconf 88' lang='lat' dir='ltr'><strong>appel-</strong></span> 
     </span>
     <span class='ocr_line' id='line_1_34' title="bbox 318 3841 1751 3908; baseline 0.001 -17"><span class='ocrx_word' id='word_1_439' title='bbox 318 3841 412 3894; x_wconf 88' lang='lat' dir='ltr'><strong>latione</strong></span> <span class='ocrx_word' id='word_1_440' title='bbox 430 3850 527 3893; x_wconf 88' lang='lat' dir='ltr'><strong>tantum</strong></span> <span class='ocrx_word' id='word_1_441' title='bbox 544 3842 651 3894; x_wconf 86' lang='lat' dir='ltr'><strong>tribuas:</strong></span> <span class='ocrx_word' id='word_1_442' title='bbox 675 3861 733 3895; x_wconf 87' lang='lat' dir='ltr'><strong>nam</strong></span> <span class='ocrx_word' id='word_1_443' title='bbox 756 3842 919 3908; x_wconf 86' lang='lat' dir='ltr'><strong>antiquissimi</strong></span> <span class='ocrx_word' id='word_1_444' title='bbox 943 3842 1034 3908; x_wconf 89' lang='lat' dir='ltr'><strong>quique</strong></span> <span class='ocrx_word' id='word_1_445' title='bbox 1057 3851 1172 3895; x_wconf 89' lang='lat' dir='ltr'><strong>auctores</strong></span> <span class='ocrx_word' id='word_1_446' title='bbox 1196 3844 1243 3895; x_wconf 86' lang='lat' dir='ltr'><strong>etsi</strong></span> <span class='ocrx_word' id='word_1_447' title='bbox 1267 3843 1320 3895; x_wconf 90' lang='lat' dir='ltr'><strong>solo</strong></span> <span class='ocrx_word' id='word_1_448' title='bbox 1341 3843 1395 3894; x_wconf 76' lang='lat' dir='ltr'><strong>l&#39;ere</strong></span> <span class='ocrx_word' id='word_1_449' title='bbox 1413 3843 1507 3894; x_wconf 86' lang='lat' dir='ltr'><strong>Uetere</strong></span> <span class='ocrx_word' id='word_1_450' title='bbox 1524 3851 1641 3904; x_wconf 89' lang='lat' dir='ltr'><strong>utuntur,</strong></span> <span class='ocrx_word' id='word_1_451' title='bbox 1665 3851 1751 3893; x_wconf 87' lang='lat' dir='ltr'><strong>tamen</strong></span> 
     </span>
     <span class='ocr_line' id='line_1_35' title="bbox 319 3931 1750 3999; baseline 0 -18"><span class='ocrx_word' id='word_1_452' title='bbox 319 3939 411 3982; x_wconf 87' lang='lat' dir='ltr'><strong>norunt</strong></span> <span class='ocrx_word' id='word_1_453' title='bbox 433 3932 508 3982; x_wconf 85' lang='lat' dir='ltr'><strong>etiam</strong></span> <span class='ocrx_word' id='word_1_454' title='bbox 532 3932 688 3984; x_wconf 84' lang='lat' dir='ltr'><strong>Infertiatum</strong></span> <span class='ocrx_word' id='word_1_455' title='bbox 711 3940 737 3984; x_wconf 91' lang='lat' dir='ltr'><strong>et</strong></span> <span class='ocrx_word' id='word_1_456' title='bbox 759 3931 866 3984; x_wconf 89' lang='lat' dir='ltr'><strong>Nouum.</strong></span> <span class='ocrx_word' id='word_1_457' title='bbox 897 3939 981 3998; x_wconf 87' lang='lat' dir='ltr'><strong>potest</strong></span> <span class='ocrx_word' id='word_1_458' title='bbox 1004 3932 1064 3982; x_wconf 89' lang='lat' dir='ltr'><strong>item</strong></span> <span class='ocrx_word' id='word_1_459' title='bbox 1087 3931 1155 3994; x_wconf 86' lang='lat' dir='ltr'><strong>fieri,</strong></span> <span class='ocrx_word' id='word_1_460' title='bbox 1179 3943 1207 3984; x_wconf 91' lang='lat' dir='ltr'><strong>ut</strong></span> <span class='ocrx_word' id='word_1_461' title='bbox 1228 3933 1253 3983; x_wconf 92' lang='lat' dir='ltr'><strong>in</strong></span> <span class='ocrx_word' id='word_1_462' title='bbox 1277 3933 1368 3985; x_wconf 85' lang='lat' dir='ltr'><strong>scholis</strong></span> <span class='ocrx_word' id='word_1_463' title='bbox 1387 3933 1456 3984; x_wconf 90' lang='lat' dir='ltr'><strong>initio</strong></span> <span class='ocrx_word' id='word_1_464' title='bbox 1478 3933 1558 3999; x_wconf 88' lang='lat' dir='ltr'><strong>prima</strong></span> <span class='ocrx_word' id='word_1_465' title='bbox 1575 3941 1672 3982; x_wconf 90' lang='lat' dir='ltr'><strong>tantum</strong></span> <span class='ocrx_word' id='word_1_466' title='bbox 1691 3949 1750 3998; x_wconf 88' lang='lat' dir='ltr'><strong>pars</strong></span> 
     </span>
     <span class='ocr_line' id='line_1_36' title="bbox 319 4018 1752 4088; baseline 0.001 -19"><span class='ocrx_word' id='word_1_467' title='bbox 319 4018 494 4086; x_wconf 83' lang='lat' dir='ltr'><strong>explicaretur,</strong></span> <span class='ocrx_word' id='word_1_468' title='bbox 512 4021 565 4072; x_wconf 84' lang='lat' dir='ltr'><strong>fere</strong></span> <span class='ocrx_word' id='word_1_469' title='bbox 583 4031 611 4072; x_wconf 91' lang='lat' dir='ltr'><strong>ut</strong></span> <span class='ocrx_word' id='word_1_470' title='bbox 628 4021 696 4088; x_wconf 87' lang='lat' dir='ltr'><strong>apud</strong></span> <span class='ocrx_word' id='word_1_471' title='bbox 715 4021 840 4083; x_wconf 86' lang='lat' dir='ltr'><strong>Graecos,</strong></span> <span class='ocrx_word' id='word_1_472' title='bbox 861 4030 887 4072; x_wconf 87' lang='lat' dir='ltr'><strong>ct</strong></span> <span class='ocrx_word' id='word_1_473' title='bbox 904 4021 964 4071; x_wconf 90' lang='lat' dir='ltr'><strong>inde</strong></span> <span class='ocrx_word' id='word_1_474' title='bbox 981 4018 1045 4072; x_wconf 87' lang='lat' dir='ltr'><strong>haec</strong></span> <span class='ocrx_word' id='word_1_475' title='bbox 1062 4019 1138 4086; x_wconf 85' lang='lat' dir='ltr'><strong>longe</strong></span> <span class='ocrx_word' id='word_1_476' title='bbox 1156 4021 1310 4088; x_wconf 80' lang='lat' dir='ltr'><strong>frequentius</strong></span> <span class='ocrx_word' id='word_1_477' title='bbox 1329 4021 1480 4087; x_wconf 90' lang='lat' dir='ltr'><strong>allegaretur</strong></span> <span class='ocrx_word' id='word_1_478' title='bbox 1498 4038 1572 4087; x_wconf 91' lang='lat' dir='ltr'><strong>quam</strong></span> <span class='ocrx_word' id='word_1_479' title='bbox 1589 4021 1647 4071; x_wconf 90' lang='lat' dir='ltr'><strong>libri</strong></span> <span class='ocrx_word' id='word_1_480' title='bbox 1664 4019 1752 4070; x_wconf 85' lang='lat' dir='ltr'>XXVI</span> 
     </span>
     <span class='ocr_line' id='line_1_37' title="bbox 319 4108 1752 4177; baseline 0.001 -17"><span class='ocrx_word' id='word_1_481' title='bbox 319 4109 478 4175; x_wconf 81' lang='lat' dir='ltr'><strong>posteriores.</strong></span> <span class='ocrx_word' id='word_1_482' title='bbox 584 4109 596 4144; x_wconf 79' lang='lat'>⁸</span> <span class='ocrx_word' id='word_1_483' title='bbox 617 4111 682 4162; x_wconf 91' lang='lat' dir='ltr'><strong>Uide</strong></span> <span class='ocrx_word' id='word_1_484' title='bbox 700 4110 774 4163; x_wconf 84' lang='lat' dir='ltr'><strong>ueLI</strong></span> <span class='ocrx_word' id='word_1_485' title='bbox 792 4109 889 4177; x_wconf 79' lang='lat' dir='ltr'><strong>p.17·.</strong></span> <span class='ocrx_word' id='word_1_486' title='bbox 916 4109 1012 4160; x_wconf 87' lang='lat' dir='ltr'><strong>aceedit</strong></span> <span class='ocrx_word' id='word_1_487' title='bbox 1034 4110 1113 4161; x_wconf 83' lang='lat' dir='ltr'><strong>codex</strong></span> <span class='ocrx_word' id='word_1_488' title='bbox 1137 4111 1339 4162; x_wconf 84' lang='lat' dir='ltr'><strong>Uindobonenaia</strong></span> <span class='ocrx_word' id='word_1_489' title='bbox 1363 4128 1388 4162; x_wconf 90' lang='lat' dir='ltr'><strong>n.</strong></span> <span class='ocrx_word' id='word_1_490' title='bbox 1401 4109 1472 4162; x_wconf 89' lang='grc'><strong>2120</strong></span> <span class='ocrx_word' id='word_1_491' title='bbox 1496 4127 1561 4162; x_wconf 87' lang='lat' dir='ltr'><strong>saec.</strong></span> <span class='ocrx_word' id='word_1_492' title='bbox 1574 4108 1637 4160; x_wconf 84' lang='lat' dir='ltr'>XIII</span> <span class='ocrx_word' id='word_1_493' title='bbox 1660 4125 1717 4161; x_wconf 89' lang='lat' dir='ltr'><strong>sero</strong></span> <span class='ocrx_word' id='word_1_494' title='bbox 1736 4127 1752 4160; x_wconf 88' lang='lat' dir='ltr'><strong>a</strong></span> 
     </span>
     <span class='ocr_line' id='line_1_38' title="bbox 319 4197 1752 4266; baseline 0 -18"><span class='ocrx_word' id='word_1_495' title='bbox 319 4215 359 4249; x_wconf 90' lang='lat' dir='ltr'><strong>me</strong></span> <span class='ocrx_word' id='word_1_496' title='bbox 376 4205 504 4265; x_wconf 87' lang='lat' dir='ltr'><strong>repertus,</strong></span> <span class='ocrx_word' id='word_1_497' title='bbox 528 4199 574 4250; x_wconf 85' lang='lat' dir='ltr'><strong>aed</strong></span> <span class='ocrx_word' id='word_1_498' title='bbox 592 4215 666 4266; x_wconf 90' lang='lat' dir='ltr'><strong>quem</strong></span> <span class='ocrx_word' id='word_1_499' title='bbox 684 4200 731 4251; x_wconf 84' lang='lat' dir='ltr'><strong>etsi</strong></span> <span class='ocrx_word' id='word_1_500' title='bbox 749 4208 808 4251; x_wconf 90' lang='lat' dir='ltr'><strong>ante</strong></span> <span class='ocrx_word' id='word_1_501' title='bbox 826 4199 959 4260; x_wconf 87' lang='lat' dir='ltr'><strong>uidissem,</strong></span> <span class='ocrx_word' id='word_1_502' title='bbox 982 4199 1008 4249; x_wconf 92' lang='lat' dir='ltr'><strong>in</strong></span> <span class='ocrx_word' id='word_1_503' title='bbox 1031 4199 1088 4265; x_wconf 80' lang='lat' dir='ltr'><strong>ipsa</strong></span> <span class='ocrx_word' id='word_1_504' title='bbox 1111 4199 1221 4252; x_wconf 88' lang='lat' dir='ltr'><strong>editione</strong></span> <span class='ocrx_word' id='word_1_505' title='bbox 1245 4219 1295 4252; x_wconf 94' lang='lat' dir='ltr'><strong>non</strong></span> <span class='ocrx_word' id='word_1_506' title='bbox 1314 4199 1491 4251; x_wconf 88' lang='lat' dir='ltr'><strong>adhibuissem.</strong></span> <span class='ocrx_word' id='word_1_507' title='bbox 1598 4199 1610 4232; x_wconf 90' lang='lat'><strong>⁴</strong></span> <span class='ocrx_word' id='word_1_508' title='bbox 1626 4197 1752 4248; x_wconf 80' lang='lat' dir='ltr'><strong>Inl‘ortiati</strong></span> 
     </span>
     <span class='ocr_line' id='line_1_39' title="bbox 319 4285 1751 4356; baseline 0 -18"><span class='ocrx_word' id='word_1_509' title='bbox 319 4285 456 4338; x_wconf 87' lang='lat' dir='ltr'><strong>Uaticanus</strong></span> <span class='ocrx_word' id='word_1_510' title='bbox 468 4288 651 4340; x_wconf 85' lang='lat' dir='ltr'><strong>Otteboniauns</strong></span> <span class='ocrx_word' id='word_1_511' title='bbox 669 4306 694 4340; x_wconf 90' lang='lat' dir='ltr'><strong>n.</strong></span> <span class='ocrx_word' id='word_1_512' title='bbox 709 4289 776 4340; x_wconf 87' lang='lat' dir='ltr'><strong>leee</strong></span> <span class='ocrx_word' id='word_1_513' title='bbox 794 4305 859 4340; x_wconf 88' lang='lat' dir='ltr'><strong>saec.</strong></span> <span class='ocrx_word' id='word_1_514' title='bbox 872 4288 942 4351; x_wconf 85' lang='lat' dir='ltr'>XIII,</span> <span class='ocrx_word' id='word_1_515' title='bbox 962 4290 1031 4342; x_wconf 91' lang='lat' dir='ltr'><strong>cuius</strong></span> <span class='ocrx_word' id='word_1_516' title='bbox 1050 4290 1134 4356; x_wconf 86' lang='lat' dir='ltr'><strong>aliqua</strong></span> <span class='ocrx_word' id='word_1_517' title='bbox 1151 4290 1292 4356; x_wconf 85' lang='lat' dir='ltr'><strong>expectatio</strong></span> <span class='ocrx_word' id='word_1_518' title='bbox 1311 4289 1358 4340; x_wconf 85' lang='lat' dir='ltr'><strong>luit</strong></span> <span class='ocrx_word' id='word_1_519' title='bbox 1370 4288 1438 4355; x_wconf 90' lang='lat' dir='ltr'><strong>apud</strong></span> <span class='ocrx_word' id='word_1_520' title='bbox 1450 4288 1538 4339; x_wconf 90' lang='lat' dir='ltr'><strong>harum</strong></span> <span class='ocrx_word' id='word_1_521' title='bbox 1550 4304 1634 4338; x_wconf 88' lang='lat' dir='ltr'><strong>rerum</strong></span> <span class='ocrx_word' id='word_1_522' title='bbox 1647 4287 1751 4354; x_wconf 87' lang='lat' dir='ltr'><strong>peritos,</strong></span> 
     </span>
     <span class='ocr_line' id='line_1_40' title="bbox 320 4376 1751 4445; baseline 0.001 -19"><span class='ocrx_word' id='word_1_523' title='bbox 320 4391 375 4427; x_wconf 89' lang='lat' dir='ltr'><strong>cum</strong></span> <span class='ocrx_word' id='word_1_524' title='bbox 397 4385 423 4428; x_wconf 92' lang='lat' dir='ltr'><strong>et</strong></span> <span class='ocrx_word' id='word_1_525' title='bbox 440 4395 486 4443; x_wconf 91' lang='lat' dir='ltr'><strong>pro</strong></span> <span class='ocrx_word' id='word_1_526' title='bbox 505 4376 609 4430; x_wconf 88' lang='lat' dir='ltr'><strong>Graecis</strong></span> <span class='ocrx_word' id='word_1_527' title='bbox 629 4377 860 4445; x_wconf 85' lang='lat' dir='ltr'><strong>interpretationem</strong></span> <span class='ocrx_word' id='word_1_528' title='bbox 883 4379 998 4431; x_wconf 84' lang='lat' dir='ltr'><strong>Latinam</strong></span> <span class='ocrx_word' id='word_1_529' title='bbox 1020 4379 1114 4431; x_wconf 89' lang='lat' dir='ltr'><strong>habeat</strong></span> <span class='ocrx_word' id='word_1_530' title='bbox 1136 4396 1218 4444; x_wconf 90' lang='lat' dir='ltr'><strong>neque</strong></span> <span class='ocrx_word' id='word_1_531' title='bbox 1239 4377 1328 4443; x_wconf 89' lang='lat' dir='ltr'><strong>plenas</strong></span> <span class='ocrx_word' id='word_1_532' title='bbox 1353 4377 1526 4444; x_wconf 87' lang='lat' dir='ltr'><strong>inscriptiones</strong></span> <span class='ocrx_word' id='word_1_533' title='bbox 1549 4377 1678 4428; x_wconf 85' lang='lat' dir='ltr'><strong>continuas</strong></span> <span class='ocrx_word' id='word_1_534' title='bbox 1702 4376 1751 4427; x_wconf 84' lang='lat' dir='ltr'><strong>nisi</strong></span> 
     </span>
     <span class='ocr_line' id='line_1_41' title="bbox 320 4464 1752 4534; baseline 0 -18"><span class='ocrx_word' id='word_1_535' title='bbox 320 4483 336 4516; x_wconf 86' lang='lat' dir='ltr'><strong>a</strong></span> <span class='ocrx_word' id='word_1_536' title='bbox 358 4465 375 4516; x_wconf 92' lang='lat' dir='ltr'><strong>l.</strong></span> <span class='ocrx_word' id='word_1_537' title='bbox 393 4464 435 4529; x_wconf 88' lang='lat'><strong>32,</strong></span> <span class='ocrx_word' id='word_1_538' title='bbox 454 4466 489 4518; x_wconf 84' lang='lat'><strong>30</strong></span> <span class='ocrx_word' id='word_1_539' title='bbox 512 4466 545 4518; x_wconf 85' lang='lat' dir='ltr'><strong>ad</strong></span> <span class='ocrx_word' id='word_1_540' title='bbox 570 4467 586 4518; x_wconf 94' lang='lat' dir='ltr'><strong>l.</strong></span> <span class='ocrx_word' id='word_1_541' title='bbox 603 4467 645 4532; x_wconf 68' lang='lat'><strong>34,</strong></span> <span class='ocrx_word' id='word_1_542' title='bbox 663 4467 694 4530; x_wconf 87' lang='lat'><strong>4,</strong></span> <span class='ocrx_word' id='word_1_543' title='bbox 718 4475 849 4534; x_wconf 80' lang='lat' dir='ltr'><strong>praeterea</strong></span> <span class='ocrx_word' id='word_1_544' title='bbox 873 4485 974 4534; x_wconf 87' lang='lat' dir='ltr'><strong>sparsae</strong></span> <span class='ocrx_word' id='word_1_545' title='bbox 998 4476 1094 4521; x_wconf 86' lang='lat' dir='ltr'><strong>tantum</strong></span> <span class='ocrx_word' id='word_1_546' title='bbox 1118 4478 1144 4520; x_wconf 91' lang='lat' dir='ltr'><strong>et</strong></span> <span class='ocrx_word' id='word_1_547' title='bbox 1165 4485 1249 4527; x_wconf 86' lang='lat' dir='ltr'><strong>raras,</strong></span> <span class='ocrx_word' id='word_1_548' title='bbox 1273 4476 1299 4518; x_wconf 90' lang='lat' dir='ltr'><strong>et</strong></span> <span class='ocrx_word' id='word_1_549' title='bbox 1322 4466 1529 4532; x_wconf 80' lang='lat' dir='ltr'><strong>interpolationes</strong></span> <span class='ocrx_word' id='word_1_550' title='bbox 1552 4466 1701 4517; x_wconf 88' lang='lat' dir='ltr'><strong>uetustiores</strong></span> <span class='ocrx_word' id='word_1_551' title='bbox 1725 4473 1752 4516; x_wconf 86' lang='lat' dir='ltr'><strong>et</strong></span> 
     </span>
     <span class='ocr_line' id='line_1_42' title="bbox 319 4553 1751 4625; baseline -0.001 -20"><span class='ocrx_word' id='word_1_552' title='bbox 319 4554 437 4621; x_wconf 85' lang='lat' dir='ltr'><strong>uulgares</strong></span> <span class='ocrx_word' id='word_1_553' title='bbox 460 4555 593 4624; x_wconf 88' lang='lat' dir='ltr'><strong>plerasque</strong></span> <span class='ocrx_word' id='word_1_554' title='bbox 616 4573 715 4618; x_wconf 89' lang='lat' dir='ltr'><strong>omnes,</strong></span> <span class='ocrx_word' id='word_1_555' title='bbox 742 4557 868 4622; x_wconf 91' lang='lat' dir='ltr'><strong>specimen</strong></span> <span class='ocrx_word' id='word_1_556' title='bbox 892 4565 989 4609; x_wconf 91' lang='lat' dir='ltr'><strong>tantum</strong></span> <span class='ocrx_word' id='word_1_557' title='bbox 1011 4558 1130 4625; x_wconf 87' lang='lat' dir='ltr'><strong>preposui</strong></span> <span class='ocrx_word' id='word_1_558' title='bbox 1153 4559 1179 4608; x_wconf 92' lang='lat' dir='ltr'><strong>in</strong></span> <span class='ocrx_word' id='word_1_559' title='bbox 1203 4555 1252 4608; x_wconf 89' lang='lat' dir='ltr'><strong>uel.</strong></span> <span class='ocrx_word' id='word_1_560' title='bbox 1268 4557 1293 4607; x_wconf 94' lang='lat' dir='ltr'><strong>II</strong></span> <span class='ocrx_word' id='word_1_561' title='bbox 1311 4555 1406 4606; x_wconf 75' lang='lat' dir='ltr'><strong>adel</strong></span> <span class='ocrx_word' id='word_1_562' title='bbox 1524 4555 1535 4589; x_wconf 83' lang='lat'>⁵</span> <span class='ocrx_word' id='word_1_563' title='bbox 1558 4555 1646 4620; x_wconf 79' lang='lat' dir='ltr'><strong>Nuper</strong></span> <span class='ocrx_word' id='word_1_564' title='bbox 1667 4553 1751 4604; x_wconf 76' lang='lat' dir='ltr'><strong>Urita-</strong></span> 
     </span>
     <span class='ocr_line' id='line_1_43' title="bbox 319 4641 1751 4713; baseline 0 -19"><span class='ocrx_word' id='word_1_565' title='bbox 319 4641 365 4694; x_wconf 85' lang='lat' dir='ltr'><strong>lari</strong></span> <span class='ocrx_word' id='word_1_566' title='bbox 382 4643 409 4694; x_wconf 86' lang='lat' dir='ltr'><strong>iu</strong></span> <span class='ocrx_word' id='word_1_567' title='bbox 426 4643 521 4696; x_wconf 78' lang='lat' dir='ltr'><strong>Hostia</strong></span> <span class='ocrx_word' id='word_1_568' title='bbox 537 4646 562 4696; x_wconf 92' lang='lat' dir='ltr'><strong>in</strong></span> <span class='ocrx_word' id='word_1_569' title='bbox 581 4645 732 4698; x_wconf 87' lang='lat' dir='ltr'><strong>bibliotheca</strong></span> <span class='ocrx_word' id='word_1_570' title='bbox 750 4662 814 4711; x_wconf 88' lang='lat' dir='ltr'><strong>quae</strong></span> <span class='ocrx_word' id='word_1_571' title='bbox 832 4646 879 4696; x_wconf 82' lang='lat' dir='ltr'><strong>fuit</strong></span> <span class='ocrx_word' id='word_1_572' title='bbox 897 4645 923 4698; x_wconf 86' lang='lat' dir='ltr'><strong>S.</strong></span> <span class='ocrx_word' id='word_1_573' title='bbox 936 4646 1005 4698; x_wconf 88' lang='lat' dir='ltr'><strong>Petri</strong></span> <span class='ocrx_word' id='word_1_574' title='bbox 1028 4655 1129 4713; x_wconf 87' lang='lat' dir='ltr'><strong>reperta</strong></span> <span class='ocrx_word' id='word_1_575' title='bbox 1152 4655 1211 4698; x_wconf 88' lang='lat' dir='ltr'><strong>suut</strong></span> <span class='ocrx_word' id='word_1_576' title='bbox 1234 4653 1352 4710; x_wconf 88' lang='lat' dir='ltr'><strong>quattuor</strong></span> <span class='ocrx_word' id='word_1_577' title='bbox 1374 4645 1435 4697; x_wconf 81' lang='lat' dir='ltr'><strong>folia</strong></span> <span class='ocrx_word' id='word_1_578' title='bbox 1455 4644 1607 4712; x_wconf 85' lang='lat' dir='ltr'><strong>pertinentia</strong></span> <span class='ocrx_word' id='word_1_579' title='bbox 1625 4643 1657 4694; x_wconf 84' lang='lat' dir='ltr'><strong>ad</strong></span> <span class='ocrx_word' id='word_1_580' title='bbox 1676 4642 1751 4708; x_wconf 86' lang='lat' dir='ltr'><strong>dige-</strong></span> 
     </span>
     <span class='ocr_line' id='line_1_44' title="bbox 320 4731 1753 4801; baseline -0.001 -17"><span class='ocrx_word' id='word_1_581' title='bbox 320 4741 413 4784; x_wconf 90' lang='lat' dir='ltr'><strong>storum</strong></span> <span class='ocrx_word' id='word_1_582' title='bbox 431 4733 598 4786; x_wconf 79' lang='lat' dir='ltr'><strong>imvm</strong></span> <span class='ocrx_word' id='word_1_583' title='bbox 621 4735 715 4801; x_wconf 85' lang='lat' dir='ltr'><strong>scripta</strong></span> <span class='ocrx_word' id='word_1_584' title='bbox 737 4735 792 4786; x_wconf 90' lang='lat' dir='ltr'><strong>sine</strong></span> <span class='ocrx_word' id='word_1_585' title='bbox 810 4734 900 4800; x_wconf 81' lang='lat' dir='ltr'><strong>glossis</strong></span> <span class='ocrx_word' id='word_1_586' title='bbox 919 4744 945 4786; x_wconf 91' lang='lat' dir='ltr'><strong>ct</strong></span> <span class='ocrx_word' id='word_1_587' title='bbox 963 4753 1019 4786; x_wconf 88' lang='lat' dir='ltr'><strong>eum</strong></span> <span class='ocrx_word' id='word_1_588' title='bbox 1036 4734 1238 4801; x_wconf 88' lang='lat' dir='ltr'><strong>inscriptionibus</strong></span> <span class='ocrx_word' id='word_1_589' title='bbox 1257 4733 1351 4798; x_wconf 89' lang='lat' dir='ltr'><strong>plenia:</strong></span> <span class='ocrx_word' id='word_1_590' title='bbox 1375 4734 1417 4800; x_wconf 91' lang='lat' dir='ltr'><strong>qui</strong></span> <span class='ocrx_word' id='word_1_591' title='bbox 1440 4733 1504 4786; x_wconf 91' lang='lat' dir='ltr'><strong>liber</strong></span> <span class='ocrx_word' id='word_1_592' title='bbox 1521 4749 1587 4784; x_wconf 88' lang='lat' dir='ltr'><strong>saec.</strong></span> <span class='ocrx_word' id='word_1_593' title='bbox 1606 4741 1635 4783; x_wconf 91' lang='lat' dir='ltr'><strong>ut</strong></span> <span class='ocrx_word' id='word_1_594' title='bbox 1651 4731 1753 4783; x_wconf 85' lang='lat' dir='ltr'><strong>uidetur</strong></span> 
     </span>
     <span class='ocr_line' id='line_1_45' title="bbox 320 4820 1752 4891; baseline -0.001 -18"><span class='ocrx_word' id='word_1_595' title='bbox 320 4821 370 4873; x_wconf 88' lang='lat' dir='ltr'><strong>XII</strong></span> <span class='ocrx_word' id='word_1_596' title='bbox 387 4823 409 4874; x_wconf 88' lang='lat' dir='ltr'><strong>si</strong></span> <span class='ocrx_word' id='word_1_597' title='bbox 427 4831 524 4874; x_wconf 83' lang='lat' dir='ltr'><strong>extaret</strong></span> <span class='ocrx_word' id='word_1_598' title='bbox 541 4823 652 4890; x_wconf 84' lang='lat' dir='ltr'><strong>integer,</strong></span> <span class='ocrx_word' id='word_1_599' title='bbox 677 4823 785 4876; x_wconf 80' lang='lat' dir='ltr'><strong>sortasse</strong></span> <span class='ocrx_word' id='word_1_600' title='bbox 802 4824 920 4891; x_wconf 85' lang='lat' dir='ltr'><strong>princeps</strong></span> <span class='ocrx_word' id='word_1_601' title='bbox 938 4826 1047 4877; x_wconf 90' lang='lat' dir='ltr'><strong>omnium</strong></span> <span class='ocrx_word' id='word_1_602' title='bbox 1068 4824 1228 4876; x_wconf 88' lang='lat' dir='ltr'><strong>iudicaretur.</strong></span> <span class='ocrx_word' id='word_1_603' title='bbox 1255 4823 1351 4873; x_wconf 87' lang='lat' dir='ltr'><strong>rettulit</strong></span> <span class='ocrx_word' id='word_1_604' title='bbox 1370 4823 1401 4873; x_wconf 91' lang='lat' dir='ltr'><strong>de</strong></span> <span class='ocrx_word' id='word_1_605' title='bbox 1420 4839 1450 4874; x_wconf 90' lang='lat' dir='ltr'><strong>eo</strong></span> <span class='ocrx_word' id='word_1_606' title='bbox 1470 4823 1502 4873; x_wconf 88' lang='lat' dir='ltr'><strong>ad</strong></span> <span class='ocrx_word' id='word_1_607' title='bbox 1520 4839 1560 4874; x_wconf 90' lang='lat' dir='ltr'><strong>me</strong></span> <span class='ocrx_word' id='word_1_608' title='bbox 1577 4820 1752 4872; x_wconf 89' lang='lat' dir='ltr'><strong>Ubbelohdius</strong></span> 
     </span>
     <span class='ocr_line' id='line_1_46' title="bbox 320 4909 1752 4981; baseline -0.001 -19"><span class='ocrx_word' id='word_1_609' title='bbox 320 4919 463 4963; x_wconf 87' lang='lat' dir='ltr'><strong>antecessor</strong></span> <span class='ocrx_word' id='word_1_610' title='bbox 480 4911 677 4978; x_wconf 83' lang='lat' dir='ltr'><strong>Marburgensis.</strong></span> <span class='ocrx_word' id='word_1_611' title='bbox 770 4913 902 4964; x_wconf 66' lang='lat' dir='ltr'><strong>⁶Publice</strong></span> <span class='ocrx_word' id='word_1_612' title='bbox 920 4931 971 4966; x_wconf 92' lang='lat' dir='ltr'><strong>non</strong></span> <span class='ocrx_word' id='word_1_613' title='bbox 989 4915 1144 4981; x_wconf 88' lang='lat' dir='ltr'><strong>prodierunt,</strong></span> <span class='ocrx_word' id='word_1_614' title='bbox 1163 4929 1228 4979; x_wconf 88' lang='lat' dir='ltr'><strong>quae</strong></span> <span class='ocrx_word' id='word_1_615' title='bbox 1246 4912 1346 4976; x_wconf 89' lang='lat' dir='ltr'><strong>quidem</strong></span> <span class='ocrx_word' id='word_1_616' title='bbox 1365 4911 1397 4962; x_wconf 86' lang='lat' dir='ltr'><strong>ad</strong></span> <span class='ocrx_word' id='word_1_617' title='bbox 1416 4911 1515 4976; x_wconf 80' lang='lat' dir='ltr'><strong>digesta</strong></span> <span class='ocrx_word' id='word_1_618' title='bbox 1533 4911 1684 4976; x_wconf 87' lang='lat' dir='ltr'><strong>pertineant,</strong></span> <span class='ocrx_word' id='word_1_619' title='bbox 1703 4909 1752 4962; x_wconf 88' lang='lat' dir='ltr'><strong>nisi</strong></span> 
     </span>
     <span class='ocr_line' id='line_1_47' title="bbox 320 4999 1750 5069; baseline -0.002 -17"><span class='ocrx_word' id='word_1_620' title='bbox 320 4999 456 5066; x_wconf 84' lang='lat' dir='ltr'><strong>particulae</strong></span> <span class='ocrx_word' id='word_1_621' title='bbox 474 5001 552 5053; x_wconf 89' lang='lat' dir='ltr'><strong>duae:</strong></span> <span class='ocrx_word' id='word_1_622' title='bbox 571 4999 674 5054; x_wconf 78' lang='lat' dir='ltr'><strong>&#39;Titulos</strong></span> <span class='ocrx_word' id='word_1_623' title='bbox 687 5001 840 5069; x_wconf 81' lang='lat' dir='ltr'><strong>digestorum</strong></span> <span class='ocrx_word' id='word_1_624' title='bbox 855 5002 895 5066; x_wconf 86' lang='grc'><strong>12,</strong></span> <span class='ocrx_word' id='word_1_625' title='bbox 908 5004 924 5054; x_wconf 87' lang='lat'>5</span> <span class='ocrx_word' id='word_1_626' title='bbox 942 5011 969 5054; x_wconf 91' lang='lat' dir='ltr'><strong>et</strong></span> <span class='ocrx_word' id='word_1_627' title='bbox 981 5002 1023 5066; x_wconf 87' lang='grc'><strong>22,</strong></span> <span class='ocrx_word' id='word_1_628' title='bbox 1037 5004 1053 5054; x_wconf 87' lang='lat'><strong>5</strong></span> <span class='ocrx_word' id='word_1_629' title='bbox 1066 5001 1175 5054; x_wconf 85' lang='lat' dir='ltr'><strong>sedecim</strong></span> <span class='ocrx_word' id='word_1_630' title='bbox 1187 4999 1300 5052; x_wconf 88' lang='lat' dir='ltr'><strong>codicum</strong></span> <span class='ocrx_word' id='word_1_631' title='bbox 1311 5001 1534 5066; x_wconf 87' lang='lat' dir='ltr'><strong>manuscriptorum</strong></span> <span class='ocrx_word' id='word_1_632' title='bbox 1547 5037 1553 5052; x_wconf 92' lang='lat'><strong>.</strong></span> <span class='ocrx_word' id='word_1_633' title='bbox 1565 5037 1571 5050; x_wconf 95' lang='lat'><strong>.</strong></span> <span class='ocrx_word' id='word_1_634' title='bbox 1582 5035 1589 5050; x_wconf 95' lang='lat'><strong>.</strong></span> <span class='ocrx_word' id='word_1_635' title='bbox 1602 5015 1651 5066; x_wconf 92' lang='lat' dir='ltr'><strong>ope</strong></span> <span class='ocrx_word' id='word_1_636' title='bbox 1663 5015 1750 5050; x_wconf 89' lang='lat' dir='ltr'><strong>ernen-</strong></span> 
     </span>
    </p>
   </div>
   <div class='ocr_carea' id='block_1_7' title="bbox 0 0 1868 5544">
    <p class='ocr_par' dir='ltr' id='par_1_8' title="bbox 0 0 1868 5544">
     <span class='ocr_line' id='line_1_48' title="bbox 0 0 1868 5544; baseline 0 0"><span class='ocrx_word' id='word_1_637' title='bbox 0 0 1868 5544; x_wconf 95' lang='lat' dir='ltr'><strong> </strong></span> 
     </span>
    </p>
   </div>
  </div>
 </body>
</html>
