3832 5542
825 227 989 306 XXVIIII*

180 403 253 458 etsrs
284 408 317 458 et
346 405 464 462 dilucide
491 414 611 480 ρνωιαιιι
639 406 737 463 animis
767 421 862 464 eornm
881 411 966 480 serite
996 404 1159 476 tradendae,
1191 415 1275 462 auam
1309 411 1348 462 est
1379 423 1493 464 necesse
1523 423 1571 464 eos
1599 414 1628 465 ot

149 493 349 562 tcognomine
367 498 474 550 mnmto
491 492 606 566 fulgere.
636 495 807 552 insecundo
826 500 918 553 antem
938 513 1019 566 anno,
1037 509 1185 565 perquem
1205 509 1239 550 er
1259 493 1349 551 edicto
1368 497 1408 552 eis
1427 511 1526 553 nomen
1545 502 1627 554 actm

178 581 304 651 positum
324 587 354 637 et
372 599 390 638 s
407 581 487 638 cobis
505 582 646 654 probatur,
664 585 710 640 nel
729 584 763 640 de
782 584 890 641 iudiciis
908 585 992 642 libros
1010 588 1118 654 septem
1137 584 1182 640 uel
1199 583 1234 638 de
1253 582 1336 640 rebus
1354 589 1417 640 octo
1436 587 1561 656 accipere
1579 601 1627 642 eos

176 671 331 741 sancimus,
352 674 363 744 l
383 672 535 728 secundum
553 671 628 742 quod
646 674 778 744 temporis
796 675 959 731 uicissitudo
976 673 1128 742 indulserit,
1148 689 1229 744 quum
1249 673 1379 728 intactam
1396 673 1536 730 obseruari
1548 690 1626 746 prae·
1643 679 1660 726 t.
1672 682 1703 728 14

177 760 310 830 cipimus.
343 760 394 816 sed
418 759 530 816 eosdem
554 760 639 818 libros
662 763 697 818 de
720 763 829 820 iudiciis
852 765 898 819 uel
920 764 956 820 de
976 762 1060 819 rebus
1078 766 1152 818 totos
1176 767 1206 818 et
1229 777 1379 832 perseam
1402 765 1659 833 consequentiame

176 849 336 920 accipiant,
359 849 434 906 nullo
455 849 566 920 penitus
589 865 625 906 ex
648 850 691 907 his
715 851 861 908 derelicto:
886 853 952 922 quia
973 853 1066 908 omnia
1088 866 1162 907 noua
1185 851 1388 922 pulchritudine
1406 857 1471 908 sunt
1488 853 1626 924 decorata,

176 937 252 993 nnho
272 939 376 1008 inutili,
395 939 469 994 nnllo
487 939 603 995 desueto
621 940 650 994 in
667 939 710 995 his
727 941 838 1011 penitus
856 941 1031 996 inueniendo.
1064 941 1188 996 alterutri
1206 945 1298 996 autem
1318 941 1466 996 censualem
1486 942 1627 1013 uolumini,

174 1026 203 1082 id
222 1031 270 1083 cst
289 1028 327 1083 de
346 1027 455 1083 iudiciis
472 1029 518 1084 uel
535 1027 570 1084 de
588 1029 680 1099 rebus,
699 1029 812 1100 adiungi
830 1029 859 1085 in
877 1029 992 1086 secundi
1004 1030 1068 1085 anni
1081 1029 1247 1085 audientiam
1262 1030 1389 1086 uolumus
1402 1035 1532 1100 quattuor
1543 1031 1627 1088 libros

174 1115 347 1187 singulares,
365 1131 436 1187 quos
453 1132 489 1172 ex
506 1118 581 1174 omui
599 1119 796 1188 compositione
814 1119 1033 1189 quattuordecim
1052 1118 1181 1174 librorum
1200 1120 1401 1190 excerpsimus:
1420 1135 1454 1175 ex
1466 1121 1626 1177 collectione

174 1205 293 1276 quidem
312 1207 443 1277 tripertiti
461 1207 616 1277 uoluminis,
634 1207 708 1277 quod
725 1223 776 1278 pro
794 1207 905 1264 dotibus
924 1208 1136 1278 composuimus,
1155 1223 1210 1262 uno
1225 1207 1294 1264 libro
1307 1213 1451 1279 excerpto:
1470 1225 1505 1265 ex
1517 1209 1626 1266 duobus
1645 1219 1674 1260 ιι

174 1299 273 1350 antem
298 1295 336 1352 de
360 1296 455 1351 tutelis
478 1301 507 1352 et
525 1295 712 1352 curationibus
731 1312 799 1353 uno:
822 1303 852 1353 ct
869 1312 903 1354 ex
921 1297 1032 1367 gemino
1051 1297 1189 1353 uolumine
1207 1295 1242 1352 de
1261 1298 1434 1353 testamentis
1452 1313 1521 1354 uno:
1545 1304 1574 1354 et
1591 1313 1626 1354 es

174 1390 287 1454 septem
312 1383 391 1440 libris
415 1385 451 1440 de
473 1385 572 1454 legatis
597 1387 626 1440 et
645 1383 864 1442 fideicommissis
882 1391 1000 1457 atquae
1019 1387 1092 1442 circa
1110 1401 1144 1442 ea
1162 1391 1227 1442 sunt
1246 1386 1327 1442 simili
1346 1387 1427 1443 modo
1447 1403 1500 1443 uno
1519 1391 1625 1443 tanturn

173 1472 256 1530 libro.
289 1473 343 1530 bos
366 1473 452 1544 igitur
473 1479 604 1544 quattuor
626 1473 724 1544 libros,
748 1476 795 1544 qui
813 1476 841 1530 in
860 1476 1015 1546 primordiis
1034 1476 1202 1546 singularum
1221 1481 1432 1532 memoratarum
1452 1475 1625 1546 compositio·

174 1579 242 1618 num
262 1563 352 1632 positi
369 1567 447 1633 sunt,
466 1563 659 1620 tantummodo
676 1579 693 1618 a
710 1563 789 1620 uobis
807 1565 848 1621 eis
867 1565 938 1620 tradi
956 1565 1104 1634 sancimus,
1123 1565 1222 1620 ceteris
1240 1565 1335 1620 decem
1355 1571 1489 1636 oportuno
1507 1571 1627 1636 tempori

174 1652 394 1708 conseruandis:
421 1653 487 1722 quia
514 1667 602 1722 neque
629 1651 759 1722 possibile
786 1661 829 1710 est
854 1669 943 1724 neque
968 1654 1032 1710 anni
1055 1653 1169 1710 secundi
1192 1659 1301 1723 tempus
1325 1653 1428 1710 scilicit
1450 1654 1486 1710 ad
1510 1654 1623 1710 istorum
1643 1665 1671 1705 ιι

144 1745 159 1792 4
175 1741 403 1809 quattuordecim
426 1740 557 1799 librorum
581 1743 714 1812 magistra
732 1759 801 1800 uoce
819 1743 859 1799 eis
877 1743 1074 1798 tradendorum
1092 1743 1289 1800 recitationem.
1325 1743 1412 1798 Tertii
1430 1744 1543 1815 insuper
1560 1743 1625 1800 anui

175 1829 307 1886 dochino
325 1831 410 1886 talem
429 1831 551 1887 ordinem
571 1833 710 1901 sortiatur,
727 1839 767 1902 ut,
786 1833 845 1889 siue
863 1832 947 1889 libros
966 1832 1001 1888 de
1018 1831 1127 1888 indiciis
1146 1832 1206 1888 siue
1223 1832 1259 1887 de
1277 1831 1360 1888 rebus
1378 1831 1529 1888 secundum
1547 1832 1624 1890 uices

174 1919 272 1989 legere
295 1921 338 1976 eis
362 1935 423 1976 sors
441 1921 548 1991 tulerit,
573 1927 718 1978 concurrat
735 1922 775 1977 eis
794 1923 931 1993 tripertita
947 1922 1039 1992 legum
1058 1922 1237 1991 singularium
1256 1921 1413 1992 dispositio:
1437 1925 1465 1978 et
1482 1921 1510 1978 in
1527 1921 1623 1992 primis

174 2008 245 2064 liber
269 2009 422 2080 singularis
445 2010 482 2065 ad
505 2009 728 2082 hypothecariam
751 2010 911 2082 formulam,
934 2026 1016 2081 quem
1039 2015 1174 2080 oportuno
1198 2011 1259 2066 loco
1282 2011 1310 2067 in
1334 2025 1390 2080 qno
1408 2009 1442 2066 dc
1460 2009 1624 2082 hypothecis

175 2098 319 2168 loquimur
341 2100 497 2170 posuimus,
521 2105 565 2170 ut,
591 2115 654 2156 cum
677 2101 785 2156 aemula
807 2101 844 2156 sit
859 2100 1047 2171 pigneratioiis
1065 2098 1234 2170 actionibus,
1258 2115 1330 2170 quae
1348 2099 1375 2154 in
1393 2097 1469 2154 libris
1487 2099 1523 2154 de
1541 2098 1624 2155 rebus
1642 2107 1671 2149 so

175 2188 287 2258 positae
305 2195 380 2259 sunt,
397 2204 453 2245 non
471 2187 618 2246 abhorreat
634 2206 728 2246 eorum
747 2190 925 2260 uicinitatem,
944 2205 1007 2246 cum
1026 2189 1100 2246 circa
1117 2189 1229 2245 easdem
1247 2204 1291 2244 res
1303 2186 1437 2244 ambabus
1449 2203 1538 2259 paene
1549 2187 1622 2244 idem

177 2277 303 2334 studium
328 2283 381 2333 est
413 2283 442 2334 et
464 2283 529 2349 post
552 2279 669 2335 eundem
687 2278 786 2334 librum
805 2279 971 2350 singularem
990 2279 1060 2335 alius
1077 2278 1146 2334 liber
1164 2278 1288 2334 similiter
1306 2277 1346 2334 eis
1364 2277 1515 2348 aperiatur,
1541 2291 1622 2347 quem

176 2365 213 2420 ad
230 2367 357 2424 edictum
377 2367 506 2423 aedilium
525 2355 607 2424 'etde
626 2367 804 2424 redhibitoria
821 2369 930 2424 actione
948 2369 1030 2425 etde
1048 2367 1230 2424 euictionibus
1248 2382 1300 2422 nec
1318 2381 1373 2422 non
1391 2365 1491 2435 duplae
1510 2367 1622 2436 stipula·

175 2454 254 2510 tione
273 2457 496 2526 composuimus:
515 2473 578 2512 cum
597 2459 678 2529 enim,
697 2473 769 2528 quae
787 2475 836 2529 pro
856 2457 1039 2529 emptionibus
1057 2463 1087 2512 et
1104 2455 1308 2512 uenditionibns
1326 2453 1433 2524 legibus
1451 2459 1622 2526 cantarunt,

176 2543 303 2600 inlibris
323 2545 359 2600 de
377 2545 460 2602 rebus
478 2545 660 2617 praefulgent,
679 2547 731 2603 hae
749 2553 841 2602 autem
860 2562 956 2604 omnes
974 2563 1043 2616 quas
1061 2546 1181 2601 diximus
1199 2543 1372 2601 definitiones
1390 2544 1418 2600 in
1437 2545 1533 2600 ultima
1543 2550 1622 2614 parte
1640 2553 1670 2595 ss

176 2633 277 2703 prioris
296 2634 382 2690 edicti
399 2633 509 2690 inerant
526 2637 646 2705 positae,
670 2639 826 2693 necessario
843 2652 892 2692 eas
910 2637 938 2691 in
957 2635 1120 2690 anteriorem
1139 2636 1227 2690 locum
1246 2633 1450 2702 transtulimus,
1468 2649 1503 2688 ne
1521 2649 1539 2688 a
1555 2649 1621 2690 nen·

177 2722 341 2794 ditionibus,
360 2739 474 2794 quarum
494 2725 573 2794 quasi
592 2725 732 2780 ministrae
751 2733 824 2796 sunt,
843 2725 984 2781 uicinitate
1003 2725 1116 2780 ulterius
1134 2724 1316 2792 deuagentur.
1347 2727 1376 2778 et
1393 2721 1444 2777 hos
1462 2727 1519 2777 tres
1536 2721 1646 2782 libros.

177 2825 239 2868 cum
265 2813 420 2868 acudmimi
443 2813 587 2884 Papiniani
604 2813 721 2872 lectione
744 2815 894 2870 tradendos
916 2814 1072 2884 posuimus,
1097 2827 1212 2882 qnorum
1237 2812 1377 2868 uolumina
1400 2812 1429 2867 in
1450 2812 1531 2868 tertio
1549 2826 1621 2867 anno

178 2901 296 2958 studiosi
320 2901 487 2972 recitabant,
512 2917 567 2959 non
590 2918 625 2958 en
646 2905 721 2960 omni
739 2919 833 2960 eorum
852 2918 980 2975 corpore,
1003 2903 1052 2958 sed
1070 2902 1187 2973 sparsim
1205 2917 1295 2971 panca
1312 2916 1347 2956 ex
1365 2901 1458 2956 multis
1477 2900 1551 2956 etin
1569 2899 1621 2956 hac

177 2995 256 3060 parte
274 2992 457 3062 accipientes:
476 2990 556 3048 uobis
573 2997 666 3050 sutem
684 2994 744 3064 ipse
761 2993 960 3064 pulcherrimus
978 2992 1144 3063 Papinianus
1162 3007 1217 3046 nou
1235 2991 1323 3047 solum
1336 3005 1371 3045 cx
1383 2990 1531 3060 responsis,
1549 3003 1621 3060 quae
1640 2998 1669 3040 so

178 3079 205 3135 in
224 3079 325 3138 decem
342 3087 372 3137 et
389 3096 488 3138 nouem
507 3080 591 3138 libros
609 3084 763 3152 composita
779 3081 897 3153 fueraut,
919 3081 969 3138 scd
987 3081 1070 3136 ctiam
1089 3095 1124 3135 ex
1141 3079 1217 3136 libris
1236 3083 1341 3149 septem
1360 3085 1389 3134 et
1406 3079 1520 3148 triginta
1537 3092 1621 3147 quae·

178 3169 301 3226 stonum
318 3177 349 3227 et
365 3170 476 3240 gemino
495 3171 634 3227 uolumine
652 3170 840 3228 definitionum
859 3187 911 3226 noc
929 3185 984 3227 non
1003 3169 1037 3226 dc
1056 3169 1187 3225 adulteris
1205 3174 1235 3224 et
1251 3183 1339 3238 paene
1355 3169 1429 3224 omni
1440 3169 1500 3225 eius
1513 3168 1621 3239 exposi-

179 3258 253 3314 tione
276 3260 307 3315 in
331 3261 405 3315 omni
429 3265 585 3316 nostrornm
607 3260 778 3330 digestorum
801 3260 973 3316 ordinatione
993 3256 1169 3329 praefulgens
1186 3258 1303 3328 propriis
1321 3257 1445 3327 partibus
1463 3258 1620 3328 praeclarus

179 3347 220 3404 sni
238 3349 431 3406 recitationem
449 3348 600 3420 praebebit.
629 3365 664 3405 ne
683 3355 774 3406 sutem
793 3351 866 3406 tertii
885 3350 950 3404 anni
968 3348 1116 3418 auditores,
1135 3362 1205 3418 quos
1223 3347 1425 3418 Papinianistas
1444 3353 1553 3418 uocant,
1572 3362 1620 3404 no·

180 3453 241 3492 men
258 3443 290 3494 et
308 3437 488 3494 lesduitatem
507 3439 567 3494 eius
585 3439 710 3494 amittere
729 3439 883 3508 uideantur,
901 3439 961 3507 ipse
979 3438 1078 3492 iterum
1096 3437 1124 3492 in
1143 3437 1253 3492 tertium
1269 3452 1369 3492 annum
1382 3451 1431 3507 per
1442 3435 1620 3492 bellissimam
1640 3443 1668 3486 ³⁵

180 3527 408 3583 machinationem
429 3527 602 3583 introductus
620 3531 676 3584 est:
699 3527 798 3583 librum
817 3529 889 3583 enim
908 3525 1122 3600 hypothecariae
1140 3541 1175 3582 ex
1192 3526 1348 3597 primordiis
1366 3527 1477 3596 plenum
1496 3525 1620 3582 eiusdem

180 3617 292 3672 memmi
310 3617 454 3688 Papiniani
472 3615 588 3672 fecimus
605 3617 731 3686 lectione,
749 3621 827 3672 utet
845 3631 944 3673 numen
962 3633 998 3672 cx
1016 3631 1050 3672 co
1067 3613 1188 3670 babeant
1206 3621 1235 3670 et
1246 3615 1450 3687 Papinianistae
1463 3616 1473 3685 ΙΙ
1487 3621 1620 3672 uoceutur
1635 3618 1653 3665 t.
1665 3614 1702 3666 14¹

180 3709 207 3758 et
223 3705 285 3762 eius
304 3707 512 3762 reminiscentes
531 3711 559 3761 et
576 3704 757 3762 laetificentur
774 3709 804 3762 et
820 3705 922 3762 iestnm
941 3706 1028 3776 diem,
1050 3721 1141 3776 quem,
1160 3721 1223 3761 cum
1241 3705 1358 3774 primum
1376 3705 1453 3774 leges
1471 3704 1530 3759 eius
1549 3703 1619 3759 aoei-

179 3793 300 3865 piabant,
319 3793 458 3852 celebrare
476 3793 611 3864 solebant,
629 3800 772 3866 peragant,
791 3799 820 3850 ot
838 3800 948 3852 maneat
965 3795 1017 3850 uiri
1036 3793 1224 3851 sublimissimi
1241 3790 1416 3866 praefectorii
1431 3792 1574 3863 Papiniani
1591 3797 1620 3848 et

151 3897 227 3952 sper
249 3883 303 3940 hoc
323 3883 353 3940 in
371 3890 513 3941 aeternum
532 3885 665 3942 memoria
682 3883 788 3954 hocque
806 3885 922 3942 termine
940 3885 1015 3942 tertii
1033 3885 1097 3942 anni
1115 3884 1240 3941 doctrina
1257 3881 1444 3939 concludatur.
1480 3880 1537 3938 Sed
1555 3882 1621 3952 quis
1637 3881 1686 3930 ω’

182 3997 257 4069 rrc)

183 4189 521 4260 lpcstdilneidetdilicite
532 4189 576 4255 F1,
589 4187 777 4245 diluoi‘t'eF2:
792 4209 872 4261 repra
927 4194 958 4243 ut
976 4203 1010 4243 ex
1028 4201 1099 4257 gem.
1119 4185 1157 4238 F¹
1221 4189 1255 4240 12
1279 4186 1394 4256 septem]
1420 4191 1530 4255 aeptem
1554 4185 1618 4256 F¹l

184 4269 234 4314 sius
252 4263 371 4316 wcabuls'
393 4264 534 4316 litterarut
556 4270 658 4334 siparum
676 4261 700 4322 ·l·
719 4269 807 4332 posuit
823 4262 847 4314 F
849 4263 873 4326 ²)
927 4267 978 4316 ΒΨ
994 4260 1031 4311 F²
1086 4255 1620 4328 14(16333311οΊ)ο*1’ῒιιι]οἴθιιηωιθῗ2

183 4336 306 4403 srrpptentt
389 4333 486 4388 animis
505 4332 619 4402 eorumll
699 4329 871 4401 tradendoell
927 4333 961 4387 15
976 4327 1097 4384 sufficia
1110 4328 1146 4382 F’
1200 4330 1234 4384 16
1252 4329 1620 4400 magistralamagietrsP²

184 4405 560 4475 ...tnecesaeitnmarqs'm
576 4413 735 4460 tamreseeto
748 4405 797 4458 F’:
816 4403 872 4458 ani·
927 4401 1159 4457 18ccnsurratF¹
1198 4402 1231 4456 19
1240 4402 1305 4472 quo]
1315 4401 1362 4470 qui
1373 4402 1408 4455 F¹
1438 4401 1619 4471 stouras*

184 4475 231 4529 mis
250 4490 346 4530 eornm
370 4475 520 4530 medendae
543 4475 654 4540 (tradite
675 4477 708 4540 0>
731 4481 809 4531 erant
827 4489 872 4530 ne·
926 4475 961 4528 23
979 4471 1039 4528 de‘i'
1052 4471 1229 4548 redhibitoria
1248 4475 1293 4542 Pl
1314 4471 1619 4542 duplae'st'stipulatio·

185 4560 258 4602 cesse
276 4552 336 4602 crat
353 4565 409 4600 ram
424 4549 498 4602 tibris
514 4547 682 4602 aeternetur
696 4548 789 4602 Taua:
807 4565 873 4619 quoe
926 4543 1004 4600 ne'm'
1017 4544 1270 4614 composuimusF
1330 4546 1364 4599 26
1386 4544 1559 4600 amteriorem
1581 4543 1618 4596 ΡΙ

185 4635 236 4671 unns
253 4637 300 4676 nes
317 4626 466 4674 sententium
479 4618 637 4690 potabilem
650 4621 764 4690 efficient
773 4635 872 4672 neers·
927 4618 960 4672 ut
979 4616 1077 4687 *quasi
1096 4617 1134 4670 Γ)
1193 4617 1228 4671 29
1252 4614 1396 4686 corporo's'
1409 4614 1459 4670 scd
1477 4617 1522 4682 Fi
1543 4630 1619 4699 spar-

185 4690 267 4760 ltpm‘ie
289 4697 356 4744 sate
378 4695 541 4753 conueniant,
564 4689 683 4744 utdmtnr
706 4709 736 4744 es
758 4696 790 4744 tis
808 4695 874 4758 ipsis
926 4686 1111 4758 sim'a'pauca
1130 4687 1170 4754 Fi
1185 4687 1289 4757 multis]
1308 4687 1400 4742 militis
1415 4688 1450 4740 F¹
1505 4687 1541 4741 30
1559 4700 1619 4811 ipse

187 4766 297 4832 imperite
306 4767 486 4816 resarcinata
495 4779 549 4815 esre
592 4758 872 4831 3prohaturuel]F³,
926 4760 1023 4813 om,F¹
1083 4759 1119 4814 32
1141 4757 1394 4828 exp'e'ositioneP
1447 4758 1482 4814 33
1500 4773 1566 4828 prae
1580 4757 1619 4812 ul·

186 4831 313 4900 probatur
325 4832 426 4887 meli*
467 4829 659 4888 duicissitodo
672 4833 708 4884 1²²
749 4829 873 4886 ttetF’
926 4829 1027 4900 gen'e's
1041 4832 1081 4895 Fi
1097 4831 1244 4901 praeclaris
1259 4832 1295 4884 F
1347 4829 1383 4884 34
1399 4830 1618 4900 papinianistas

187 4903 360 4974 tp‘a'enitue
378 4904 416 4958 Ρ
469 4903 599 4959 'linutile
617 4903 658 4972 Fi
674 4903 790 4960 desueto
809 4899 870 4970 ΡΙ
926 4901 964 4955 F’
1011 4901 1461 4972 36iuproductusF¹ie110tF²
1509 4901 1618 4957 38eius

187 4973 373 5030 ouru'm'ndem
383 4975 422 5027 F’
458 4976 492 5030 10
504 4973 650 5044 tripertiti*
661 4975 698 5028 P²
734 4975 767 5029 11
780 4978 872 5029 autem
925 4972 1133 5030 reminiscentes
1141 4979 1170 5030 et
1178 4971 1360 5030 laetificentur
1368 4977 1397 5028 et
1406 4973 1499 5028 eeaF‘
1529 4973 1564 5028 39
1574 4987 1617 5028 so·

187 5043 218 5100 de
228 5047 359 5102 tutelisct
369 5045 556 5102 curationibus
569 5066 618 5100 em.
629 5047 663 5100 ΓΙ
680 5048 685 5116 Ι
701 5051 776 5103 etex
788 5044 871 5116 gem]
925 5045 1038 5101 leuant
1056 5047 1092 5099 P*
