3812 5598
220 249 316 308 ouon
339 253 447 301 aereo
469 251 608 302 runoaa
629 253 730 303 uuor.
898 231 984 312 803
1330 239 1449 306 XXVII
1470 243 1491 306 5
1512 248 1526 300 1
1547 276 1581 286 -
1600 243 1620 308 6
1640 247 1656 302 i

219 387 463 461 administratione,
482 391 635 461 uideamus,
654 407 689 448 an
706 397 841 462 tanmmr,
859 393 884 448 ai
901 393 1072 449 neeessarioa
1090 393 1186 463 pupilli
1203 407 1257 450 non
1273 395 1439 466 oertiornnit,
1457 401 1490 452 nt
1501 396 1526 452 ei
1538 401 1657 454 tutorem

217 481 359 548 peterent:
377 479 452 549 quod
470 481 563 536 nerine
580 485 633 536 eet.

181 568 200 626 2
272 566 387 624 Cereus
404 569 473 626 libro
491 570 624 624 nioealmo
642 569 737 638 quinto
756 568 934 638 diseatornm.
971 569 1002 626 Si
1019 571 1057 640 ia,
1082 570 1129 640 qui
1146 585 1196 640 pro
1214 575 1306 626 tulere
1324 571 1436 642 negotia
1453 587 1499 641 ge·
1519 568 1657 656 [ιζιῑιζῆ
1676 579 1703 634 Ε

218 653 310 725 rebat,
329 672 391 714 oum
410 663 484 714 tutor
501 672 556 713 non
575 665 662 726 eeeet,
680 673 738 713 rem
756 659 852 728 pupilli
869 657 995 714 uendidit
1012 673 1063 714 neo
1081 673 1115 714 aa
1133 664 1269 728 uaueapta
1285 665 1336 728 eet,
1354 665 1432 730 petet
1450 675 1511 714 eam
1529 650 1657 733 pupillus]

219 759 384 814 quamquam
409 747 435 802 ei
458 751 570 802 oautnm
593 752 648 802 eat:
672 762 726 803 non
747 747 820 802 enim
841 746 939 803 eudem
956 746 1038 802 huius
1056 761 1126 817 quae
1144 748 1243 803 tutoria
1261 751 1305 802 eet
1322 763 1412 804 rerum
1430 750 1526 819 pupilli
1544 751 1657 807 admini·
1677 757 1690 800 ⁵

217 833 324 890 atratio.

180 923 200 982 3
271 921 442 978 Inuoueune
460 923 529 979 libro
547 925 644 994 quinto
661 923 848 992 epistularum.
877 923 993 994 Quaero,
1010 939 1046 980 an
1064 923 1088 979 ia
1100 925 1155 993 qui,
1173 937 1236 978 enm
1248 926 1323 978 tutor
1333 928 1500 980 tentamento
1518 921 1613 1008 [effe'sT
1612 922 1657 994 offe
1677 929 1704 983 Ε

218 1009 301 1066 datua
320 1017 394 1067 eaaet
412 1017 441 1066 et
458 1013 487 1067 id
504 1015 594 1082 ipeum
613 1013 760 1082 ignoraret,
778 1028 829 1083 pro
846 1017 936 1068 tutore
955 1012 1068 1081 negotia
1084 1012 1181 1082 pupilli
1198 1013 1324 1082 gennerit,
1342 1015 1421 1081 qnasi
1438 1019 1513 1068 tutor
1531 1031 1565 1070 an
1579 1017 1658 1084 quael

217 1115 268 1170 pro
285 1105 376 1156 tutore
393 1101 505 1170 negotia
523 1103 648 1171 genuerit,
667 1107 801 1158 teneatur.
828 1101 983 1172 respondit:
1000 1116 1056 1156 nou
1073 1103 1140 1170 puto
1159 1101 1246 1155 teneri
1264 1102 1342 1170 quani
1360 1106 1488 1172 tutorem,
1507 1103 1572 1171 quia
1588 1105 1658 1160 eolre

218 1203 326 1258 qnoque
345 1204 376 1244 aa
393 1195 512 1245 tutorem
530 1205 591 1246 aeae
610 1189 701 1261 debet,
720 1196 752 1245 ut
769 1205 802 1246 eo
821 1191 922 1246 affeetu
940 1189 1052 1258 negotia
1070 1195 1157 1258 gerat,
1175 1203 1229 1258 quo
1248 1195 1324 1244 tutor
1340 1205 1435 1259 gerere
1454 1190 1562 1246 debent.
1678 1201 1706 1241 ro

178 1280 200 1338 4
270 1278 443 1334 Pouronrue
465 1279 534 1335 libro
552 1285 631 1335 aexto
650 1279 756 1334 deeimo
775 1277 811 1334 ad
829 1279 959 1344 Quintum
977 1277 1106 1332 llnoium.
1143 1279 1194 1344 Qui
1213 1293 1263 1348 pro
1280 1283 1371 1334 tutore
1389 1279 1501 1348 negotia
1520 1275 1659 1364 [Q
1676 1283 1704 1336 E

217 1365 297 1435 gerit,
317 1366 433 1422 eandem
451 1365 533 1423 tidem
552 1373 582 1423 et
598 1367 769 1436 diligentiam
788 1371 918 1437 preeatet,
937 1381 1020 1435 quam
1038 1371 1113 1422 tutor
1130 1371 1293 1438 praestaret.

180 1458 200 1516 5
271 1454 422 1510 [inerrans
446 1455 515 1512 libro
538 1457 644 1512 deoimo
668 1455 705 1512 ad
728 1455 857 1512 edietum.
893 1455 929 1512 El
952 1455 998 1526 qui
1019 1470 1070 1526 pro
1093 1459 1184 1512 tutore
1202 1455 1314 1524 negotia
1331 1455 1420 1524 gessit
1437 1471 1501 1512 oon-
1520 1452 1658 1540 Q
1677 1461 1716 1516 E*

216 1543 330 1598 tranium
348 1543 478 1600 iuditium
496 1547 636 1617 oompetit

908 1661 972 1746 Vl.
1677 1687 1706 1730 ιι

304 1797 342 1875 it
386 1796 515 1888 QUOD
550 1797 702 1876 FALSO
739 1795 931 1876 TUTORE
967 1793 1191 1872 AUCTORE
1226 1793 1418 1872 GESTUM
1451 1794 1569 1874 ESSE
1675 1813 1724 1868 n's

789 1918 1001 1997 DICATUR
1046 1919 1084 1998 it

179 2075 197 2130 1
271 2073 421 2131 Uarrones
444 2075 513 2132 libro
531 2077 693 2134 duodecimo
712 2077 748 2132 ad
766 2075 895 2132 edicturm.
928 2075 1018 2130 Huius
1036 2074 1119 2130 edieti
1137 2074 1262 2143 requiem
1280 2089 1335 2129 non
1352 2079 1397 2130 eat
1412 2074 1498 2130 ambi·
1518 2071 1657 2160 [Q
1675 2081 1704 2136 Ε

183 2172 196 2217 1
217 2177 286 2232 gua,
309 2179 344 2218 na
367 2165 560 2220 contrahentes
582 2165 767 2236 decipiantur,
791 2165 856 2222 dum
879 2163 965 2220 lamna
984 2167 1059 2220 tutor
1077 2161 1230 2218 adhibetur.
1267 2161 1359 2218 Uerba
1377 2168 1469 2218 autem
1488 2164 1570 2219 edicti
1589 2166 1657 2220 haee

183 2255 199 2300 2
216 2256 289 2306 aunt.
319 2251 405 2316 'Quod
423 2268 457 2308 eo
475 2253 594 2310 anetore'
613 2255 700 2324 inquit
717 2253 771 2324 'qni
788 2259 864 2309 tutor
880 2269 936 2310 non
953 2251 1052 2309 inerit'.
1078 2251 1170 2307 uerbis
1182 2252 1265 2307 edieti
1276 2253 1363 2307 multa
1374 2252 1487 2308 deennt:
1505 2253 1571 2322 quid
1584 2255 1656 2308 enim
1676 2261 1706 2301 ¹⁰

217 2341 242 2396 ai
259 2339 312 2396 t'uit
329 2345 411 2410 tutor,
430 2341 454 2396 la
472 2345 565 2398 tamen
582 2341 636 2398 luit
653 2343 701 2413 qui
717 2343 909 2399 rncmntaten
928 2342 1136 2398 aeoommodare
1155 2357 1209 2396 non
1222 2341 1331 2411 potnit?
1353 2347 1421 2410 puta
1432 2341 1552 2398 lurioane
1565 2342 1608 2398 nol
1621 2341 1657 2398 ad

183 2430 298 2486 talum
320 2431 460 2500 regionem
482 2429 574 2486 datus.
610 2430 681 2487 Sed¹
700 2432 869 2502 Pomponius
889 2429 958 2486 libro
976 2431 1137 2500 trigeneimo
1155 2430 1250 2485 aorlbit
1266 2429 1404 2485 interdum
1422 2433 1549 2500 quamuis
1567 2447 1584 2486 a
1601 2447 1657 2487 non

216 2523 307 2574 tutore
330 2525 440 2588 geetum
460 2523 517 2588 eat,
539 2535 594 2575 non
612 2521 749 2589 pertinere
768 2521 803 2575 ad
821 2519 892 2574 hane
909 2525 1016 2590 partem
1035 2518 1131 2574 edieti:
1154 2518 1219 2589 quid
1239 2520 1311 2574 enim
1330 2521 1354 2575 ai
1371 2519 1426 2574 duo
1444 2524 1562 2590 tutores,
1587 2521 1658 2575 alter

181 2605 315 2677 aluam,
339 2608 409 2663 alter
428 2623 509 2662 uerna
527 2609 718 2664 auetoritntem
737 2607 1019 2678 aooommodeuerint,
1038 2621 1129 2664 nonne
1146 2605 1251 2662 nalebit
1267 2608 1341 2676 quod
1360 2613 1468 2677 gnatum
1488 2609 1551 2664 eat?
1584 2609 1655 2663 item

216 2694 268 2751 hon
286 2694 406 2752 edictum
423 2696 489 2750 lieet
506 2697 681 2766 singulariter
698 2699 829 2768 seriptum
848 2697 897 2766 ait,
916 2697 940 2753 ai
957 2701 1051 2752 tamen
1068 2696 1160 2765 plurea
1178 2695 1389 2766 interemerint,
1412 2698 1459 2766 qul
1477 2702 1582 2752 totores
1600 2711 1655 2752 non
1675 2703 1703 2746 aa

181 2784 307 2854 ierant,
332 2789 426 2840 tamen
448 2785 538 2840 loeunr
562 2785 664 2842 habere
686 2787 788 2843 debere
805 2785 974 2856 Pomponiae
995 2783 1065 2840 libro
1087 2783 1230 2852 trigesimo
1253 2781 1357 2838 rorlbit.
1393 2784 1470 2840 Idem
1488 2785 1655 2856 Pomponius

215 2871 325 2942 eoribit,
348 2874 457 2929 etiamsi
474 2889 524 2945 pro
541 2879 632 2930 tutore
651 2876 763 2945 negotia
779 2889 878 2945 gereon
897 2873 1088 2928 anctoritatem
1108 2872 1369 2940 aooommodauerit,
1392 2872 1476 2928 nihilo
1495 2873 1585 2928 minua
1603 2871 1655 2928 lnoo

216 2961 335 3016 edietum
352 2963 442 3018 lotum
460 2961 569 3033 habere,
587 2964 642 3020 nial
659 2961 730 3020 lorte
747 2969 858 3034 praetor
874 2960 999 3017 deoreult
1014 2967 1105 3016 ratnm
1123 2975 1154 3016 aa
1172 2959 1329 3016 habiturum
1347 2960 1390 3030 id,
1408 2961 1482 3031 quod
1502 2960 1544 3015 hie
1561 2966 1654 3016 aneto

181 3052 196 3098 6
215 3049 292 3104 riona
309 3055 419 3120 gentum
437 3055 494 3106 aet:
513 3055 579 3107 tuno
597 3051 669 3107 euim
687 3051 807 3126 nnlellbit
824 3067 874 3122 per
890 3049 1025 3121 praetoria
1042 3049 1195 3118 tuitionem,
1214 3065 1268 3105 non
1287 3050 1348 3118 ipao
1364 3049 1432 3104 iure.
1465 3049 1514 3104 Ait
1531 3053 1654 3118 praetor:
1672 3053 1689 3101 l.
1700 3053 1745 3102 890

213 3137 248 3193 ‘ai
266 3138 295 3194 id
313 3145 390 3194 aeter
406 3138 552 3210 ignorauit,
572 3139 644 3196 dabo
661 3141 690 3197 in
708 3141 845 3212 integrum
863 3136 1081 3196 reetitndonem'.
1108 3137 1207 3194 aoienti
1224 3153 1279 3194 non
1297 3137 1440 3208 subuenit,
1458 3137 1570 3208 merito,
1587 3151 1654 3208 quo·
1674 3145 1702 3187 eo

215 3227 288 3282 niam
306 3227 367 3297 ipae
385 3243 416 3282 ee
434 3227 552 3298 deeepit

176 3308 196 3365 2
268 3315 644 3372 Punnualibnoduodeoirno
657 3316 693 3371 ad
706 3317 835 3373 edietum.
866 3315 903 3372 'Si
916 3313 961 3386 ld',
978 3315 1075 3386 iuquit,
1088 3314 1174 3370 'notor
1188 3313 1372 3386 ignorauerit'.
1390 3312 1497 3370 Labeo:
1517 3308 1655 3398 Q
1673 3318 1700 3373 Ε

215 3407 244 3457 et
260 3403 284 3458 ai
301 3403 406 3459 dietum
424 3405 462 3460 ait
479 3404 505 3460 ei
522 3409 552 3460 at
568 3404 642 3460 boue
659 3403 713 3460 lide
732 3422 787 3462 non
805 3403 960 3460 crediderit.

175 3477 196 3536 3
269 3489 420 3548 Uurranua
436 3493 507 3549 libro
524 3491 688 3550 duodecimo
705 3494 742 3550 ad
760 3494 889 3549 edietum.
926 3493 1010 3548 Plane
1028 3491 1052 3546 ai
1070 3492 1094 3546 ir
1112 3491 1149 3546 ait
1173 3491 1221 3560 qni
1242 3491 1343 3546 auxillo
1367 3506 1422 3547 non
1439 3492 1479 3546 ln·
1498 3485 1654 3572 [He-affl
1673 3493 1700 3548 li

215 3577 301 3649 diget,
319 3581 435 3637 aoientia
452 3582 478 3637 el
495 3597 551 3638 non
568 3586 664 3654 notet,
687 3587 720 3639 ut
736 3589 805 3653 puta
822 3583 847 3639 ei
864 3581 984 3653 pupillua
1003 3595 1065 3636 eum
1083 3579 1186 3650 pupillo
1209 3579 1281 3650 egit:
1304 3593 1369 3634 nam
1392 3595 1455 3634 oum
1478 3567 1654 3634 nihil‘netum
1672 3587 1702 3630 ⁸⁶

214 3666 259 3736 ait,
277 3668 393 3724 aeieutia
410 3685 465 3726 non
482 3675 571 3726 noeet

174 3745 196 3802 4
267 3755 386 3813 Plutus
403 3756 472 3813 libro
491 3758 654 3815 duodeeimo
672 3757 708 3814 ed
726 3758 856 3814 edietum.
892 3757 990 3814 llinori
1011 3755 1110 3826 uiginti
1127 3755 1248 3826 quinqua
1271 3755 1351 3810 annia
1368 3769 1478 3810 aunenr-
1498 3751 1654 3839 Qua—E}
1672 3759 1700 3814 Ε

213 3847 297 3912 retur,
316 3845 425 3900 etlamai
443 3847 543 3904 adierit.

176 3921 195 3979 5
268 3931 419 3989 Uuemrua
437 3934 505 3990 libro
523 3935 687 3992 duodecimo
704 3933 741 3990 ad
758 3935 888 3990 edietum.
918 3933 1058 3989 interdurn
1076 3937 1170 3988 tamen
1188 3931 1241 3987 atel
1259 3931 1374 3986 orientia
1391 3935 1498 4000 noeent,
1517 3927 1654 4016 Q
1672 3935 1700 3991 Ε

213 4023 306 4075 temen
324 4023 460 4078 restitutio
478 4022 604 4080 faciende
622 4025 682 4094 erit,
701 4023 725 4078 ei
742 4039 759 4078 a
776 4027 903 4093 praetore
922 4023 1080 4093 eompulaua
1098 4025 1142 4074 eat
1160 4017 1196 4074 od
1213 4019 1344 4074 indicium
1363 4019 1560 4090 accipiendum.
1673 4033 1701 4073 ae

175 4099 195 4156 6
267 4109 386 4166 Pnunue
410 4110 478 4166 libro
503 4113 665 4169 duodecimo
688 4111 725 4166 ad
748 4113 877 4168 edietum.
914 4111 1012 4182 Popilli
1030 4109 1146 4166 seientia
1169 4109 1352 4178 eomputanda
1370 4123 1425 4164 non
1443 4115 1494 4179 eet,
1515 4105 1655 4192 [Q
1672 4115 1700 4170 Ε

212 4198 312 4252 tutoris
330 4199 390 4255 eiua
408 4202 593 4271 computanda
611 4207 668 4257 eet:
686 4201 799 4270 ntiquel
817 4201 869 4256 elai
886 4201 989 4271 pupillo
1007 4203 1121 4254 onutum
1139 4197 1188 4268 ait,
1208 4198 1304 4254 melina
1323 4197 1423 4252 dieitur
1440 4213 1497 4253 rem
1516 4215 1594 4254 auam
1613 4215 1655 4254 re·

212 4285 291 4340 atitni
308 4287 410 4356 pupillo
428 4303 511 4358 quam
528 4291 662 4345 incertum
681 4290 816 4346 oautlonin
834 4293 965 4346 euentum
989 4303 1052 4344 eum
1076 4277 1216 4358 a‘peetare:
1240 4286 1315 4357 quod
1338 4290 1367 4342 et
1384 4286 1519 4358 lullanae,
1544 4288 1568 4343 el
1586 4288 1655 4343 aliea

212 4373 417 4432 ehonmuentue
434 4377 471 4432 ait
488 4379 617 4448 pupillus,
635 4378 785 4448 respondit.
1673 4388 1703 4428 rr

174 4453 194 4511 7
266 4461 418 4520 umnam
435 4464 504 4522 libro
523 4466 686 4522 duodecimo
704 4466 741 4522 nd
759 4465 888 4523 edietum.
924 4465 1080 4522 Nouiaaime
1102 4467 1213 4536 praetor
1235 4463 1286 4518 ait:
1306 4461 1342 4519 'in
1359 4478 1423 4520 eum
1441 4465 1496 4535 qni,
1515 4459 1655 4547 Q
1672 4470 1701 4526 Ε

213 4549 284 4605 ‘onm
302 4555 377 4606 tutor
394 4567 448 4608 non
467 4558 555 4624 earet,
580 4554 643 4611 dolo
661 4556 734 4611 malo
752 4560 849 4612 anotor
864 4553 956 4610 laetus
974 4567 1036 4610 eaeo
1053 4553 1173 4622 dieetur,
1191 4550 1324 4608 iudiolum
1348 4551 1434 4623 dabo,
1457 4559 1490 4608 ut
1507 4553 1603 4623 quanti
1620 4567 1655 4608 ea

209 4655 259 4724 F(
263 4655 401 4726 WQEIO)

213 4792 222 4824 ¹
242 4794 272 4844 et
289 4798 336 4843 im.
408 4789 461 4844 ¹ai
479 4791 581 4860 pupillo
600 4797 711 4847 tautum
731 4797 786 4849 ent:
805 4793 856 4848 aed
874 4802 920 4848 ιιι.

210 4919 318 4988 leam]
338 4937 401 4976 eum
420 4922 456 4976 ΡΙ
511 4923 546 4977 22
568 4923 627 4994 aad]
649 4929 692 4978 aot
710 4925 748 4976 F¹
803 4925 838 4978 24
856 4923 905 4980 ba·
959 4924 1006 4988 10,
1024 4925 1119 4988 meli,
1143 4923 1183 4978 alo
1200 4921 1274 4986 WE,
1297 4923 1342 4977 nel
1364 4919 1449 4988 aieQ
1501 4922 1537 4977 46
1558 4923 1655 4976 auolor

209 4991 324 5048 lebitffl
351 4993 386 5048 29
396 4993 470 5062 lune]
475 4997 502 5066 s
505 4997 543 5061 (ln
551 5003 667 5067 morylne
676 5015 753 5049 manu
762 4995 866 5052 eneeX
869 4997 905 5065 V)
959 4992 1019 5050 ‘luit
1036 4993 1104 5067 quid
1120 4994 1145 5049 ai
1163 4992 1328 5066 eompulaue’
1338 4990 1428 5050 factm
1446 4989 1483 5046 Γ*

1381 5080 1442 5136 51*
