3766 5554
264 239 354 308 XXII
379 243 393 307 1
417 247 534 304 38-48
938 236 1026 317 642
1231 261 1278 308 ns
1301 259 1423 307 usurus
1445 259 1490 306 ιτ
1510 257 1702 306 raucrmus

217 407 247 454 15
264 398 432 466 pensarum?
456 403 485 452 et
508 403 574 468 puto
598 397 770 454 diuidendos.
807 399 839 454 ln
855 399 955 454 ceteris
973 413 1082 469 quoqne
1100 397 1189 454 bonae
1206 396 1271 453 fidei
1293 396 1403 453 indiciis
1425 395 1530 452 fructus
1547 394 1703 452 omnimodo

218 497 247 544 16
266 491 447 558 praestantur.
467 485 478 558 ll
499 485 528 542 Si
547 487 596 542 doe
615 487 774 558 praelegata
791 486 886 558 fucrit,
911 493 974 543 ante
999 488 1109 558 nuptias
1133 486 1256 559 percepti
1279 485 1384 542 frustm
1401 487 1430 542 in
1448 501 1532 541 causa
1548 486 1632 555 legati
1651 479 1704 569 Q
1721 487 1797 540 telt'

266 577 329 630 uni
369 581 389 630 t.

208 664 247 723 39
286 592 511 720 eldltlslousrrrrue
535 662 604 720 libro
627 679 698 719 nono
723 665 945 720 differentiarum.
986 665 1073 734 Equis
1095 681 1145 735 per
1166 664 1407 721 fideicommissum
1430 664 1529 734 legatis
1547 655 1705 747 Q
1724 669 1751 724 Ε

266 758 329 823 post
347 769 451 808 moram
470 752 577 808 heredis
595 753 668 808 fetus
685 769 794 824 quoque
813 753 955 809 debentur.
983 755 1085 824 equitio
1104 759 1197 810 antem
1215 755 1308 824 legato
1326 753 1434 809 etiamsi
1454 768 1532 808 mora
1548 769 1603 809 non
1620 753 1705 808 inter·
1724 764 1738 806 r

266 841 355 910 cedat,
374 841 542 897 incremento
558 843 651 911 gregis
669 841 741 898 tetus
761 843 902 898 accedunt

209 932 249 990 40
319 932 398 986 Iners
414 930 483 986 libro
501 935 599 999 quarto
617 932 781 1000 regularum.
815 931 847 987 ln
866 946 929 986 eum
948 932 1030 1002 diem,
1048 947 1103 1002 quo
1122 932 1240 988 creditor
1257 932 1373 1002 pignora
1393 931 1528 1001 deuexit,
1548 923 1706 1014 Q
1724 935 1753 990 Ε

266 1026 339 1075 recte
358 1035 458 1074 usurae
476 1018 524 1074 fiet
542 1021 687 1089 reputatio.

208 1111 247 1168 41
319 1110 397 1164 buu
414 1108 483 1164 libro
502 1109 582 1164 tertio
600 1124 801 1179 responsorum.
830 1109 917 1164 Tutor
935 1109 1132 1165 condemnatus
1148 1125 1199 1179 per
1216 1110 1427 1179 appellationem
1439 1115 1529 1164 traxe·
1548 1101 1707 1192 Q
1726 1113 1753 1166 Ε

267 1204 310 1255 rat
333 1199 529 1254 exsecutionem
553 1198 713 1252 sententiae.
756 1199 910 1253 Herennius
934 1198 1103 1254 Modestinus
1130 1199 1272 1268 respondit
1298 1214 1361 1252 eum
1388 1199 1435 1268 qui
1463 1198 1498 1252 de
1520 1198 1755 1268 appellationem

266 1288 397 1357 cognouit
408 1287 540 1357 potuisse,
558 1287 581 1341 ei
594 1285 792 1342 frustratoriam
804 1287 930 1342 morandi
942 1304 1026 1342 causa
1038 1288 1249 1358 appellationem
1267 1287 1454 1358 interpositam
1467 1286 1708 1355 animaduerteret,

233 1384 246 1430 1
267 1378 348 1432 etiam
368 1375 402 1430 de
420 1378 509 1431 usuris
534 1377 616 1432 medii
634 1376 765 1446 temporis
788 1392 850 1431 eum
876 1377 1067 1433 condemnare.
1104 1377 1205 1432 Lucius
1224 1377 1314 1432 Titius
1337 1391 1400 1432 cum
1423 1381 1531 1430 centum
1555 1381 1584 1430 et
1608 1391 1708 1430 usuras

267 1465 397 1534 aliquanti
414 1466 544 1535 temporis
563 1464 683 1534 deberet,
702 1466 834 1521 minorem
852 1469 995 1536 pecuniam
1015 1483 1095 1538 quam
1116 1465 1236 1521 debebat
1247 1465 1418 1535 obsignauit:
1437 1479 1548 1534 quaero,
1568 1480 1604 1518 an
1616 1465 1708 1518 Titius

266 1554 399 1624 pecuniae
418 1570 499 1624 quam
519 1554 676 1625 obsignarit
693 1570 792 1609 usuras
810 1562 951 1624 praestare
970 1571 1024 1612 uon
1043 1555 1152 1611 debeat.
1181 1554 1351 1610 Modestinus
1369 1553 1518 1623 respondit,
1537 1553 1561 1608 si
1579 1568 1634 1608 non
1655 1552 1708 1608 bac

266 1645 328 1712 lege
346 1649 443 1697 mutue
459 1645 577 1712 pecunia
594 1643 661 1698 data
678 1649 729 1712 eet,
748 1643 788 1698 uti
805 1645 901 1699 liceret
919 1652 948 1701 et
964 1645 1148 1717 particulatim
1167 1643 1241 1715 quod
1260 1648 1403 1712 acceptum
1421 1649 1464 1698 est
1481 1641 1633 1710 exsoluere,
1652 1656 1708 1696 non
1728 1651 1754 1692 rs

266 1732 399 1787 retardari
416 1733 501 1787 totius
520 1732 605 1787 debiti
623 1748 766 1788 usurarum
785 1735 1008 1804 praestationem,
1027 1734 1059 1803 si,
1078 1749 1141 1788 cum
1160 1733 1278 1788 creditor
1296 1736 1409 1802 paratus
1426 1735 1501 1786 esset
1513 1737 1601 1786 totum
1620 1731 1708 1785 susci·

234 1829 248 1874 2
266 1836 340 1891 pere,
358 1820 474 1891 debitor,
493 1822 539 1892 qui
557 1822 585 1877 in
603 1822 773 1878 exsolutione
792 1822 875 1876 totius
894 1821 1029 1890 cessabat,
1049 1823 1135 1877 solam
1153 1827 1259 1892 partem
1278 1821 1413 1890 deposuit
1448 1818 1494 1875 Ab
1511 1819 1584 1874 solo
1602 1818 1709 1888 Agerio

267 1909 354 1965 Gaius
372 1909 451 1965 Seius
469 1914 592 1966 mutuam
611 1910 748 1980 quandam
772 1911 953 1980 quantitatem
978 1911 1085 1980 aceepit
1107 1911 1158 1967 boc
1181 1909 1375 1980 chirographo:
1398 1907 1452 1964 ‘ille
1475 1907 1572 1978 scripsi
1594 1921 1641 1962 me
1663 1921 1709 1961 ac·

266 1999 380 2068 'cepisse
398 2004 427 2053 et
445 1998 538 2068 accepi
557 1998 593 2054 ab
611 2000 657 2054 illo
675 2003 786 2054 mutuos
805 2006 833 2054 et
851 2006 1009 2057 numeratos
1027 2001 1131 2071 decem,
1151 2015 1220 2070 quos
1238 2001 1263 2056 ei
1281 1999 1395 2054 reddam
1408 1997 1534 2053 kalendis
1546 1997 1599 2052 illis
1616 1995 1709 2066 proxi·

268 2087 327 2142 'mis
345 2103 407 2142 cum
426 2088 483 2142 suis
502 2089 592 2144 usuris
610 2087 718 2158 placitis
736 2088 807 2143 inter
825 2087 896 2144 nos':
915 2104 1030 2159 quaero,
1054 2106 1089 2145 an
1107 2105 1142 2145 er
1160 2105 1193 2144 co
1211 2090 1392 2144 instrumento
1410 2101 1510 2141 usurae
1526 2085 1584 2156 peti
1601 2085 1711 2155 possint
1727 2097 1754 2138 so

267 2180 297 2232 et
313 2191 393 2246 qnae.
422 2175 592 2232 Modestinus
610 2176 766 2248 respondit,
785 2177 808 2232 si
827 2193 882 2234 non
901 2183 1033 2248 appareat
1050 2178 1085 2234 de
1103 2179 1203 2249 quibus
1221 2177 1312 2234 usuris
1330 2177 1476 2232 conuentio
1494 2174 1569 2231 laeta
1586 2174 1632 2244 sit,
1650 2173 1711 2244 peti

267 2280 315 2321 eas
334 2280 388 2320 non
405 2279 497 2334 posse.

209 2353 249 2412 42
320 2353 398 2408 Innrr
416 2352 484 2409 libro
503 2353 647 2409 undecimo
665 2368 866 2424 responsorum.
897 2355 1051 2412 Herennius
1069 2355 1239 2412 Modestinus
1256 2353 1399 2426 respondit
1415 2352 1530 2422 fruetus,
1549 2345 1710 2436 Qu
1727 2359 1754 2416 Β

267 2441 315 2513 qui
336 2447 400 2512 post
422 2441 589 2512 adquisitum
614 2458 649 2498 ex
673 2459 757 2500 causa
780 2442 984 2500 fideicommissi
1007 2445 1156 2502 dominium
1184 2459 1218 2500 ex
1242 2447 1316 2499 terra
1339 2443 1540 2514 percipiuntur,
1567 2440 1604 2496 sd
1631 2438 1709 2494 fidei-

268 2531 484 2588 oommissarium
502 2533 648 2603 pertinere,
665 2533 731 2589 licet
748 2533 836 2590 maior
852 2549 917 2604 pars
935 2534 999 2589 anni
1011 2540 1075 2590 ante
1088 2533 1160 2590 diem
1172 2532 1376 2590 fideicommissi
1386 2531 1529 2588 cedentem
1541 2529 1709 2600 praeterisse
1727 2544 1756 2585 ss

268 2621 383 2676 dicatur.

210 2707 251 2768 43
321 2710 399 2765 loen
421 2708 491 2765 libro
515 2713 615 2765 octauo
640 2709 746 2766 decimo
770 2725 972 2780 responsorum.
1014 2711 1169 2768 Herennius
1192 2710 1361 2767 Modestinus
1384 2708 1526 2779 respondit
1548 2700 1707 2791 Q}
1727 2716 1754 2772 Β

268 2799 327 2856 eius
345 2799 477 2869 temporis
499 2798 574 2868 quod
596 2800 692 2870 cessit,
715 2804 861 2870 postquam
879 2799 963 2857 fiscus
981 2800 1104 2858 debitum
1122 2802 1256 2872 percepit,
1282 2816 1357 2870 eum,
1379 2799 1427 2870 qui
1450 2797 1586 2854 mandatis
1605 2813 1623 2852 a
1640 2795 1709 2853 usco

269 2888 424 2946 actionibus
442 2888 588 2958 experitur,
607 2903 706 2945 usuras
724 2905 795 2959 quae
813 2890 841 2944 in
859 2891 1019 2962 stipulatum
1038 2891 1173 2946 deductae
1191 2905 1247 2946 uon
1264 2894 1329 2945 sunt
1346 2893 1441 2959 petere
1458 2907 1509 2942 non
1525 2899 1619 2956 posse.
1727 2901 1757 2943 ss

211 2977 251 3035 44
322 2979 401 3034 loen
422 2975 491 3032 libro
514 2976 621 3033 decimo
643 2977 850 3047 pandectarum.
892 2980 1012 3035 Poenam
1038 2995 1088 3051 pro
1111 2979 1202 3036 usuris
1225 2979 1348 3050 stipulari
1371 2975 1403 3062 lu
1727 2985 1755 3042 Β

269 3083 349 3124 nemo
367 3066 580 3136 supramodum
599 3081 742 3122 usurarum
760 3067 864 3123 licitum
881 3073 983 3138 potest

211 3154 251 3213 45
321 3158 494 3212 Posmourus
511 3153 580 3210 libro
598 3154 730 3211 uicesimo
741 3155 863 3212 secundo
878 3157 915 3212 ad
927 3157 1055 3223 Quintum
1068 3157 1196 3212 Mucium.
1222 3156 1338 3212 Fructus
1354 3154 1531 3226 percipiendo
1549 3145 1708 3238 Q
1726 3165 1756 3222 Β

269 3260 340 3301 uxor
356 3245 401 3300 uel
418 3245 462 3299 uir
473 3259 508 3298 ex
520 3258 550 3298 re
562 3243 664 3299 donata
676 3259 741 3300 snos
752 3243 828 3316 iecit,
846 3247 906 3302 illos
917 3251 1019 3317 tamem
1038 3261 1107 3316 quos
1119 3247 1177 3302 suis
1189 3246 1280 3316 operis
1292 3245 1459 3316 adquisierit,
1477 3244 1563 3300 ueluti
1575 3241 1707 3298 serendm

269 3350 333 3390 nam
352 3334 376 3389 si
394 3348 505 3404 pomum
525 3331 693 3402 decerpserit
714 3335 759 3390 nel
781 3350 816 3390 ex
837 3337 908 3391 silus
925 3335 1030 3405 caedit,
1053 3351 1107 3390 non
1125 3333 1158 3390 lit
1175 3335 1248 3406 eius,
1270 3335 1353 3390 sicuti
1374 3349 1427 3390 nee
1450 3331 1599 3390 cuiusbbet
1619 3330 1708 3387 bones

269 3420 334 3479 fidei
352 3422 528 3493 possessoris,
547 3421 684 3491 quianon
702 3437 738 3479 er
755 3421 830 3480 iacto
847 3425 907 3480 eius
925 3425 949 3480 're
966 3423 1072 3480 frustm
1090 3423 1220 3480 nascitur.
1728 3437 1758 3479 ss

212 3508 252 3568 46
324 3510 476 3566 Unamrrus
492 3509 561 3566 libro
580 3512 753 3580 sexagesimo
770 3513 892 3568 secundo
909 3513 945 3569 ad
963 3513 1092 3569 edictum.
1120 3512 1199 3578 Quod
1211 3513 1239 3568 iu
1251 3510 1356 3568 fructus
1367 3511 1533 3584 redigendos
1564 3521 1709 3580 bausit
1727 3523 1786 3597 Rs·

270 3599 426 3670 impensum
444 3605 495 3669 est,
514 3614 568 3655 non
587 3599 735 3669 ambigitur
751 3601 827 3672 ipsos
844 3601 950 3658 fructus
967 3602 1125 3658 deminuere
1143 3601 1253 3657 debere.

213 3686 254 3745 47
325 3687 484 3744 screnom
501 3689 570 3745 libro
588 3704 660 3746 nouo
678 3689 856 3760 digestorum.
892 3691 1046 3760 Respondit
1061 3695 1188 3760 paratum
1207 3689 1338 3746 iudicium
1357 3689 1532 3762 acciperent
1551 3684 1709 3775 Q?
1729 3699 1759 3755 Α

272 3775 308 3832 ab
326 3777 483 3832 aduersario
502 3784 639 3834 cessatum
658 3782 709 3848 est,
728 3793 831 3834 moram
850 3776 940 3834 iacere
958 3794 1013 3835 non
1031 3779 1127 3836 uideri.
1729 3795 1762 3854 ss

214 3863 254 3924 48
324 3865 402 3920 Iners
419 3863 488 3921 libro
506 3867 638 3922 uicesimo
656 3867 777 3922 secundo
795 3867 973 3936 digestorum.
1003 3868 1118 3924 Maritus
1135 3867 1213 3923 uxori
1231 3882 1298 3922 suae
1315 3882 1395 3922 usum
1414 3865 1532 3924 fructum
1552 3861 1711 3951 Q
1729 3881 1755 3935 A

272 3953 370 4010 tertiae
388 3955 474 4024 partis
493 3959 529 4024 et,
547 3970 610 4011 oum
628 3954 728 4011 liberos
751 3954 906 4025 habuisset,
929 3957 1124 4026 proprietatem
1147 3956 1263 4026 legauit:
1288 3971 1348 4010 eam
1370 3970 1484 4011 uxorem
1509 3954 1627 4011 heredes
1649 3955 1711 4011 falsi

271 4043 431 4099 testamenti
449 4047 478 4098 et
495 4044 609 4100 aliorum
622 4044 764 4099 criminum
777 4049 984 4116 accusauerunt,
1003 4059 1059 4114 qua
1070 4061 1100 4102 re
1112 4045 1243 4116 impedita
1256 4050 1299 4100 est
1310 4045 1463 4115 legatorum
1474 4045 1586 4116 petitio:
1606 4046 1712 4102 interes

272 4175 437 4247 F1P(VU)]

273 4379 409 4434 busurae
431 4377 488 4448 fiet}
512 4381 649 4436 usurariet
666 4381 703 4434 F¹
757 4381 964 4437 mereamus
1017 4383 1052 4438 28
1070 4379 1174 4451 abaco]
1191 4381 1324 4438 aristol'¹
1368 4381 1403 4438 29
1421 4379 1611 4437 deducereP·
1625 4383 1631 4450 l
1646 4379 1709 4452 nonl

273 4449 345 4518 nem]
356 4448 439 4515 P³U⁶,
448 4451 650 4508 excusationem
657 4451 756 4508 FP·U¹
764 4455 792 4520 (9
801 4453 965 4508 condemna·
1017 4453 1078 4510 cdd.
1094 4453 1215 4508 Ostorius
1231 4453 1368 4509 amadeus
1388 4452 1516 4508 Grcmce:
1537 4450 1585 4506 tt«
1604 4454 1646 4522 τῷ
1664 4462 1711 4508 aa·

273 4524 319 4607 tus
382 4522 418 4608 1⁰,
429 4523 640 4610 exsecutionem,
647 4543 695 4578 om.
708 4525 743 4592 V)
748 4541 757 4608 ‚²
771 4526 966 4611 tesserasceelc
1018 4525 1101 4610 socier
1120 4522 1272 4610 4⁵⁷?344‘3'F
1292 4519 1434 4611 'eaxmpuurb
1451 4521 1486 4609 τὸΙ
1497 4523 1645 4610 χρὲοερογ,
1663 4539 1712 4611 mr

274 4595 964 4734 111111ῖὲ11111111111ιὲἵῖ
1018 4605 1713 4732 litteter-“tributiillut

273 4683 325 4789 11ῃὲ
327 4683 454 4790 ¹ereurrius
461 4735 488 4788 F
487 4736 500 4769 ¹
518 4736 533 4789 1
561 4685 765 4792 8111111111]Ρῇι
776 4736 967 4793 redebeatl’·
1019 4736 1065 4792 eis
1084 4707 1167 4809 xptos.
1179 4683 1323 4808 ἐκχωρῒὲτεᾩιί
1337 4756 1379 4791 uos
1393 4685 1524 4801 {potesse
1544 4734 1594 4798 oia
1611 4705 1713 4790 teme}

276 4804 311 4860 14
328 4821 440 4862 usuram
457 4805 499 4860 P·
518 4807 523 4872 Ι
543 4805 594 4862 beo
611 4807 653 4861 P·
707 4807 741 4862 15
759 4808 910 4878 exsoluere]
931 4807 967 4864 ab
1019 4808 1116 4873 risose
1138 4806 1357 4880 isenepcrirore
1379 4807 1429 4864 ΒΕ
1451 4808 1559 4878 (cpe),
1583 4825 1635 4864 om.
1652 4807 1715 4861 ttici

275 4877 403 4932 exoluere
422 4879 463 4932 P·
517 4877 550 4931 ll
569 4877 749 4947 exsolutione]
767 4879 903 4934 solutione
922 4879 966 4938 Pl
1019 4887 1102 4935 nostri
1146 4877 1377 4950 82frootns1PU,
1395 4876 1500 4935 fructos
1517 4877 1571 4931 Ν
1612 4879 1648 4933 34
1665 4877 1714 4931 de-

275 4947 389 5016 angerio
406 4948 438 5014 P,
456 4947 611 5018 angelioU
653 4950 686 5003 18
704 4951 857 5020 accepisset
873 4951 968 5020 accepi
1020 4951 1134 5006 cerserit
1166 4951 1247 5005 ru>-
1270 4953 1275 5018 Ι
1299 4949 1409 5006 saeuit
1442 4949 1482 5003 Ρ
1505 4953 1511 5018 Ι
1535 4947 1646 5005 bonde*
1672 4947 1715 5002 Γ*

277 5015 365 5082 Mine.
377 5019 418 5074 P·
464 5020 500 5075 23
511 5016 616 5076 buobrs
678 5021 712 5076 21
725 5021 867 5092 respondit
878 5023 918 5078 trs
926 5021 968 5076 Ρ·
1020 5022 1056 5078 40
1073 5037 1155 5078 usum
1171 5019 1277 5078 fruetus
1293 5021 1321 5076 P
