3720 5544
894 224 1073 291 xxxxiiii

267 405 378 474 paretis.
407 403 481 473 quod
499 407 531 458 nt
548 401 600 457 ieci
618 401 734 456 libenter
746 401 774 456 in
786 401 964 457 Basilicomm
977 400 1053 472 libris
1064 401 1305 470 XIIII—XVIIH,
1323 417 1392 471 qnos
1404 403 1553 458 recensitos
1564 402 1699 460 hahemus

266 513 353 581 perite
372 516 400 566 et
416 511 497 582 plene
518 525 536 564 a
553 507 730 580 tantunaco,
755 509 795 563 ita
817 513 929 565 coactns
952 513 981 563 ct
1004 524 1087 580 saepe
1110 510 1214 564 inuitus
1236 509 1265 564 in
1281 513 1359 578 parte
1377 510 1458 579 louge
1475 511 1590 581 maiore,
1614 526 1697 581 qnam

267 625 434 689 postremum
453 617 613 686 recognocit
631 616 744 672 Carolus
761 614 913 671 Gulielmns
924 615 1088 671 Heimbacb:
1106 631 1170 671 nam
1188 631 1250 671 enm
1269 615 1313 671 hie
1330 616 1365 671 de
1379 617 1503 672 Basilicis
1519 618 1623 688 optime
1641 634 1698 674 me·

267 727 353 781 ruerit
369 730 451 782 aucto
470 731 612 795 apparatu,
634 724 751 779 maxime
770 724 906 793 excerptis
923 723 1103 793 'lipueitianis
1121 720 1234 794 abipso
1252 724 1368 793 primum
1386 723 1482 793 editis,
1500 725 1540 780 ita
1557 726 1585 780 in
1604 740 1697 780 receu-

267 834 344 888 sione
367 833 426 888 eins
444 833 517 887 iusta
536 831 661 886 doctriua
678 835 706 885 et
723 831 804 901 plena
821 829 963 899 diligentia
981 829 1159 885 desideratur.
1186 845 1241 885 non
1259 829 1321 885 dico
1338 830 1373 884 de
1391 829 1483 886 uerbis
1500 846 1696 902 recognoscen-

267 940 321 996 dis:
346 955 409 994 nam
428 954 593 1009 quemqnam
611 938 706 1007 negari
723 953 778 994 non
796 940 888 1007 potest
904 952 965 992 raro
982 938 1054 992 nltra
1070 936 1155 993 libros
1172 937 1287 1008 scriptos
1305 937 1436 992 editorem
1455 953 1559 1008 sapere,
1578 939 1696 995 maxime

266 1049 294 1102 in
312 1045 430 1116 scholiis,
449 1051 477 1101 et
495 1061 529 1100 ne
547 1044 638 1100 hiatus
655 1043 766 1116 quidem
785 1060 848 1099 enm
867 1043 1031 1100 indicauisse
1049 1045 1170 1114 abusque
1190 1060 1296 1100 errores
1313 1061 1375 1115 eos,
1398 1045 1446 1116 qui
1462 1045 1568 1101 Latinis
1591 1047 1697 1102 collatis

265 1153 392 1210 facillime
409 1151 662 1224 deprehenduntur,
683 1167 754 1222 quac
771 1166 805 1206 eo
826 1152 934 1206 nomine
951 1153 1092 1222 peccauit,
1115 1157 1251 1222 quatenns
1269 1156 1362 1209 nostra
1380 1151 1502 1208 interfuit
1518 1152 1571 1223 ipsi
1593 1153 1696 1222 aliqna-

265 1265 346 1316 tenus
373 1261 484 1331 explere
514 1261 661 1330 potuimus.
698 1275 749 1314 nee
775 1272 940 1328 magnopere
967 1257 1032 1313 mihi
1062 1259 1174 1314 otinisse
1200 1260 1296 1331 opinor
1322 1259 1485 1317 scholiorum
1512 1260 1695 1329 antiquiorum

266 1369 500 1438 recentiorumque
518 1365 718 1422 coufnsionem:
742 1383 806 1422 narn
829 1365 897 1420 hace
919 1381 981 1421 cnm
1005 1367 1198 1422 molestissima
1220 1369 1257 1422 sit
1279 1367 1313 1422 iis
1331 1367 1378 1438 qui
1395 1367 1513 1422 Basilice
1529 1366 1619 1423 obiter
1636 1372 1696 1422 tan-

265 1481 323 1530 tum
342 1475 502 1530 euoluentes
520 1479 655 1544 coguntur
672 1474 700 1528 in
718 1474 764 1528 ullo
782 1478 915 1544 apparatu
933 1479 1072 1544 nmquam
1090 1474 1117 1528 in
1137 1475 1213 1530 eduis
1230 1474 1319 1530 deuiis
1333 1475 1393 1530 sine
1410 1475 1481 1529 duce
1499 1489 1597 1544 enare,
1614 1473 1696 1530 hdie

265 1582 338 1637 niam
357 1581 479 1636 inueniet
496 1585 525 1636 et
543 1582 578 1637 ed
596 1597 676 1636 sunm
694 1595 819 1650 quaeque
837 1584 976 1636 auctorem
995 1578 1144 1650 mnooabit,
1162 1581 1209 1651 qui
1227 1581 1254 1636 in
1266 1583 1392 1637 Basilicis
1409 1597 1520 1653 operum
1537 1582 1694 1636 continuam

263 1690 386 1759 posuerit
404 1689 491 1758 iisque
510 1689 551 1743 nti
568 1687 702 1744 didicerit.
733 1687 851 1757 denique
875 1687 949 1757 qnod
971 1686 1127 1758 propediem
1152 1687 1273 1759 prodibit
1289 1693 1396 1744 sextum
1419 1690 1547 1744 uolumen
1567 1687 1695 1744 editionis

264 1794 496 1850 Heimbacbianae
513 1810 595 1865 quem
613 1795 641 1851 iu
659 1796 720 1866 ipso
737 1809 820 1863 opere
837 1794 924 1851 lector
941 1795 1080 1850 desiderat
1095 1795 1213 1850 indicem
1232 1795 1403 1866 aliquatenus
1421 1793 1615 1866 suppeditabit.
1644 1795 1694 1850 sed

264 1917 330 1958 nere
348 1903 442 1958 noenit
457 1903 574 1972 primum
593 1902 721 1958 editioms
738 1901 880 1958 edomatio
898 1903 938 1957 ita
955 1907 1124 1973 comparata,
1148 1906 1180 1956 ut
1203 1902 1232 1957 iu
1255 1903 1345 1973 longis
1368 1901 1509 1958 ordimbus
1530 1901 1694 1959 scholiorum

264 2015 293 2064 et
316 2023 398 2079 saepe
425 2011 564 2064 collocatis
591 2010 651 2064 loco
680 2025 734 2064 non
761 2024 811 2065 sno
838 2017 914 2064 certa
939 2009 1074 2080 quaedam
1101 2008 1188 2064 uerba
1213 2009 1356 2065 commode
1380 2015 1409 2064 ot
1431 2008 1550 2065 breuiter
1576 2011 1695 2079 allegare

264 2115 375 2172 omnino
398 2131 532 2186 nequeas:
555 2117 654 2186 utqui
677 2131 748 2186 qnae
772 2116 836 2170 inde
859 2116 937 2170 attuli
959 2116 986 2170 in
1007 2117 1069 2186 ipsa
1085 2115 1205 2172 editione
1222 2131 1419 2186 recognoscere
1436 2118 1541 2186 cupiat,
1565 2116 1589 2172 is
1611 2131 1695 2188 saepe

265 2224 379 2279 multum
397 2223 528 2293 temporis
549 2221 651 2278 frustra
667 2222 866 2292 impenditnrns
884 2223 991 2278 sitnon
1009 2237 1071 2278 meu
1088 2224 1177 2295 cnlpa,
1198 2223 1248 2278 sed
1266 2223 1378 2279 editoris
1395 2223 1581 2278 Basilicomm.
1611 2223 1695 2293 longo

264 2331 377 2402 grunitu
394 2335 438 2386 est
462 2329 589 2385 editionis
610 2329 707 2385 uitium
729 2329 810 2399 illud,
834 2329 908 2399 qnod
931 2331 976 2400 qui
998 2325 1102 2400 passim
1126 2331 1154 2386 in
1178 2330 1288 2386 scholiis
1310 2330 1429 2386 citantur
1450 2330 1618 2400 digestorum
1640 2330 1693 2388 loci

264 2453 399 2508 nusquam
422 2435 479 2492 iere
502 2435 538 2491 ed
560 2437 621 2506 ipsa
643 2436 752 2507 digesto
773 2438 963 2507 exech-sunt,
986 2442 1018 2493 nt
1035 2453 1106 2508 quae
1130 2437 1233 2494 scholia
1254 2437 1296 2492 his
1319 2436 1528 2507 allegationibus
1549 2436 1694 2494 conterunt

262 2549 320 2600 tem
343 2545 379 2600 sd
403 2543 553 2614 explendas
575 2543 811 2626 interpretationes
835 2545 963 2614 antiquas
985 2560 1067 2614 qnam
1090 2545 1125 2600 ad
1147 2546 1239 2615 legum
1264 2559 1390 2599 numeros
1412 2543 1562 2600 secundnm
1585 2546 1693 2617 Byzan-

263 2653 363 2709 tiorum
382 2651 568 2707 recensionem
586 2650 778 2722 restituendos,
796 2665 831 2706 ex
848 2651 910 2722 ipss
927 2651 1047 2707 editione
1065 2667 1237 2723 nequaqnam
1249 2652 1318 2707 sads
1332 2657 1506 2721 agnoscetur.
1535 2653 1560 2708 ei
1572 2650 1693 2708 delectui

263 2759 433 2828 digestorum
451 2758 583 2813 editorem
602 2756 705 2813 mederi
723 2772 777 2814 nou
795 2773 877 2829 posse
895 2765 1107 2816 cousentaneum
1127 2765 1182 2829 est,
1206 2773 1371 2830 quamquam
1395 2756 1442 2814 nbi
1464 2759 1542 2830 potui
1565 2757 1601 2814 ad
1624 2758 1693 2815 hacc

263 2881 372 2937 qnoque
394 2865 499 2920 attendi
521 2879 572 2920 uec
589 2880 678 2935 panea
700 2866 759 2921 cius
782 2867 890 2934 generis
914 2867 942 2921 in
964 2867 1086 2936 margine
1104 2868 1147 2923 uel
1165 2867 1194 2922 in
1211 2866 1388 2922 adnotatione
1405 2867 1485 2937 posui
1509 2866 1583 2937 apud
1600 2867 1692 2922 Heinr-

264 2973 391 3030 bachium
415 2974 486 3029 male
508 2975 618 3029 omissa.
650 2973 724 3044 quod
747 2973 771 3028 si
794 2972 940 3042 aliquando
957 2973 1124 3045 inuenietur,
1147 2974 1194 3044 qui
1211 2975 1240 3029 in
1257 2972 1325 3029 haec
1343 2973 1450 3059 undose
1472 2974 1604 3044 inquirat,
1627 2972 1692 3030 inde

263 3082 307 3137 nel
325 3079 362 3136 nd
380 3079 490 3150 digesta
505 3080 608 3152 aliquid
626 3079 762 3137 commodi
779 3079 993 3136 redundaturum
1017 3095 1079 3137 esse
1102 3097 1156 3137 non
1178 3080 1283 3137 dubito.
1309 3096 1377 3136 sane
1394 3081 1418 3135 si
1441 3081 1533 3136 studia
1554 3081 1621 3136 iuris
1637 3081 1691 3137 Ro·

263 3189 336 3244 mani
357 3186 484 3243 florerent
501 3187 596 3258 hodie,
617 3193 648 3244 ot
665 3187 813 3244 floruerunt
830 3193 937 3259 patrum
957 3193 1110 3244 nostrornm
1128 3193 1229 3257 aetate,
1246 3189 1377 3243 existeret
1393 3188 1490 3258 opinor
1505 3187 1553 3257 qni
1570 3188 1690 3258 ipsarum

262 3295 515 3364 interpretationum
534 3295 704 3366 antiquarum
728 3294 896 3366 digestorum
915 3309 950 3350 ex
968 3294 1092 3350 Basilicis
1116 3309 1264 3364 eorumque
1286 3295 1395 3350 scholiis
1412 3293 1690 3350 reconcinnaudarum

263 3400 412 3472 perieulum
436 3399 552 3456 faceret:
580 3417 631 3457 neo
653 3401 754 3458 bustra
776 3406 843 3474 puto
867 3403 895 3458 iu
918 3417 950 3457 eo
972 3403 1081 3472 incepto
1102 3400 1295 3457 elaboraretnr.
1326 3401 1375 3458 sed
1398 3401 1467 3457 haec
1489 3401 1544 3456 ium
1567 3401 1596 3456 iu
1617 3400 1690 3456 notis

262 3509 351 3577 magis
369 3512 434 3563 snut
451 3523 534 3578 quam
552 3509 580 3564 in
598 3509 723 3579 speratis.
749 3540 780 3549 -
806 3509 918 3564 Praeter
934 3509 1053 3564 Basilica
1074 3522 1109 3563 ex
1127 3509 1338 3578 inrisprndentia
1354 3508 1461 3564 Graeca
1477 3523 1566 3579 muca
1582 3513 1690 3564 tantum

157 3613 243 3669 ‘Ponat
263 3613 386 3685 adhibui,
410 3615 528 3670 maxime
552 3618 699 3670 tractatum
724 3614 760 3670 de
782 3614 951 3686 temporibus
974 3616 1034 3671 siue
1058 3615 1205 3686 sitiente
1227 3616 1330 3672 editum
1354 3615 1553 3671 aZuehariaeo
1571 3615 1689 3680 (Heidel-

262 3720 363 3792 bergae
382 3722 477 3790 18³6),
499 3724 646 3792 propterea
668 3721 741 3790 qnod
764 3728 860 3778 unctor
877 3721 1040 3793 Anonymns
1062 3723 1184 3777 certain
1208 3724 1367 3778 recensione
1390 3723 1542 3792 antiquiore
1566 3737 1600 3777 ex
1622 3721 1690 3790 ipsis

139 3839 244 3912 Epitoma
262 3828 377 3898 digestis
395 3828 500 3884 Latinis
518 3827 627 3884 uidetur
644 3827 777 3899 pendere,
800 3829 865 3884 item
885 3829 1030 3899 Epitomen
1046 3829 1127 3898 iuris,
1146 3829 1224 3884 cuius
1242 3830 1371 3886 maiorem
1389 3835 1495 3900 partem
1513 3828 1586 3884 idem
1604 3827 1691 3884 edidit

148 3915 234 4010 offis
261 3935 289 3990 in
313 3935 379 3990 iuris
397 3934 643 3991 Graeco-Romani
666 3935 804 3992 uolumine
827 3935 948 3992 secundo
971 3937 1091 4007 (Lipsiae
1112 3937 1180 3992 1856
1196 3952 1224 4007 p.
1237 3937 1290 3992 265
1308 3941 1391 4008 seq),
1416 3951 1477 3992 enm
1502 3937 1530 3991 in
1550 3951 1585 3992 ca
1607 3950 1689 4006 quae·

261 4041 325 4097 dam
344 4043 513 4112 reperiantur
530 4047 642 4114 sumpta
659 4057 694 4098 ex
707 4043 832 4099 Basilieis
849 4057 939 4112 neque
957 4043 1022 4098 dum
1041 4044 1069 4099 iu
1087 4043 1234 4099 editionem
1253 4041 1493 4099 Heimbaehianam
1512 4048 1636 4114 receptu:
1654 4057 1690 4099 ex

262 4153 359 4204 nonno
376 4154 470 4204 umen
487 4149 578 4205 libello
596 4148 711 4205 multum
729 4147 840 4220 proieci.
866 4151 1006 4220 ereliqnis
1017 4151 1144 4222 Byzantii
1160 4150 1227 4206 iuris
1239 4150 1397 4206 auctoribus
1409 4150 1537 4219 abstinui,
1555 4165 1617 4206 enm
1635 4166 1690 4206 non

262 4269 297 4309 ex
315 4255 381 4310 iuris
398 4255 541 4312 Iustiniani
559 4255 635 4312 libris
651 4255 798 4328 pendeant,
817 4257 866 4312 sed
879 4273 913 4313 ex
925 4259 1058 4328 Basilicis,
1077 4257 1113 4312 ad
1125 4271 1159 4312 ea
1170 4263 1263 4313 antem
1275 4257 1444 4314 restituenda
1455 4272 1526 4328 quae
1537 4254 1689 4325 conserunt,

261 4361 357 4432 paucis
375 4363 497 4433 exeeptis
516 4363 543 4417 in
562 4363 739 4420 Basilicorum
759 4363 924 4421 editionibus
942 4364 1045 4420 dudum
1064 4365 1153 4419 locum
1172 4365 1333 4420 inuenerint.

118 4587 202 4660 'codex
314 4575 459 4647 Superest,
487 4580 519 4631 ut
544 4576 687 4633 uideamus
711 4577 746 4632 de
768 4577 937 4648 digestorum
960 4577 1036 4634 libris
1059 4578 1168 4649 scriptis
1194 4580 1294 4634 ιιιιιίι
1320 4578 1487 4635 recentioris.
1521 4579 1593 4635 inter
1619 4593 1688 4648 quos

92 4650 243 4760 ξξξζῇζᾝ
261 4683 427 4754 singularem
449 4685 538 4740 locum
562 4690 679 4755 occupat
702 4686 747 4740 uel
769 4691 880 4757 propter
902 4690 1020 4741 nentem
1045 4685 1132 4742 codex
1154 4684 1335 4742 bibliothecae
1358 4685 1484 4757 publicae
1506 4685 1689 4741 Berolinensis

117 4789 176 4820 ⁵³0⁰·
188 4775 216 4821 ¹³
261 4796 370 4860 emptus
387 4807 412 4845 ι.
427 4791 495 4847 test
514 4807 548 4847 ex
565 4790 731 4848 ιιιιιοιιιιι
749 4793 909 4864 susnyuna,
930 4792 995 4849 oum
1012 4793 1086 4848 pern
1104 4792 1223 4862 ιιιιοιι,
1241 4794 1301 4849 nas.
1314 4791 1361 4848 ιοι.
1374 4809 1401 4848 n.
1413 4792 1465 4848 nse
1482 4790 1572 4858 (noun
1590 4793 1635 4858 ιι).
1664 4793 1689 4848 ιι

261 4897 333 4952 enim
356 4903 466 4969 praeter
488 4898 585 4954 Iuliani
608 4899 776 4955 nonullorum
800 4899 937 4970 epitomen
961 4915 1022 4956 curn
1047 4898 1244 4972 appendicibus
1266 4901 1394 4970 scriptam
1417 4900 1527 4955 saeculo
1548 4897 1605 4955 iere
1623 4897 1689 4954 Vlll

261 5005 383 5060 continet
405 5007 609 5076 quaternionem
634 5011 717 5074 (nuno
735 5003 754 5062 f.
769 5007 855 5062 183-
868 5008 929 5076 190)
952 5006 1038 5063 codici
1062 5013 1159 5078 postea
1180 5007 1289 5062 demum
1314 5023 1365 5063 nec
1382 5007 1454 5064 iusto
1477 5009 1537 5063 loco
1557 5007 1687 5062 insertum
