<?xml version="1.0" encoding="UTF-8"?>
<!DOCTYPE html PUBLIC "-//W3C//DTD XHTML 1.0 Transitional//EN"
    "http://www.w3.org/TR/xhtml1/DTD/xhtml1-transitional.dtd">
<html xmlns="http://www.w3.org/1999/xhtml" xml:lang="en" lang="en">
 <head>
  <title>
</title>
<meta http-equiv="Content-Type" content="text/html;charset=utf-8" />
  <meta name='ocr-system' content='tesseract 3.04.00' />
  <meta name='ocr-capabilities' content='ocr_page ocr_carea ocr_par ocr_line ocrx_word'/>
</head>
<body>
  <div class='ocr_page' id='page_1' title='image "./digestaiustinia00mommgoog_0980.png"; bbox 0 0 3812 5598; ppageno 0'>
   <div class='ocr_carea' id='block_1_1' title="bbox 197 303 1635 388">
    <p class='ocr_par' dir='ltr' id='par_1_1' title="bbox 197 303 1635 388">
     <span class='ocr_line' id='line_1_1' title="bbox 197 303 1635 388; baseline -0.003 -11"><span class='ocrx_word' id='word_1_1' title='bbox 197 327 260 388; x_wconf 81' lang='lat' dir='ltr'>our</span> <span class='ocrx_word' id='word_1_2' title='bbox 282 328 347 378; x_wconf 83' lang='lat' dir='ltr'>sun</span> <span class='ocrx_word' id='word_1_3' title='bbox 369 327 507 378; x_wconf 74' lang='lat' dir='ltr'>romu</span> <span class='ocrx_word' id='word_1_4' title='bbox 870 303 954 386; x_wconf 89' lang='grc'>811</span> <span class='ocrx_word' id='word_1_5' title='bbox 1356 307 1475 379; x_wconf 86' lang='lat' dir='ltr'>XXVII</span> <span class='ocrx_word' id='word_1_6' title='bbox 1496 312 1517 378; x_wconf 83' lang='grc'><strong>9</strong></span> <span class='ocrx_word' id='word_1_7' title='bbox 1536 315 1635 374; x_wconf 79' lang='lat' dir='ltr'>i-1t</span> 
     </span>
    </p>
   </div>
   <div class='ocr_carea' id='block_1_2' title="bbox 135 466 1728 4456">
    <p class='ocr_par' dir='ltr' id='par_1_2' title="bbox 161 466 1636 630">
     <span class='ocr_line' id='line_1_2' title="bbox 161 466 1635 540; baseline 0.001 -17"><span class='ocrx_word' id='word_1_8' title='bbox 161 471 288 523; x_wconf 73' lang='lat' dir='ltr'>amman</span> <span class='ocrx_word' id='word_1_9' title='bbox 311 466 420 539; x_wconf 85' lang='lat' dir='ltr'>feccrit,</span> <span class='ocrx_word' id='word_1_10' title='bbox 446 469 469 524; x_wconf 90' lang='lat' dir='ltr'>si</span> <span class='ocrx_word' id='word_1_11' title='bbox 490 468 567 540; x_wconf 88' lang='lat' dir='ltr'>pu&#39;ue</span> <span class='ocrx_word' id='word_1_12' title='bbox 590 473 745 539; x_wconf 87' lang='lat' dir='ltr'>praetorem</span> <span class='ocrx_word' id='word_1_13' title='bbox 769 467 875 524; x_wconf 86' lang='lat' dir='ltr'>adierit.</span> <span class='ocrx_word' id='word_1_14' title='bbox 911 467 941 524; x_wconf 88' lang='lat' dir='ltr'>Si</span> <span class='ocrx_word' id='word_1_15' title='bbox 959 474 1038 539; x_wconf 89' lang='lat' dir='ltr'>pater</span> <span class='ocrx_word' id='word_1_16' title='bbox 1055 469 1100 524; x_wconf 90' lang='lat' dir='ltr'>uel</span> <span class='ocrx_word' id='word_1_17' title='bbox 1117 483 1218 540; x_wconf 88' lang='lat' dir='ltr'>parens</span> <span class='ocrx_word' id='word_1_18' title='bbox 1235 473 1310 525; x_wconf 91' lang='lat' dir='ltr'>tutor</span> <span class='ocrx_word' id='word_1_19' title='bbox 1327 469 1364 525; x_wconf 87' lang='lat' dir='ltr'>sit</span> <span class='ocrx_word' id='word_1_20' title='bbox 1382 469 1462 526; x_wconf 84' lang='lat' dir='ltr'>rdioni</span> <span class='ocrx_word' id='word_1_21' title='bbox 1481 483 1516 525; x_wconf 87' lang='lat' dir='ltr'>ex</span> <span class='ocrx_word' id='word_1_22' title='bbox 1533 467 1635 540; x_wconf 90' lang='lat' dir='ltr'>liberis,</span> 
     </span>
     <span class='ocr_line' id='line_1_3' title="bbox 196 557 1636 630; baseline -0.001 -15"><span class='ocrx_word' id='word_1_23' title='bbox 196 574 231 615; x_wconf 90' lang='grc' dir='ltr'>ιιι</span> <span class='ocrx_word' id='word_1_24' title='bbox 253 563 364 628; x_wconf 86' lang='lat' dir='ltr'>praetor</span> <span class='ocrx_word' id='word_1_25' title='bbox 386 557 530 614; x_wconf 84' lang='lat' dir='ltr'>adeundus</span> <span class='ocrx_word' id='word_1_26' title='bbox 553 559 602 627; x_wconf 90' lang='lat' dir='ltr'>sit,</span> <span class='ocrx_word' id='word_1_27' title='bbox 626 558 651 613; x_wconf 89' lang='lat' dir='ltr'>si</span> <span class='ocrx_word' id='word_1_28' title='bbox 674 557 796 627; x_wconf 82' lang='lat' dir='ltr'>obligare</span> <span class='ocrx_word' id='word_1_29' title='bbox 820 558 908 614; x_wconf 83' lang='lat' dir='ltr'>uelit?</span> <span class='ocrx_word' id='word_1_30' title='bbox 931 565 956 614; x_wconf 80' lang='lat' dir='ltr'>et</span> <span class='ocrx_word' id='word_1_31' title='bbox 978 559 1067 628; x_wconf 72' lang='lat' dir='ltr'>magis</span> <span class='ocrx_word' id='word_1_32' title='bbox 1090 563 1133 614; x_wconf 88' lang='lat' dir='ltr'>est</span> <span class='ocrx_word' id='word_1_33' title='bbox 1150 563 1182 612; x_wconf 91' lang='lat' dir='ltr'>ut</span> <span class='ocrx_word' id='word_1_34' title='bbox 1199 557 1313 614; x_wconf 84' lang='lat' dir='ltr'>debeat:</span> <span class='ocrx_word' id='word_1_35' title='bbox 1336 559 1446 630; x_wconf 92' lang='lat' dir='ltr'>pronior</span> <span class='ocrx_word' id='word_1_36' title='bbox 1462 563 1555 614; x_wconf 90' lang='lat' dir='ltr'>tamen</span> <span class='ocrx_word' id='word_1_37' title='bbox 1573 571 1636 614; x_wconf 87' lang='lat' dir='ltr'>esee</span> 
     </span>
    </p>

    <p class='ocr_par' dir='ltr' id='par_1_3' title="bbox 160 646 1635 807">
     <span class='ocr_line' id='line_1_4' title="bbox 160 646 1635 718; baseline 0.001 -18"><span class='ocrx_word' id='word_1_38' title='bbox 160 655 176 700; x_wconf 87' lang='grc' dir='ltr'>ο</span> <span class='ocrx_word' id='word_1_39' title='bbox 196 646 279 703; x_wconf 90' lang='lat' dir='ltr'>debet</span> <span class='ocrx_word' id='word_1_40' title='bbox 301 653 413 717; x_wconf 87' lang='lat' dir='ltr'>praetor</span> <span class='ocrx_word' id='word_1_41' title='bbox 435 647 471 702; x_wconf 89' lang='lat' dir='ltr'>ad</span> <span class='ocrx_word' id='word_1_42' title='bbox 494 647 719 702; x_wconf 89' lang='lat' dir='ltr'>consentiendum</span> <span class='ocrx_word' id='word_1_43' title='bbox 738 647 817 718; x_wconf 89' lang='lat' dir='ltr'>patri.</span> <span class='ocrx_word' id='word_1_44' title='bbox 854 646 884 703; x_wconf 87' lang='lat' dir='ltr'>Si</span> <span class='ocrx_word' id='word_1_45' title='bbox 901 653 1011 718; x_wconf 91' lang='lat' dir='ltr'>praetor</span> <span class='ocrx_word' id='word_1_46' title='bbox 1028 646 1166 703; x_wconf 87' lang='lat' dir='ltr'>tutoribus</span> <span class='ocrx_word' id='word_1_47' title='bbox 1183 648 1338 717; x_wconf 74' lang='lat' dir='ltr'>permiserit</span> <span class='ocrx_word' id='word_1_48' title='bbox 1354 647 1489 718; x_wconf 88' lang='lat' dir='ltr'>uendere,</span> <span class='ocrx_word' id='word_1_49' title='bbox 1512 647 1550 704; x_wconf 87' lang='lat' dir='ltr'>illi</span> <span class='ocrx_word' id='word_1_50' title='bbox 1568 646 1635 702; x_wconf 87' lang='lat' dir='ltr'>obii·</span> 
     </span>
     <span class='ocr_line' id='line_1_5' title="bbox 195 733 1635 807; baseline -0.001 -16"><span class='ocrx_word' id='word_1_51' title='bbox 195 737 323 806; x_wconf 83' lang='lat' dir='ltr'>gauerint</span> <span class='ocrx_word' id='word_1_52' title='bbox 345 737 390 792; x_wconf 92' lang='lat' dir='ltr'>uel</span> <span class='ocrx_word' id='word_1_53' title='bbox 409 739 519 807; x_wconf 89' lang='lat' dir='ltr'>contra,</span> <span class='ocrx_word' id='word_1_54' title='bbox 542 752 578 791; x_wconf 85' lang='lat' dir='ltr'>au</span> <span class='ocrx_word' id='word_1_55' title='bbox 596 737 689 792; x_wconf 87' lang='lat' dir='ltr'>ualeat</span> <span class='ocrx_word' id='word_1_56' title='bbox 706 735 780 806; x_wconf 91' lang='lat' dir='ltr'>qnod</span> <span class='ocrx_word' id='word_1_57' title='bbox 797 741 891 792; x_wconf 86' lang='lat' dir='ltr'>actum</span> <span class='ocrx_word' id='word_1_58' title='bbox 909 733 973 791; x_wconf 79' lang='lat' dir='ltr'>esti</span> <span class='ocrx_word' id='word_1_59' title='bbox 995 739 1024 790; x_wconf 91' lang='lat' dir='ltr'>et</span> <span class='ocrx_word' id='word_1_60' title='bbox 1042 749 1104 792; x_wconf 87' lang='lat' dir='ltr'>mea</span> <span class='ocrx_word' id='word_1_61' title='bbox 1122 734 1175 792; x_wconf 82' lang='lat' dir='ltr'>lert</span> <span class='ocrx_word' id='word_1_62' title='bbox 1192 736 1285 806; x_wconf 91' lang='lat' dir='ltr'>opinio</span> <span class='ocrx_word' id='word_1_63' title='bbox 1303 751 1380 806; x_wconf 92' lang='lat' dir='ltr'>eum,</span> <span class='ocrx_word' id='word_1_64' title='bbox 1404 738 1451 807; x_wconf 85' lang='lat' dir='ltr'>qui</span> <span class='ocrx_word' id='word_1_65' title='bbox 1468 736 1543 792; x_wconf 90' lang='lat' dir='ltr'>aliud</span> <span class='ocrx_word' id='word_1_66' title='bbox 1561 735 1635 806; x_wconf 85' lang='lat' dir='ltr'>iecit,</span> 
     </span>
    </p>

    <p class='ocr_par' dir='ltr' id='par_1_4' title="bbox 159 824 1669 1074">
     <span class='ocr_line' id='line_1_6' title="bbox 159 824 1669 898; baseline 0.002 -19"><span class='ocrx_word' id='word_1_67' title='bbox 159 833 277 896; x_wconf 73' lang='lat' dir='ltr'>aquam</span> <span class='ocrx_word' id='word_1_68' title='bbox 301 825 376 895; x_wconf 86' lang='lat' dir='ltr'>quod</span> <span class='ocrx_word' id='word_1_69' title='bbox 399 841 416 880; x_wconf 90' lang='lat' dir='ltr'>a</span> <span class='ocrx_word' id='word_1_70' title='bbox 438 830 565 897; x_wconf 86' lang='lat' dir='ltr'>praetore</span> <span class='ocrx_word' id='word_1_71' title='bbox 588 825 727 880; x_wconf 85' lang='lat' dir='ltr'>decretum</span> <span class='ocrx_word' id='word_1_72' title='bbox 752 831 808 894; x_wconf 91' lang='lat' dir='ltr'>cst,</span> <span class='ocrx_word' id='word_1_73' title='bbox 831 824 897 880; x_wconf 89' lang='lat' dir='ltr'>nihil</span> <span class='ocrx_word' id='word_1_74' title='bbox 922 825 1020 895; x_wconf 81' lang='lat' dir='ltr'>egisse.</span> <span class='ocrx_word' id='word_1_75' title='bbox 1063 824 1134 889; x_wconf 85' lang='lat' dir='ltr'>Quid</span> <span class='ocrx_word' id='word_1_76' title='bbox 1158 838 1225 898; x_wconf 77' lang='lat' dir='ltr'>ergo</span> <span class='ocrx_word' id='word_1_77' title='bbox 1249 826 1273 880; x_wconf 92' lang='lat' dir='ltr'>si</span> <span class='ocrx_word' id='word_1_78' title='bbox 1293 831 1403 896; x_wconf 88' lang='lat' dir='ltr'>praetor</span> <span class='ocrx_word' id='word_1_79' title='bbox 1425 827 1465 882; x_wconf 89' lang='lat' dir='ltr'>ita</span> <span class='ocrx_word' id='word_1_80' title='bbox 1482 826 1636 882; x_wconf 87' lang='lat' dir='ltr'>decreuerit</span> <span class='ocrx_word' id='word_1_81' title='bbox 1655 833 1669 876; x_wconf 76' lang='lat'><strong>⁶</strong></span> 
     </span>
     <span class='ocr_line' id='line_1_7' title="bbox 196 912 1636 986; baseline 0.003 -18"><span class='ocrx_word' id='word_1_82' title='bbox 196 913 323 969; x_wconf 89' lang='lat' dir='ltr'>&#39;uendere</span> <span class='ocrx_word' id='word_1_83' title='bbox 346 914 505 984; x_wconf 83' lang='lat' dir='ltr'>obligareue</span> <span class='ocrx_word' id='word_1_84' title='bbox 529 913 674 986; x_wconf 90' lang='lat' dir='ltr'>permitto&#39;,</span> <span class='ocrx_word' id='word_1_85' title='bbox 694 928 729 969; x_wconf 89' lang='lat' dir='ltr'>an</span> <span class='ocrx_word' id='word_1_86' title='bbox 752 914 841 984; x_wconf 91' lang='lat' dir='ltr'>possit</span> <span class='ocrx_word' id='word_1_87' title='bbox 863 913 978 968; x_wconf 90' lang='lat' dir='ltr'>liberum</span> <span class='ocrx_word' id='word_1_88' title='bbox 997 912 1138 969; x_wconf 83' lang='lat' dir='ltr'>arbitrium</span> <span class='ocrx_word' id='word_1_89' title='bbox 1156 913 1272 985; x_wconf 88' lang='lat' dir='ltr'>habere,</span> <span class='ocrx_word' id='word_1_90' title='bbox 1295 916 1357 986; x_wconf 71' lang='lat' dir='ltr'>qui¹</span> <span class='ocrx_word' id='word_1_91' title='bbox 1376 914 1479 971; x_wconf 86' lang='lat' dir='ltr'>iaciat?</span> <span class='ocrx_word' id='word_1_92' title='bbox 1500 921 1529 972; x_wconf 93' lang='lat' dir='ltr'>et</span> <span class='ocrx_word' id='word_1_93' title='bbox 1547 917 1636 986; x_wconf 71' lang='grc' dir='ltr'>ιιιοςίι</span> 
     </span>
     <span class='ocr_line' id='line_1_8' title="bbox 195 1001 1636 1074; baseline 0.001 -16"><span class='ocrx_word' id='word_1_94' title='bbox 195 1008 238 1058; x_wconf 87' lang='grc' dir='ltr'>οι1</span> <span class='ocrx_word' id='word_1_95' title='bbox 257 1008 287 1058; x_wconf 91' lang='lat' dir='ltr'>ut</span> <span class='ocrx_word' id='word_1_96' title='bbox 305 1005 406 1074; x_wconf 86' lang='lat' dir='ltr'>possit,</span> <span class='ocrx_word' id='word_1_97' title='bbox 431 1004 579 1058; x_wconf 90' lang='lat' dir='ltr'>dnmmodo</span> <span class='ocrx_word' id='word_1_98' title='bbox 597 1005 716 1058; x_wconf 83' lang='lat' dir='ltr'>sciamus</span> <span class='ocrx_word' id='word_1_99' title='bbox 735 1009 888 1073; x_wconf 77' lang='lat' dir='ltr'>praetorem</span> <span class='ocrx_word' id='word_1_100' title='bbox 908 1017 962 1058; x_wconf 92' lang='lat' dir='ltr'>non</span> <span class='ocrx_word' id='word_1_101' title='bbox 980 1007 1054 1057; x_wconf 91' lang='lat' dir='ltr'>recte</span> <span class='ocrx_word' id='word_1_102' title='bbox 1072 1001 1196 1072; x_wconf 86' lang='lat' dir='ltr'>pertibus</span> <span class='ocrx_word' id='word_1_103' title='bbox 1214 1003 1271 1058; x_wconf 89' lang='lat' dir='ltr'>suls</span> <span class='ocrx_word' id='word_1_104' title='bbox 1289 1002 1426 1061; x_wconf 83' lang='lat' dir='ltr'>iunctum:</span> <span class='ocrx_word' id='word_1_105' title='bbox 1449 1005 1545 1060; x_wconf 88' lang='lat' dir='ltr'>debuit</span> <span class='ocrx_word' id='word_1_106' title='bbox 1563 1005 1636 1060; x_wconf 89' lang='lat' dir='ltr'>enlm</span> 
     </span>
    </p>

    <p class='ocr_par' dir='ltr' id='par_1_5' title="bbox 158 1090 1668 1252">
     <span class='ocr_line' id='line_1_9' title="bbox 158 1090 1637 1163; baseline 0 -15"><span class='ocrx_word' id='word_1_107' title='bbox 158 1101 174 1148; x_wconf 80' lang='grc'>1</span> <span class='ocrx_word' id='word_1_108' title='bbox 195 1092 254 1161; x_wconf 89' lang='lat' dir='ltr'>ipse</span> <span class='ocrx_word' id='word_1_109' title='bbox 273 1099 393 1148; x_wconf 78' lang='lat' dir='ltr'>statuere</span> <span class='ocrx_word' id='word_1_110' title='bbox 412 1098 441 1148; x_wconf 90' lang='lat' dir='ltr'>et</span> <span class='ocrx_word' id='word_1_111' title='bbox 457 1094 566 1162; x_wconf 79' lang='lat' dir='ltr'>eligere,</span> <span class='ocrx_word' id='word_1_112' title='bbox 587 1098 676 1150; x_wconf 91' lang='lat' dir='ltr'>utrum</span> <span class='ocrx_word' id='word_1_113' title='bbox 696 1092 784 1160; x_wconf 80' lang='lat' dir='ltr'>magis</span> <span class='ocrx_word' id='word_1_114' title='bbox 804 1091 924 1162; x_wconf 80' lang='lat' dir='ltr'>obligare</span> <span class='ocrx_word' id='word_1_115' title='bbox 938 1107 973 1146; x_wconf 91' lang='lat' dir='ltr'>an</span> <span class='ocrx_word' id='word_1_116' title='bbox 989 1090 1108 1147; x_wconf 90' lang='lat' dir='ltr'>uendere</span> <span class='ocrx_word' id='word_1_117' title='bbox 1119 1093 1269 1162; x_wconf 83' lang='lat' dir='ltr'>permittat.</span> <span class='ocrx_word' id='word_1_118' title='bbox 1305 1091 1334 1148; x_wconf 84' lang='lat' dir='ltr'>si</span> <span class='ocrx_word' id='word_1_119' title='bbox 1347 1091 1481 1163; x_wconf 83' lang='lat' dir='ltr'>obligauit</span> <span class='ocrx_word' id='word_1_120' title='bbox 1491 1109 1549 1148; x_wconf 91' lang='lat' dir='ltr'>rem</span> <span class='ocrx_word' id='word_1_121' title='bbox 1561 1099 1637 1150; x_wconf 92' lang='lat' dir='ltr'>tutor</span> 
     </span>
     <span class='ocr_line' id='line_1_10' title="bbox 195 1180 1668 1252; baseline 0.001 -18"><span class='ocrx_word' id='word_1_122' title='bbox 195 1181 255 1236; x_wconf 90' lang='lat' dir='ltr'>sine</span> <span class='ocrx_word' id='word_1_123' title='bbox 273 1181 393 1252; x_wconf 88' lang='lat' dir='ltr'>decreto,</span> <span class='ocrx_word' id='word_1_124' title='bbox 412 1183 538 1251; x_wconf 87' lang='lat' dir='ltr'>quamuis</span> <span class='ocrx_word' id='word_1_125' title='bbox 557 1180 688 1251; x_wconf 81' lang='lat' dir='ltr'>obligatio</span> <span class='ocrx_word' id='word_1_126' title='bbox 707 1195 761 1236; x_wconf 90' lang='lat' dir='ltr'>nou</span> <span class='ocrx_word' id='word_1_127' title='bbox 780 1181 880 1249; x_wconf 75' lang='lat' dir='ltr'>nalem,</span> <span class='ocrx_word' id='word_1_128' title='bbox 899 1184 942 1235; x_wconf 89' lang='lat' dir='ltr'>est</span> <span class='ocrx_word' id='word_1_129' title='bbox 959 1184 1053 1236; x_wconf 73' lang='lat' dir='ltr'>mmen</span> <span class='ocrx_word' id='word_1_130' title='bbox 1070 1181 1225 1251; x_wconf 81' lang='lat' dir='ltr'>exceptioni</span> <span class='ocrx_word' id='word_1_131' title='bbox 1242 1180 1297 1237; x_wconf 93' lang='lat' dir='ltr'>doli</span> <span class='ocrx_word' id='word_1_132' title='bbox 1315 1181 1399 1252; x_wconf 91' lang='lat' dir='ltr'>loeus,</span> <span class='ocrx_word' id='word_1_133' title='bbox 1419 1182 1468 1240; x_wconf 88' lang='lat' dir='ltr'>aed</span> <span class='ocrx_word' id='word_1_134' title='bbox 1481 1187 1554 1252; x_wconf 87' lang='lat' dir='ltr'>tune,</span> <span class='ocrx_word' id='word_1_135' title='bbox 1573 1199 1635 1238; x_wconf 90' lang='lat' dir='ltr'>oum</span> <span class='ocrx_word' id='word_1_136' title='bbox 1655 1191 1668 1234; x_wconf 88' lang='grc' dir='ltr'>ο</span> 
     </span>
    </p>

    <p class='ocr_par' dir='ltr' id='par_1_6' title="bbox 159 1268 1728 1518">
     <span class='ocr_line' id='line_1_11' title="bbox 159 1268 1728 1341; baseline 0 -15"><span class='ocrx_word' id='word_1_137' title='bbox 159 1280 174 1326; x_wconf 86' lang='lat' dir='ltr'>ii</span> <span class='ocrx_word' id='word_1_138' title='bbox 195 1275 269 1324; x_wconf 90' lang='lat' dir='ltr'>tutor</span> <span class='ocrx_word' id='word_1_139' title='bbox 289 1271 298 1340; x_wconf 73' lang='lat' dir='ltr'>il</span> <span class='ocrx_word' id='word_1_140' title='bbox 319 1277 460 1341; x_wconf 88' lang='lat' dir='ltr'>acceptam</span> <span class='ocrx_word' id='word_1_141' title='bbox 485 1275 606 1326; x_wconf 89' lang='lat' dir='ltr'>mutuam</span> <span class='ocrx_word' id='word_1_142' title='bbox 630 1269 775 1340; x_wconf 89' lang='lat' dir='ltr'>pecuniam</span> <span class='ocrx_word' id='word_1_143' title='bbox 800 1269 826 1324; x_wconf 87' lang='lat' dir='ltr'>ei</span> <span class='ocrx_word' id='word_1_144' title='bbox 849 1269 976 1338; x_wconf 87' lang='lat' dir='ltr'>soluerit,</span> <span class='ocrx_word' id='word_1_145' title='bbox 1000 1269 1048 1340; x_wconf 88' lang='lat' dir='ltr'>qui</span> <span class='ocrx_word' id='word_1_146' title='bbox 1066 1268 1118 1325; x_wconf 86' lang='lat' dir='ltr'>snb</span> <span class='ocrx_word' id='word_1_147' title='bbox 1135 1270 1250 1340; x_wconf 76' lang='lat' dir='ltr'>pignore</span> <span class='ocrx_word' id='word_1_148' title='bbox 1268 1275 1328 1325; x_wconf 88' lang='lat' dir='ltr'>erat</span> <span class='ocrx_word' id='word_1_149' title='bbox 1345 1271 1472 1327; x_wconf 89' lang='lat' dir='ltr'>creditor.</span> <span class='ocrx_word' id='word_1_150' title='bbox 1507 1272 1576 1328; x_wconf 90' lang='lat' dir='ltr'>ltern</span> <span class='ocrx_word' id='word_1_151' title='bbox 1595 1272 1635 1328; x_wconf 91' lang='lat' dir='ltr'>ui·</span> <span class='ocrx_word' id='word_1_152' title='bbox 1654 1277 1728 1326; x_wconf 78' lang='grc'>1114</span> 
     </span>
     <span class='ocr_line' id='line_1_12' title="bbox 195 1357 1638 1431; baseline 0.002 -18"><span class='ocrx_word' id='word_1_153' title='bbox 195 1357 316 1414; x_wconf 91' lang='lat' dir='ltr'>dendnm</span> <span class='ocrx_word' id='word_1_154' title='bbox 334 1365 390 1428; x_wconf 87' lang='lat' dir='ltr'>est,</span> <span class='ocrx_word' id='word_1_155' title='bbox 415 1375 450 1414; x_wconf 91' lang='lat' dir='ltr'>an</span> <span class='ocrx_word' id='word_1_156' title='bbox 469 1365 498 1414; x_wconf 90' lang='lat' dir='ltr'>et</span> <span class='ocrx_word' id='word_1_157' title='bbox 514 1357 636 1429; x_wconf 77' lang='lat' dir='ltr'>obligare</span> <span class='ocrx_word' id='word_1_158' title='bbox 654 1359 697 1413; x_wconf 85' lang='lat' dir='ltr'>ei¹</span> <span class='ocrx_word' id='word_1_159' title='bbox 715 1373 772 1412; x_wconf 92' lang='lat' dir='ltr'>rem</span> <span class='ocrx_word' id='word_1_160' title='bbox 790 1359 892 1426; x_wconf 82' lang='lat' dir='ltr'>possit:</span> <span class='ocrx_word' id='word_1_161' title='bbox 915 1363 944 1412; x_wconf 92' lang='lat' dir='ltr'>et</span> <span class='ocrx_word' id='word_1_162' title='bbox 964 1357 1110 1413; x_wconf 90' lang='lat' dir='ltr'>dicendum</span> <span class='ocrx_word' id='word_1_163' title='bbox 1129 1364 1184 1426; x_wconf 89' lang='lat' dir='ltr'>est,</span> <span class='ocrx_word' id='word_1_164' title='bbox 1203 1357 1360 1414; x_wconf 73' lang='lat' dir='ltr'>denudem</span> <span class='ocrx_word' id='word_1_165' title='bbox 1379 1365 1481 1416; x_wconf 78' lang='lat' dir='ltr'>sortem</span> <span class='ocrx_word' id='word_1_166' title='bbox 1500 1360 1638 1431; x_wconf 86' lang='lat' dir='ltr'>acceperit</span> 
     </span>
     <span class='ocr_line' id='line_1_13' title="bbox 195 1446 1635 1518; baseline 0.001 -16"><span class='ocrx_word' id='word_1_167' title='bbox 195 1463 246 1503; x_wconf 87' lang='lat' dir='ltr'>nec</span> <span class='ocrx_word' id='word_1_168' title='bbox 264 1446 437 1516; x_wconf 85' lang='lat' dir='ltr'>grauioribus</span> <span class='ocrx_word' id='word_1_169' title='bbox 455 1448 555 1516; x_wconf 88' lang='lat' dir='ltr'>usuris,</span> <span class='ocrx_word' id='word_1_170' title='bbox 574 1449 666 1502; x_wconf 87' lang='lat' dir='ltr'>uaicre</span> <span class='ocrx_word' id='word_1_171' title='bbox 685 1446 888 1516; x_wconf 88' lang='lat' dir='ltr'>obligationem,</span> <span class='ocrx_word' id='word_1_172' title='bbox 907 1451 939 1502; x_wconf 87' lang='lat' dir='ltr'>nt</span> <span class='ocrx_word' id='word_1_173' title='bbox 956 1447 999 1502; x_wconf 87' lang='lat' dir='ltr'>ius</span> <span class='ocrx_word' id='word_1_174' title='bbox 1016 1447 1114 1517; x_wconf 90' lang='lat' dir='ltr'>prioris</span> <span class='ocrx_word' id='word_1_175' title='bbox 1129 1446 1270 1502; x_wconf 77' lang='lat' dir='ltr'>creditoris</span> <span class='ocrx_word' id='word_1_176' title='bbox 1282 1447 1318 1502; x_wconf 90' lang='lat' dir='ltr'>ad</span> <span class='ocrx_word' id='word_1_177' title='bbox 1330 1453 1490 1518; x_wconf 86' lang='lat' dir='ltr'>sequentem</span> <span class='ocrx_word' id='word_1_178' title='bbox 1504 1453 1635 1505; x_wconf 82' lang='lat' dir='ltr'>transcat</span> 
     </span>
    </p>

    <p class='ocr_par' dir='ltr' id='par_1_7' title="bbox 154 1533 1676 1696">
     <span class='ocr_line' id='line_1_14' title="bbox 154 1533 1676 1606; baseline 0.001 -11"><span class='ocrx_word' id='word_1_179' title='bbox 154 1537 175 1595; x_wconf 88' lang='grc'>8</span> <span class='ocrx_word' id='word_1_180' title='bbox 248 1537 325 1591; x_wconf 79' lang='lat' dir='ltr'>loru</span> <span class='ocrx_word' id='word_1_181' title='bbox 343 1536 412 1591; x_wconf 90' lang='lat' dir='ltr'>libro</span> <span class='ocrx_word' id='word_1_182' title='bbox 430 1536 551 1590; x_wconf 88' lang='lat' dir='ltr'>secundo</span> <span class='ocrx_word' id='word_1_183' title='bbox 569 1536 604 1591; x_wconf 90' lang='lat' dir='ltr'>de</span> <span class='ocrx_word' id='word_1_184' title='bbox 623 1534 749 1591; x_wconf 91' lang='lat' dir='ltr'>omuibus</span> <span class='ocrx_word' id='word_1_185' title='bbox 762 1533 951 1590; x_wconf 87' lang='lat' dir='ltr'>tribunalibus.</span> <span class='ocrx_word' id='word_1_186' title='bbox 987 1535 1039 1602; x_wconf 82' lang='lat' dir='ltr'>Qui</span> <span class='ocrx_word' id='word_1_187' title='bbox 1051 1550 1140 1604; x_wconf 82' lang='lat' dir='ltr'>neque</span> <span class='ocrx_word' id='word_1_188' title='bbox 1152 1539 1258 1591; x_wconf 88' lang='lat' dir='ltr'>tutores</span> <span class='ocrx_word' id='word_1_189' title='bbox 1270 1541 1335 1592; x_wconf 90' lang='lat' dir='ltr'>sunt</span> <span class='ocrx_word' id='word_1_190' title='bbox 1346 1537 1406 1606; x_wconf 90' lang='lat' dir='ltr'>ipso</span> <span class='ocrx_word' id='word_1_191' title='bbox 1419 1536 1477 1592; x_wconf 89' lang='lat' dir='ltr'>iure</span> <span class='ocrx_word' id='word_1_192' title='bbox 1496 1535 1634 1605; x_wconf 65' lang='grc' dir='ltr'>[οῗοῐοζὲ</span> <span class='ocrx_word' id='word_1_193' title='bbox 1654 1542 1676 1596; x_wconf 81' lang='lat' dir='ltr'><em>S</em></span> 
     </span>
     <span class='ocr_line' id='line_1_15' title="bbox 195 1614 1635 1696; baseline 0.002 -16"><span class='ocrx_word' id='word_1_194' title='bbox 195 1639 284 1694; x_wconf 86' lang='lat' dir='ltr'>neque</span> <span class='ocrx_word' id='word_1_195' title='bbox 302 1631 451 1694; x_wconf 81' lang='lat' dir='ltr'>curatores,</span> <span class='ocrx_word' id='word_1_196' title='bbox 470 1623 520 1679; x_wconf 88' lang='lat' dir='ltr'>scd</span> <span class='ocrx_word' id='word_1_197' title='bbox 537 1639 587 1695; x_wconf 90' lang='lat' dir='ltr'>pro</span> <span class='ocrx_word' id='word_1_198' title='bbox 605 1627 696 1679; x_wconf 87' lang='lat' dir='ltr'>tutore</span> <span class='ocrx_word' id='word_1_199' title='bbox 714 1625 827 1693; x_wconf 86' lang='lat' dir='ltr'>negotia</span> <span class='ocrx_word' id='word_1_200' title='bbox 844 1629 944 1693; x_wconf 81' lang='lat' dir='ltr'>gerunt</span> <span class='ocrx_word' id='word_1_201' title='bbox 961 1625 1006 1679; x_wconf 92' lang='lat' dir='ltr'>nel</span> <span class='ocrx_word' id='word_1_202' title='bbox 1024 1637 1073 1695; x_wconf 92' lang='lat' dir='ltr'>pro</span> <span class='ocrx_word' id='word_1_203' title='bbox 1092 1629 1226 1695; x_wconf 80' lang='lat' dir='ltr'>curatore,</span> <span class='ocrx_word' id='word_1_204' title='bbox 1245 1639 1293 1680; x_wconf 89' lang='grc' dir='ltr'>οοι</span> <span class='ocrx_word' id='word_1_205' title='bbox 1311 1641 1366 1680; x_wconf 92' lang='lat' dir='ltr'>non</span> <span class='ocrx_word' id='word_1_206' title='bbox 1383 1641 1466 1696; x_wconf 90' lang='lat' dir='ltr'>posse</span> <span class='ocrx_word' id='word_1_207' title='bbox 1484 1614 1635 1683; x_wconf 55' lang='lat' dir='ltr'>disffhe—ro</span> 
     </span>
    </p>

    <p class='ocr_par' dir='ltr' id='par_1_8' title="bbox 159 1712 1683 1962">
     <span class='ocr_line' id='line_1_16' title="bbox 159 1712 1683 1784; baseline -0.001 -16"><span class='ocrx_word' id='word_1_208' title='bbox 159 1721 172 1768; x_wconf 86' lang='lat'>1</span> <span class='ocrx_word' id='word_1_209' title='bbox 194 1729 238 1768; x_wconf 88' lang='lat' dir='ltr'>res</span> <span class='ocrx_word' id='word_1_210' title='bbox 261 1715 426 1784; x_wconf 88' lang='lat' dir='ltr'>pupillorum</span> <span class='ocrx_word' id='word_1_211' title='bbox 449 1713 494 1768; x_wconf 88' lang='lat' dir='ltr'>nel</span> <span class='ocrx_word' id='word_1_212' title='bbox 515 1714 731 1770; x_wconf 88' lang='lat' dir='ltr'>adulescentium</span> <span class='ocrx_word' id='word_1_213' title='bbox 749 1713 825 1768; x_wconf 86' lang='lat' dir='ltr'>nulia</span> <span class='ocrx_word' id='word_1_214' title='bbox 843 1712 979 1769; x_wconf 87' lang='lat' dir='ltr'>dubitatio</span> <span class='ocrx_word' id='word_1_215' title='bbox 997 1719 1048 1770; x_wconf 89' lang='lat' dir='ltr'>est.</span> <span class='ocrx_word' id='word_1_216' title='bbox 1085 1713 1140 1769; x_wconf 86' lang='lat' dir='ltr'>Sed</span> <span class='ocrx_word' id='word_1_217' title='bbox 1159 1713 1183 1770; x_wconf 86' lang='lat' dir='ltr'>ai</span> <span class='ocrx_word' id='word_1_218' title='bbox 1201 1719 1310 1768; x_wconf 89' lang='lat' dir='ltr'>curator</span> <span class='ocrx_word' id='word_1_219' title='bbox 1328 1715 1364 1769; x_wconf 90' lang='lat' dir='ltr'>sit</span> <span class='ocrx_word' id='word_1_220' title='bbox 1381 1713 1476 1770; x_wconf 86' lang='lat' dir='ltr'>furiosi</span> <span class='ocrx_word' id='word_1_221' title='bbox 1495 1717 1539 1770; x_wconf 91' lang='lat' dir='ltr'>nel</span> <span class='ocrx_word' id='word_1_222' title='bbox 1557 1717 1635 1772; x_wconf 89' lang='lat' dir='ltr'>cuius</span> <span class='ocrx_word' id='word_1_223' title='bbox 1655 1726 1683 1768; x_wconf 87' lang='lat' dir='ltr'>rs</span> 
     </span>
     <span class='ocr_line' id='line_1_17' title="bbox 195 1801 1636 1872; baseline 0.001 -13"><span class='ocrx_word' id='word_1_224' title='bbox 195 1804 306 1859; x_wconf 87' lang='lat' dir='ltr'>alterius</span> <span class='ocrx_word' id='word_1_225' title='bbox 325 1817 380 1858; x_wconf 91' lang='lat' dir='ltr'>non</span> <span class='ocrx_word' id='word_1_226' title='bbox 398 1801 590 1872; x_wconf 88' lang='lat' dir='ltr'>adulescentis,</span> <span class='ocrx_word' id='word_1_227' title='bbox 608 1802 757 1858; x_wconf 90' lang='lat' dir='ltr'>uidendum</span> <span class='ocrx_word' id='word_1_228' title='bbox 777 1807 828 1872; x_wconf 87' lang='lat' dir='ltr'>est,</span> <span class='ocrx_word' id='word_1_229' title='bbox 847 1807 938 1857; x_wconf 89' lang='lat' dir='ltr'>atrum</span> <span class='ocrx_word' id='word_1_230' title='bbox 957 1803 1016 1858; x_wconf 94' lang='lat' dir='ltr'>iure</span> <span class='ocrx_word' id='word_1_231' title='bbox 1033 1803 1120 1858; x_wconf 89' lang='lat' dir='ltr'>aeteri</span> <span class='ocrx_word' id='word_1_232' title='bbox 1138 1801 1241 1858; x_wconf 88' lang='lat' dir='ltr'>ualebit</span> <span class='ocrx_word' id='word_1_233' title='bbox 1259 1802 1383 1858; x_wconf 84' lang='lat' dir='ltr'>uenditis</span> <span class='ocrx_word' id='word_1_234' title='bbox 1401 1817 1436 1858; x_wconf 88' lang='lat' dir='ltr'>an</span> <span class='ocrx_word' id='word_1_235' title='bbox 1454 1802 1524 1859; x_wconf 89' lang='lat' dir='ltr'>hano</span> <span class='ocrx_word' id='word_1_236' title='bbox 1536 1805 1636 1861; x_wconf 90' lang='lat' dir='ltr'>oratio·</span> 
     </span>
     <span class='ocr_line' id='line_1_18' title="bbox 193 1891 1635 1962; baseline 0.002 -15"><span class='ocrx_word' id='word_1_237' title='bbox 193 1907 256 1948; x_wconf 85' lang='lat' dir='ltr'>uem</span> <span class='ocrx_word' id='word_1_238' title='bbox 275 1891 461 1947; x_wconf 68' lang='lat' dir='ltr'>admittemus.</span> <span class='ocrx_word' id='word_1_239' title='bbox 488 1897 517 1946; x_wconf 90' lang='lat' dir='ltr'>ct</span> <span class='ocrx_word' id='word_1_240' title='bbox 534 1897 609 1961; x_wconf 90' lang='lat' dir='ltr'>puto,</span> <span class='ocrx_word' id='word_1_241' title='bbox 628 1893 693 1962; x_wconf 87' lang='lat' dir='ltr'>quia</span> <span class='ocrx_word' id='word_1_242' title='bbox 712 1891 746 1946; x_wconf 92' lang='lat' dir='ltr'>de</span> <span class='ocrx_word' id='word_1_243' title='bbox 765 1891 874 1961; x_wconf 88' lang='lat' dir='ltr'>pupillis</span> <span class='ocrx_word' id='word_1_244' title='bbox 886 1891 1014 1962; x_wconf 89' lang='lat' dir='ltr'>princeps</span> <span class='ocrx_word' id='word_1_245' title='bbox 1026 1891 1145 1962; x_wconf 88' lang='lat' dir='ltr'>loquitur</span> <span class='ocrx_word' id='word_1_246' title='bbox 1157 1898 1186 1947; x_wconf 91' lang='lat' dir='ltr'>et</span> <span class='ocrx_word' id='word_1_247' title='bbox 1197 1891 1335 1948; x_wconf 90' lang='lat' dir='ltr'>coniuncti</span> <span class='ocrx_word' id='word_1_248' title='bbox 1348 1892 1484 1947; x_wconf 91' lang='lat' dir='ltr'>tutoribus</span> <span class='ocrx_word' id='word_1_249' title='bbox 1496 1897 1635 1950; x_wconf 85' lang='lat' dir='ltr'>curatores</span> 
     </span>
    </p>

    <p class='ocr_par' dir='ltr' id='par_1_9' title="bbox 158 1980 1684 2302">
     <span class='ocr_line' id='line_1_19' title="bbox 158 1980 1635 2050; baseline 0.003 -17"><span class='ocrx_word' id='word_1_250' title='bbox 158 1987 174 2033; x_wconf 77' lang='lat' dir='ltr'>a</span> <span class='ocrx_word' id='word_1_251' title='bbox 194 1981 345 2050; x_wconf 89' lang='lat' dir='ltr'>accipiunt,</span> <span class='ocrx_word' id='word_1_252' title='bbox 368 1981 535 2050; x_wconf 80' lang='lat' dir='ltr'>pertinere⁸:</span> <span class='ocrx_word' id='word_1_253' title='bbox 559 1985 588 2036; x_wconf 88' lang='lat' dir='ltr'>et</span> <span class='ocrx_word' id='word_1_254' title='bbox 611 1980 646 2037; x_wconf 89' lang='lat' dir='ltr'>de</span> <span class='ocrx_word' id='word_1_255' title='bbox 665 1981 763 2035; x_wconf 90' lang='lat' dir='ltr'>ceteris</span> <span class='ocrx_word' id='word_1_256' title='bbox 781 1984 848 2050; x_wconf 90' lang='lat' dir='ltr'>puto</span> <span class='ocrx_word' id='word_1_257' title='bbox 868 1995 902 2035; x_wconf 86' lang='lat' dir='ltr'>ex</span> <span class='ocrx_word' id='word_1_258' title='bbox 920 1981 1057 2036; x_wconf 89' lang='lat' dir='ltr'>sententia</span> <span class='ocrx_word' id='word_1_259' title='bbox 1076 1981 1207 2036; x_wconf 89' lang='lat' dir='ltr'>orationis</span> <span class='ocrx_word' id='word_1_260' title='bbox 1227 1980 1299 2036; x_wconf 90' lang='lat' dir='ltr'>idem</span> <span class='ocrx_word' id='word_1_261' title='bbox 1318 1995 1380 2038; x_wconf 87' lang='lat' dir='ltr'>esse</span> <span class='ocrx_word' id='word_1_262' title='bbox 1399 1980 1553 2038; x_wconf 89' lang='lat' dir='ltr'>dicendum.</span> <span class='ocrx_word' id='word_1_263' title='bbox 1589 1981 1635 2038; x_wconf 82' lang='lat' dir='ltr'>An</span> 
     </span>
     <span class='ocr_line' id='line_1_20' title="bbox 193 2069 1635 2142; baseline 0.001 -18"><span class='ocrx_word' id='word_1_264' title='bbox 193 2069 309 2138; x_wconf 84' lang='lat' dir='ltr'>obligari</span> <span class='ocrx_word' id='word_1_265' title='bbox 327 2069 482 2124; x_wconf 87' lang='lat' dir='ltr'>communia</span> <span class='ocrx_word' id='word_1_266' title='bbox 499 2069 614 2140; x_wconf 87' lang='lat' dir='ltr'>possint,</span> <span class='ocrx_word' id='word_1_267' title='bbox 633 2070 782 2139; x_wconf 88' lang='lat' dir='ltr'>quaeritur,</span> <span class='ocrx_word' id='word_1_268' title='bbox 801 2069 850 2124; x_wconf 92' lang='lat' dir='ltr'>sed</span> <span class='ocrx_word' id='word_1_269' title='bbox 869 2083 924 2125; x_wconf 91' lang='lat' dir='ltr'>non</span> <span class='ocrx_word' id='word_1_270' title='bbox 941 2075 1010 2140; x_wconf 91' lang='lat' dir='ltr'>puto</span> <span class='ocrx_word' id='word_1_271' title='bbox 1027 2071 1087 2126; x_wconf 84' lang='lat' dir='ltr'>aine</span> <span class='ocrx_word' id='word_1_272' title='bbox 1105 2070 1217 2126; x_wconf 86' lang='lat' dir='ltr'>decreto</span> <span class='ocrx_word' id='word_1_273' title='bbox 1235 2069 1397 2141; x_wconf 76' lang='lat' dir='ltr'>obliganda:</span> <span class='ocrx_word' id='word_1_274' title='bbox 1414 2087 1478 2128; x_wconf 85' lang='lat' dir='ltr'>narn</span> <span class='ocrx_word' id='word_1_275' title='bbox 1496 2069 1570 2142; x_wconf 83' lang='lat' dir='ltr'>quod</span> <span class='ocrx_word' id='word_1_276' title='bbox 1589 2085 1635 2126; x_wconf 82' lang='lat' dir='ltr'>ex·</span> 
     </span>
     <span class='ocr_line' id='line_1_21' title="bbox 193 2158 1684 2230; baseline -0.001 -16"><span class='ocrx_word' id='word_1_277' title='bbox 193 2160 267 2228; x_wconf 85' lang='lat' dir='ltr'>cepit</span> <span class='ocrx_word' id='word_1_278' title='bbox 284 2160 383 2229; x_wconf 89' lang='lat' dir='ltr'>oratio,</span> <span class='ocrx_word' id='word_1_279' title='bbox 402 2159 632 2215; x_wconf 81' lang='lat' dir='ltr'>adhortantem</span> <span class='ocrx_word' id='word_1_280' title='bbox 651 2158 782 2229; x_wconf 87' lang='lat' dir='ltr'>pertinet,</span> <span class='ocrx_word' id='word_1_281' title='bbox 802 2162 834 2214; x_wconf 93' lang='lat' dir='ltr'>ut</span> <span class='ocrx_word' id='word_1_282' title='bbox 851 2164 1008 2230; x_wconf 89' lang='lat' dir='ltr'>perematur</span> <span class='ocrx_word' id='word_1_283' title='bbox 1025 2160 1194 2230; x_wconf 87' lang='lat' dir='ltr'>communio,</span> <span class='ocrx_word' id='word_1_284' title='bbox 1214 2173 1269 2216; x_wconf 91' lang='lat' dir='ltr'>nou</span> <span class='ocrx_word' id='word_1_285' title='bbox 1287 2164 1319 2214; x_wconf 91' lang='lat' dir='ltr'>ut</span> <span class='ocrx_word' id='word_1_286' title='bbox 1337 2163 1471 2230; x_wconf 72' lang='lat' dir='ltr'>angeatur</span> <span class='ocrx_word' id='word_1_287' title='bbox 1488 2159 1635 2216; x_wconf 84' lang='lat' dir='ltr'>difficultas</span> <span class='ocrx_word' id='word_1_288' title='bbox 1655 2171 1684 2213; x_wconf 86' lang='lat' dir='ltr'>ro</span> 
     </span>
     <span class='ocr_line' id='line_1_22' title="bbox 193 2261 400 2302; baseline 0 0"><span class='ocrx_word' id='word_1_289' title='bbox 193 2261 400 2302; x_wconf 87' lang='lat' dir='ltr'>commumonrs.</span> 
     </span>
    </p>

    <p class='ocr_par' dir='ltr' id='par_1_10' title="bbox 154 2333 1684 2762">
     <span class='ocr_line' id='line_1_23' title="bbox 154 2333 1676 2422; baseline 0.005 -30"><span class='ocrx_word' id='word_1_290' title='bbox 154 2333 173 2392; x_wconf 82' lang='grc'>9</span> <span class='ocrx_word' id='word_1_291' title='bbox 247 2336 324 2390; x_wconf 81' lang='lat' dir='ltr'>insu</span> <span class='ocrx_word' id='word_1_292' title='bbox 348 2335 416 2390; x_wconf 91' lang='lat' dir='ltr'>libro</span> <span class='ocrx_word' id='word_1_293' title='bbox 439 2337 535 2405; x_wconf 89' lang='lat' dir='ltr'>quinto</span> <span class='ocrx_word' id='word_1_294' title='bbox 557 2337 725 2406; x_wconf 89' lang='lat' dir='ltr'>opinionum.</span> <span class='ocrx_word' id='word_1_295' title='bbox 762 2335 894 2402; x_wconf 90' lang='lat' dir='ltr'>Quamuis</span> <span class='ocrx_word' id='word_1_296' title='bbox 917 2343 1076 2393; x_wconf 77' lang='lat' dir='ltr'>antecessor</span> <span class='ocrx_word' id='word_1_297' title='bbox 1097 2337 1234 2408; x_wconf 88' lang='lat' dir='ltr'>praesidis</span> <span class='ocrx_word' id='word_1_298' title='bbox 1257 2337 1426 2394; x_wconf 87' lang='lat' dir='ltr'>decreuisset</span> <span class='ocrx_word' id='word_1_299' title='bbox 1446 2353 1480 2394; x_wconf 90' lang='lat' dir='ltr'>ea</span> <span class='ocrx_word' id='word_1_300' title='bbox 1497 2333 1676 2422; x_wconf 59' lang='grc' dir='ltr'>[ᾗοᾟδ</span> 
     </span>
     <span class='ocr_line' id='line_1_24' title="bbox 192 2415 1636 2498; baseline 0.003 -18"><span class='ocrx_word' id='word_1_301' title='bbox 192 2425 308 2496; x_wconf 85' lang='lat' dir='ltr'>praedia</span> <span class='ocrx_word' id='word_1_302' title='bbox 331 2424 504 2495; x_wconf 89' lang='lat' dir='ltr'>uenumdari,</span> <span class='ocrx_word' id='word_1_303' title='bbox 528 2441 599 2495; x_wconf 89' lang='lat' dir='ltr'>quae</span> <span class='ocrx_word' id='word_1_304' title='bbox 617 2433 692 2482; x_wconf 88' lang='lat' dir='ltr'>tutor</span> <span class='ocrx_word' id='word_1_305' title='bbox 709 2427 817 2496; x_wconf 89' lang='lat' dir='ltr'>pupilli,</span> <span class='ocrx_word' id='word_1_306' title='bbox 841 2425 966 2482; x_wconf 89' lang='lat' dir='ltr'>subiecto</span> <span class='ocrx_word' id='word_1_307' title='bbox 984 2427 1093 2482; x_wconf 89' lang='lat' dir='ltr'>nomine</span> <span class='ocrx_word' id='word_1_308' title='bbox 1112 2427 1224 2482; x_wconf 85' lang='lat' dir='ltr'>alterius</span> <span class='ocrx_word' id='word_1_309' title='bbox 1242 2427 1386 2498; x_wconf 88' lang='lat' dir='ltr'>emptoris,</span> <span class='ocrx_word' id='word_1_310' title='bbox 1409 2427 1469 2498; x_wconf 86' lang='lat' dir='ltr'>ipse</span> <span class='ocrx_word' id='word_1_311' title='bbox 1491 2415 1636 2484; x_wconf 64' lang='grc' dir='ltr'>ιίῐιῖἶοῖιιῖ</span> 
     </span>
     <span class='ocr_line' id='line_1_25' title="bbox 192 2512 1636 2585; baseline 0.003 -17"><span class='ocrx_word' id='word_1_312' title='bbox 192 2512 324 2585; x_wconf 87' lang='lat' dir='ltr'>parabat,</span> <span class='ocrx_word' id='word_1_313' title='bbox 348 2519 455 2584; x_wconf 85' lang='lat' dir='ltr'>tamen,</span> <span class='ocrx_word' id='word_1_314' title='bbox 474 2513 639 2570; x_wconf 79' lang='lat' dir='ltr'>sistendam</span> <span class='ocrx_word' id='word_1_315' title='bbox 658 2521 687 2569; x_wconf 91' lang='lat' dir='ltr'>et</span> <span class='ocrx_word' id='word_1_316' title='bbox 705 2514 797 2570; x_wconf 91' lang='lat' dir='ltr'>dolum</span> <span class='ocrx_word' id='word_1_317' title='bbox 816 2521 912 2570; x_wconf 88' lang='lat' dir='ltr'>contra</span> <span class='ocrx_word' id='word_1_318' title='bbox 930 2516 1177 2572; x_wconf 88' lang='lat' dir='ltr'>senatusconsulti</span> <span class='ocrx_word' id='word_1_319' title='bbox 1195 2517 1387 2572; x_wconf 80' lang='lat' dir='ltr'>auctoritatem</span> <span class='ocrx_word' id='word_1_320' title='bbox 1406 2521 1434 2570; x_wconf 87' lang='lat' dir='ltr'>et</span> <span class='ocrx_word' id='word_1_321' title='bbox 1451 2515 1533 2572; x_wconf 86' lang='lat' dir='ltr'>fldem</span> <span class='ocrx_word' id='word_1_322' title='bbox 1552 2517 1636 2573; x_wconf 88' lang='lat' dir='ltr'>tutori</span> 
     </span>
     <span class='ocr_line' id='line_1_26' title="bbox 194 2602 1684 2674; baseline 0.003 -16"><span class='ocrx_word' id='word_1_323' title='bbox 194 2603 369 2660; x_wconf 88' lang='lat' dir='ltr'>commissam</span> <span class='ocrx_word' id='word_1_324' title='bbox 387 2602 613 2673; x_wconf 83' lang='lat' dir='ltr'>deprehendisset</span> <span class='ocrx_word' id='word_1_325' title='bbox 630 2619 773 2659; x_wconf 88' lang='lat' dir='ltr'>successor</span> <span class='ocrx_word' id='word_1_326' title='bbox 790 2604 864 2673; x_wconf 88' lang='lat' dir='ltr'>eius,</span> <span class='ocrx_word' id='word_1_327' title='bbox 887 2602 1058 2674; x_wconf 82' lang='lat' dir='ltr'>aestimabit,</span> <span class='ocrx_word' id='word_1_328' title='bbox 1076 2609 1212 2674; x_wconf 71' lang='lat' dir='ltr'>quaoenus</span> <span class='ocrx_word' id='word_1_329' title='bbox 1230 2609 1287 2660; x_wconf 89' lang='lat' dir='ltr'>tam</span> <span class='ocrx_word' id='word_1_330' title='bbox 1306 2603 1433 2660; x_wconf 87' lang='lat' dir='ltr'>callidum</span> <span class='ocrx_word' id='word_1_331' title='bbox 1452 2611 1635 2662; x_wconf 87' lang='lat' dir='ltr'>commentum</span> <span class='ocrx_word' id='word_1_332' title='bbox 1655 2619 1684 2661; x_wconf 84' lang='grc' dir='ltr'>ιι</span> 
     </span>
     <span class='ocr_line' id='line_1_27' title="bbox 193 2693 769 2762; baseline -0.002 -14"><span class='ocrx_word' id='word_1_333' title='bbox 193 2693 277 2748; x_wconf 89' lang='lat' dir='ltr'>etiam</span> <span class='ocrx_word' id='word_1_334' title='bbox 297 2693 324 2748; x_wconf 94' lang='lat' dir='ltr'>in</span> <span class='ocrx_word' id='word_1_335' title='bbox 342 2693 498 2762; x_wconf 84' lang='lat' dir='ltr'>exemplum</span> <span class='ocrx_word' id='word_1_336' title='bbox 516 2708 642 2749; x_wconf 88' lang='lat' dir='ltr'>coercere</span> <span class='ocrx_word' id='word_1_337' title='bbox 660 2693 769 2749; x_wconf 82' lang='lat' dir='ltr'>debeat.</span> 
     </span>
    </p>

    <p class='ocr_par' dir='ltr' id='par_1_11' title="bbox 135 2777 1684 3030">
     <span class='ocr_line' id='line_1_28' title="bbox 135 2777 1677 2868; baseline 0.001 -31"><span class='ocrx_word' id='word_1_338' title='bbox 135 2778 177 2837; x_wconf 90' lang='grc'>10</span> <span class='ocrx_word' id='word_1_339' title='bbox 247 2781 326 2836; x_wconf 80' lang='lat' dir='ltr'>ineu</span> <span class='ocrx_word' id='word_1_340' title='bbox 343 2780 412 2838; x_wconf 92' lang='lat' dir='ltr'>libro</span> <span class='ocrx_word' id='word_1_341' title='bbox 431 2787 509 2838; x_wconf 84' lang='lat' dir='ltr'>sexto</span> <span class='ocrx_word' id='word_1_342' title='bbox 528 2783 694 2852; x_wconf 88' lang='lat' dir='ltr'>opinionum.</span> <span class='ocrx_word' id='word_1_343' title='bbox 726 2781 822 2836; x_wconf 89' lang='lat' dir='ltr'>illicite</span> <span class='ocrx_word' id='word_1_344' title='bbox 840 2785 904 2851; x_wconf 87' lang='lat' dir='ltr'>post</span> <span class='ocrx_word' id='word_1_345' title='bbox 922 2785 1033 2837; x_wconf 90' lang='lat' dir='ltr'>senatus</span> <span class='ocrx_word' id='word_1_346' title='bbox 1052 2781 1205 2838; x_wconf 71' lang='lat' dir='ltr'>consutum</span> <span class='ocrx_word' id='word_1_347' title='bbox 1224 2781 1319 2853; x_wconf 91' lang='lat' dir='ltr'>pupilli</span> <span class='ocrx_word' id='word_1_348' title='bbox 1337 2781 1382 2836; x_wconf 87' lang='lat' dir='ltr'>uel</span> <span class='ocrx_word' id='word_1_349' title='bbox 1394 2781 1460 2838; x_wconf 86' lang='lat' dir='ltr'>adu·</span> <span class='ocrx_word' id='word_1_350' title='bbox 1479 2777 1636 2868; x_wconf 58' lang='lat' dir='ltr'><em>Q</em></span> <span class='ocrx_word' id='word_1_351' title='bbox 1655 2791 1677 2847; x_wconf 77' lang='lat' dir='ltr'>s</span> 
     </span>
     <span class='ocr_line' id='line_1_29' title="bbox 194 2870 1636 2942; baseline 0.001 -16"><span class='ocrx_word' id='word_1_352' title='bbox 194 2871 322 2926; x_wconf 87' lang='lat' dir='ltr'>lescentis</span> <span class='ocrx_word' id='word_1_353' title='bbox 346 2871 460 2942; x_wconf 83' lang='lat' dir='ltr'>praedio</span> <span class='ocrx_word' id='word_1_354' title='bbox 483 2871 666 2942; x_wconf 88' lang='lat' dir='ltr'>uenumdeto,</span> <span class='ocrx_word' id='word_1_355' title='bbox 689 2871 713 2926; x_wconf 89' lang='lat' dir='ltr'>ai</span> <span class='ocrx_word' id='word_1_356' title='bbox 737 2884 771 2924; x_wconf 92' lang='lat' dir='ltr'>eo</span> <span class='ocrx_word' id='word_1_357' title='bbox 790 2871 899 2925; x_wconf 89' lang='lat' dir='ltr'>nomine</span> <span class='ocrx_word' id='word_1_358' title='bbox 917 2871 993 2941; x_wconf 90' lang='lat' dir='ltr'>apud</span> <span class='ocrx_word' id='word_1_359' title='bbox 1010 2870 1128 2926; x_wconf 88' lang='lat' dir='ltr'>iudicem</span> <span class='ocrx_word' id='word_1_360' title='bbox 1146 2872 1249 2926; x_wconf 89' lang='lat' dir='ltr'>tutelae</span> <span class='ocrx_word' id='word_1_361' title='bbox 1267 2871 1313 2926; x_wconf 90' lang='lat' dir='ltr'>uel</span> <span class='ocrx_word' id='word_1_362' title='bbox 1330 2871 1404 2926; x_wconf 88' lang='lat' dir='ltr'>utilis</span> <span class='ocrx_word' id='word_1_363' title='bbox 1422 2873 1537 2928; x_wconf 78' lang='lat' dir='ltr'>audonis</span> <span class='ocrx_word' id='word_1_364' title='bbox 1555 2873 1636 2930; x_wconf 78' lang='lat' dir='ltr'>sesd-</span> 
     </span>
     <span class='ocr_line' id='line_1_30' title="bbox 194 2957 1684 3030; baseline 0.004 -16"><span class='ocrx_word' id='word_1_365' title='bbox 194 2960 279 3014; x_wconf 90' lang='lat' dir='ltr'>matio</span> <span class='ocrx_word' id='word_1_366' title='bbox 296 2958 372 3014; x_wconf 85' lang='lat' dir='ltr'>iacta</span> <span class='ocrx_word' id='word_1_367' title='bbox 389 2963 433 3014; x_wconf 93' lang='lat' dir='ltr'>est</span> <span class='ocrx_word' id='word_1_368' title='bbox 450 2975 537 3030; x_wconf 90' lang='lat' dir='ltr'>eaque</span> <span class='ocrx_word' id='word_1_369' title='bbox 555 2963 652 3028; x_wconf 84' lang='lat' dir='ltr'>soluta,</span> <span class='ocrx_word' id='word_1_370' title='bbox 671 2957 821 3014; x_wconf 86' lang='lat' dir='ltr'>uindicatio</span> <span class='ocrx_word' id='word_1_371' title='bbox 839 2959 943 3029; x_wconf 88' lang='lat' dir='ltr'>praedii</span> <span class='ocrx_word' id='word_1_372' title='bbox 962 2973 997 3014; x_wconf 86' lang='lat' dir='ltr'>ex</span> <span class='ocrx_word' id='word_1_373' title='bbox 1015 2960 1153 3030; x_wconf 82' lang='lat' dir='ltr'>aequitate</span> <span class='ocrx_word' id='word_1_374' title='bbox 1170 2960 1316 3018; x_wconf 87' lang='lat' dir='ltr'>inhibetur.</span> <span class='ocrx_word' id='word_1_375' title='bbox 1655 2978 1684 3020; x_wconf 83' lang='lat' dir='ltr'>aa</span> 
     </span>
    </p>

    <p class='ocr_par' dir='ltr' id='par_1_12' title="bbox 136 3043 1677 3372">
     <span class='ocr_line' id='line_1_31' title="bbox 136 3043 1677 3135; baseline -0.001 -30"><span class='ocrx_word' id='word_1_376' title='bbox 136 3049 174 3106; x_wconf 91' lang='lat'>11</span> <span class='ocrx_word' id='word_1_377' title='bbox 249 3049 326 3104; x_wconf 82' lang='lat' dir='ltr'>ionas</span> <span class='ocrx_word' id='word_1_378' title='bbox 343 3046 413 3106; x_wconf 93' lang='lat' dir='ltr'>libro</span> <span class='ocrx_word' id='word_1_379' title='bbox 436 3050 516 3105; x_wconf 90' lang='lat' dir='ltr'>tertio</span> <span class='ocrx_word' id='word_1_380' title='bbox 535 3048 570 3104; x_wconf 90' lang='lat' dir='ltr'>de</span> <span class='ocrx_word' id='word_1_381' title='bbox 589 3047 680 3104; x_wconf 86' lang='lat' dir='ltr'>oidcio</span> <span class='ocrx_word' id='word_1_382' title='bbox 698 3047 877 3118; x_wconf 88' lang='lat' dir='ltr'>proconsulis.</span> <span class='ocrx_word' id='word_1_383' title='bbox 914 3047 943 3104; x_wconf 87' lang='lat' dir='ltr'>Si</span> <span class='ocrx_word' id='word_1_384' title='bbox 960 3049 1075 3120; x_wconf 88' lang='lat' dir='ltr'>praedia</span> <span class='ocrx_word' id='word_1_385' title='bbox 1092 3049 1205 3105; x_wconf 90' lang='lat' dir='ltr'>minoris</span> <span class='ocrx_word' id='word_1_386' title='bbox 1222 3049 1321 3120; x_wconf 78' lang='lat' dir='ltr'>uiginti</span> <span class='ocrx_word' id='word_1_387' title='bbox 1341 3047 1461 3120; x_wconf 85' lang='lat' dir='ltr'>quinque</span> <span class='ocrx_word' id='word_1_388' title='bbox 1479 3043 1635 3135; x_wconf 58' lang='lat' dir='ltr'><em>Q</em></span> <span class='ocrx_word' id='word_1_389' title='bbox 1656 3061 1677 3116; x_wconf 78' lang='lat' dir='ltr'>s</span> 
     </span>
     <span class='ocr_line' id='line_1_32' title="bbox 195 3137 1635 3209; baseline 0.001 -15"><span class='ocrx_word' id='word_1_390' title='bbox 195 3137 275 3194; x_wconf 86' lang='lat' dir='ltr'>annis</span> <span class='ocrx_word' id='word_1_391' title='bbox 297 3137 412 3193; x_wconf 86' lang='lat' dir='ltr'>distrahi</span> <span class='ocrx_word' id='word_1_392' title='bbox 434 3137 639 3206; x_wconf 86' lang='lat' dir='ltr'>desiderentur,</span> <span class='ocrx_word' id='word_1_393' title='bbox 663 3151 748 3192; x_wconf 88' lang='lat' dir='ltr'>cansa</span> <span class='ocrx_word' id='word_1_394' title='bbox 771 3137 883 3206; x_wconf 78' lang='lat' dir='ltr'>cognita</span> <span class='ocrx_word' id='word_1_395' title='bbox 904 3151 1017 3207; x_wconf 86' lang='lat' dir='ltr'>praeses</span> <span class='ocrx_word' id='word_1_396' title='bbox 1039 3138 1198 3208; x_wconf 88' lang='lat' dir='ltr'>prouinciae</span> <span class='ocrx_word' id='word_1_397' title='bbox 1222 3138 1306 3196; x_wconf 88' lang='lat' dir='ltr'>debet</span> <span class='ocrx_word' id='word_1_398' title='bbox 1323 3137 1351 3194; x_wconf 91' lang='lat' dir='ltr'>id</span> <span class='ocrx_word' id='word_1_399' title='bbox 1369 3139 1536 3209; x_wconf 89' lang='lat' dir='ltr'>permittere.</span> <span class='ocrx_word' id='word_1_400' title='bbox 1563 3140 1635 3195; x_wconf 90' lang='lat' dir='ltr'>idem</span> 
     </span>
     <span class='ocr_line' id='line_1_33' title="bbox 195 3225 1637 3298; baseline 0.001 -16"><span class='ocrx_word' id='word_1_401' title='bbox 195 3227 300 3283; x_wconf 90' lang='lat' dir='ltr'>seruari</span> <span class='ocrx_word' id='word_1_402' title='bbox 322 3231 431 3297; x_wconf 88' lang='lat' dir='ltr'>oportet</span> <span class='ocrx_word' id='word_1_403' title='bbox 453 3232 483 3282; x_wconf 88' lang='lat' dir='ltr'>et</span> <span class='ocrx_word' id='word_1_404' title='bbox 505 3227 529 3282; x_wconf 91' lang='lat' dir='ltr'>si</span> <span class='ocrx_word' id='word_1_405' title='bbox 550 3225 646 3282; x_wconf 79' lang='lat' dir='ltr'>furiosi</span> <span class='ocrx_word' id='word_1_406' title='bbox 663 3227 708 3281; x_wconf 90' lang='lat' dir='ltr'>nel</span> <span class='ocrx_word' id='word_1_407' title='bbox 726 3226 834 3298; x_wconf 77' lang='lat' dir='ltr'>prodigi</span> <span class='ocrx_word' id='word_1_408' title='bbox 853 3226 897 3280; x_wconf 90' lang='lat' dir='ltr'>nel</span> <span class='ocrx_word' id='word_1_409' title='bbox 916 3225 1113 3298; x_wconf 82' lang='lat' dir='ltr'>cuiuscumque</span> <span class='ocrx_word' id='word_1_410' title='bbox 1131 3228 1243 3284; x_wconf 87' lang='lat' dir='ltr'>alterins</span> <span class='ocrx_word' id='word_1_411' title='bbox 1261 3226 1375 3298; x_wconf 88' lang='lat' dir='ltr'>praedia</span> <span class='ocrx_word' id='word_1_412' title='bbox 1392 3231 1532 3284; x_wconf 85' lang='lat' dir='ltr'>curatores</span> <span class='ocrx_word' id='word_1_413' title='bbox 1551 3227 1637 3284; x_wconf 82' lang='lat' dir='ltr'>cednt</span> 
     </span>
     <span class='ocr_line' id='line_1_34' title="bbox 195 3315 355 3372; baseline -0.006 -1"><span class='ocrx_word' id='word_1_414' title='bbox 195 3315 355 3372; x_wconf 82' lang='lat' dir='ltr'>distrahere.</span> 
     </span>
    </p>

    <p class='ocr_par' dir='ltr' id='par_1_13' title="bbox 137 3402 1685 3564">
     <span class='ocr_line' id='line_1_35' title="bbox 137 3402 1677 3475; baseline 0 -13"><span class='ocrx_word' id='word_1_415' title='bbox 137 3403 177 3462; x_wconf 74' lang='lat'>12</span> <span class='ocrx_word' id='word_1_416' title='bbox 248 3405 424 3460; x_wconf 80' lang='lat' dir='ltr'>ldsnorsuus</span> <span class='ocrx_word' id='word_1_417' title='bbox 446 3403 515 3460; x_wconf 79' lang='lat' dir='ltr'>libro</span> <span class='ocrx_word' id='word_1_418' title='bbox 538 3404 669 3475; x_wconf 79' lang='lat' dir='ltr'>singulari</span> <span class='ocrx_word' id='word_1_419' title='bbox 690 3403 726 3459; x_wconf 87' lang='lat' dir='ltr'>ad</span> <span class='ocrx_word' id='word_1_420' title='bbox 748 3402 892 3460; x_wconf 81' lang='lat' dir='ltr'>formulam</span> <span class='ocrx_word' id='word_1_421' title='bbox 916 3403 1150 3475; x_wconf 86' lang='lat' dir='ltr'>hypothecariam.</span> <span class='ocrx_word' id='word_1_422' title='bbox 1186 3405 1248 3462; x_wconf 80' lang='lat' dir='ltr'>lion</span> <span class='ocrx_word' id='word_1_423' title='bbox 1270 3403 1302 3462; x_wconf 83' lang='lat' dir='ltr'>ur</span> <span class='ocrx_word' id='word_1_424' title='bbox 1324 3409 1420 3463; x_wconf 87' lang='lat' dir='ltr'>contra</span> <span class='ocrx_word' id='word_1_425' title='bbox 1441 3409 1555 3462; x_wconf 86' lang='lat' dir='ltr'>senatur</span> <span class='ocrx_word' id='word_1_426' title='bbox 1573 3411 1677 3468; x_wconf 75' lang='lat' dir='ltr'>con-S</span> 
     </span>
     <span class='ocr_line' id='line_1_36' title="bbox 195 3493 1685 3564; baseline -0.003 -14"><span class='ocrx_word' id='word_1_427' title='bbox 195 3494 307 3564; x_wconf 88' lang='lat' dir='ltr'>snitum,</span> <span class='ocrx_word' id='word_1_428' title='bbox 326 3494 350 3548; x_wconf 89' lang='lat' dir='ltr'>si</span> <span class='ocrx_word' id='word_1_429' title='bbox 368 3493 446 3548; x_wconf 89' lang='lat' dir='ltr'>cuins</span> <span class='ocrx_word' id='word_1_430' title='bbox 464 3497 540 3549; x_wconf 87' lang='lat' dir='ltr'>tutor</span> <span class='ocrx_word' id='word_1_431' title='bbox 558 3493 686 3550; x_wconf 88' lang='lat' dir='ltr'>creditori</span> <span class='ocrx_word' id='word_1_432' title='bbox 703 3493 790 3564; x_wconf 84' lang='lat' dir='ltr'>patris</span> <span class='ocrx_word' id='word_1_433' title='bbox 808 3493 903 3563; x_wconf 87' lang='lat' dir='ltr'>pupilli</span> <span class='ocrx_word' id='word_1_434' title='bbox 922 3493 1048 3563; x_wconf 79' lang='lat' dir='ltr'>exsoluit,</span> <span class='ocrx_word' id='word_1_435' title='bbox 1067 3498 1099 3548; x_wconf 93' lang='lat' dir='ltr'>nt</span> <span class='ocrx_word' id='word_1_436' title='bbox 1116 3494 1175 3550; x_wconf 86' lang='lat' dir='ltr'>eius</span> <span class='ocrx_word' id='word_1_437' title='bbox 1192 3495 1253 3551; x_wconf 90' lang='lat' dir='ltr'>loco</span> <span class='ocrx_word' id='word_1_438' title='bbox 1271 3494 1410 3550; x_wconf 84' lang='lat' dir='ltr'>succedat</span> <span class='ocrx_word' id='word_1_439' title='bbox 1656 3505 1685 3547; x_wconf 85' lang='grc' dir='ltr'>ιι</span> 
     </span>
    </p>

    <p class='ocr_par' dir='ltr' id='par_1_14' title="bbox 137 3577 1676 3922">
     <span class='ocr_line' id='line_1_37' title="bbox 137 3577 1676 3668; baseline 0.003 -28"><span class='ocrx_word' id='word_1_440' title='bbox 137 3581 177 3640; x_wconf 85' lang='grc'>13</span> <span class='ocrx_word' id='word_1_441' title='bbox 249 3583 369 3638; x_wconf 78' lang='lat' dir='ltr'>Paucos</span> <span class='ocrx_word' id='word_1_442' title='bbox 387 3581 456 3638; x_wconf 89' lang='lat' dir='ltr'>libro</span> <span class='ocrx_word' id='word_1_443' title='bbox 475 3582 607 3652; x_wconf 83' lang='lat' dir='ltr'>singulari</span> <span class='ocrx_word' id='word_1_444' title='bbox 626 3582 662 3638; x_wconf 90' lang='lat' dir='ltr'>ad</span> <span class='ocrx_word' id='word_1_445' title='bbox 681 3582 831 3638; x_wconf 86' lang='lat' dir='ltr'>orationem</span> <span class='ocrx_word' id='word_1_446' title='bbox 851 3581 908 3637; x_wconf 92' lang='lat' dir='ltr'>diui</span> <span class='ocrx_word' id='word_1_447' title='bbox 926 3581 1030 3638; x_wconf 86' lang='lat' dir='ltr'>Seueri.</span> <span class='ocrx_word' id='word_1_448' title='bbox 1074 3581 1103 3638; x_wconf 86' lang='lat' dir='ltr'>Si</span> <span class='ocrx_word' id='word_1_449' title='bbox 1121 3581 1223 3638; x_wconf 81' lang='lat' dir='ltr'>fundus</span> <span class='ocrx_word' id='word_1_450' title='bbox 1244 3584 1280 3639; x_wconf 86' lang='lat' dir='ltr'>sit</span> <span class='ocrx_word' id='word_1_451' title='bbox 1296 3584 1396 3640; x_wconf 83' lang='lat' dir='ltr'>sterilia</span> <span class='ocrx_word' id='word_1_452' title='bbox 1414 3583 1460 3640; x_wconf 88' lang='lat' dir='ltr'>nel</span> <span class='ocrx_word' id='word_1_453' title='bbox 1477 3577 1636 3668; x_wconf 67' lang='grc' dir='ltr'>[Εὀοᾟο</span> <span class='ocrx_word' id='word_1_454' title='bbox 1655 3587 1676 3644; x_wconf 76' lang='lat' dir='ltr'><strong><em>S</em></strong></span> 
     </span>
     <span class='ocr_line' id='line_1_38' title="bbox 195 3659 1636 3744; baseline 0.003 -19"><span class='ocrx_word' id='word_1_455' title='bbox 195 3685 313 3726; x_wconf 86' lang='lat' dir='ltr'>saxosus</span> <span class='ocrx_word' id='word_1_456' title='bbox 331 3671 376 3726; x_wconf 88' lang='lat' dir='ltr'>uel</span> <span class='ocrx_word' id='word_1_457' title='bbox 393 3671 532 3742; x_wconf 87' lang='lat' dir='ltr'>pestilens,</span> <span class='ocrx_word' id='word_1_458' title='bbox 550 3670 701 3727; x_wconf 90' lang='lat' dir='ltr'>uidendum</span> <span class='ocrx_word' id='word_1_459' title='bbox 720 3677 771 3740; x_wconf 90' lang='lat' dir='ltr'>est,</span> <span class='ocrx_word' id='word_1_460' title='bbox 790 3686 825 3726; x_wconf 90' lang='lat' dir='ltr'>an</span> <span class='ocrx_word' id='word_1_461' title='bbox 844 3671 963 3726; x_wconf 88' lang='lat' dir='ltr'>alienare</span> <span class='ocrx_word' id='word_1_462' title='bbox 986 3686 1049 3726; x_wconf 90' lang='lat' dir='ltr'>eum</span> <span class='ocrx_word' id='word_1_463' title='bbox 1073 3686 1127 3727; x_wconf 92' lang='lat' dir='ltr'>non</span> <span class='ocrx_word' id='word_1_464' title='bbox 1144 3673 1242 3742; x_wconf 87' lang='lat' dir='ltr'>possit.</span> <span class='ocrx_word' id='word_1_465' title='bbox 1269 3677 1298 3727; x_wconf 87' lang='lat' dir='ltr'>et</span> <span class='ocrx_word' id='word_1_466' title='bbox 1315 3673 1463 3744; x_wconf 87' lang='lat' dir='ltr'>imperator</span> <span class='ocrx_word' id='word_1_467' title='bbox 1479 3659 1636 3730; x_wconf 40' lang='lat' dir='ltr'>Anto-ninus</span> 
     </span>
     <span class='ocr_line' id='line_1_39' title="bbox 196 3758 1637 3832; baseline 0.003 -17"><span class='ocrx_word' id='word_1_468' title='bbox 196 3763 225 3815; x_wconf 90' lang='lat' dir='ltr'>et</span> <span class='ocrx_word' id='word_1_469' title='bbox 243 3759 324 3815; x_wconf 88' lang='lat' dir='ltr'>diuus</span> <span class='ocrx_word' id='word_1_470' title='bbox 341 3763 421 3830; x_wconf 88' lang='lat' dir='ltr'>pater</span> <span class='ocrx_word' id='word_1_471' title='bbox 439 3761 498 3815; x_wconf 89' lang='lat' dir='ltr'>eius</span> <span class='ocrx_word' id='word_1_472' title='bbox 516 3761 544 3815; x_wconf 91' lang='lat' dir='ltr'>in</span> <span class='ocrx_word' id='word_1_473' title='bbox 562 3759 631 3816; x_wconf 88' lang='lat' dir='ltr'>haee</span> <span class='ocrx_word' id='word_1_474' title='bbox 649 3759 734 3816; x_wconf 89' lang='lat' dir='ltr'>uerba</span> <span class='ocrx_word' id='word_1_475' title='bbox 748 3760 959 3830; x_wconf 89' lang='lat' dir='ltr'>rescripserunt:</span> <span class='ocrx_word' id='word_1_476' title='bbox 978 3758 1065 3825; x_wconf 84' lang='lat' dir='ltr'>&#39;Quod</span> <span class='ocrx_word' id='word_1_477' title='bbox 1078 3761 1217 3830; x_wconf 77' lang='lat' dir='ltr'>allegastis</span> <span class='ocrx_word' id='word_1_478' title='bbox 1229 3759 1428 3818; x_wconf 82' lang='lat' dir='ltr'>inhnetnosom</span> <span class='ocrx_word' id='word_1_479' title='bbox 1440 3775 1501 3818; x_wconf 88' lang='lat' dir='ltr'>esse</span> <span class='ocrx_word' id='word_1_480' title='bbox 1513 3761 1637 3832; x_wconf 79' lang='lat' dir='ltr'>tondum,</span> 
     </span>
     <span class='ocr_line' id='line_1_40' title="bbox 196 3848 1638 3922; baseline 0.003 -18"><span class='ocrx_word' id='word_1_481' title='bbox 196 3848 285 3920; x_wconf 86' lang='lat' dir='ltr'>&#39;quern</span> <span class='ocrx_word' id='word_1_482' title='bbox 304 3849 424 3904; x_wconf 88' lang='lat' dir='ltr'>uendere</span> <span class='ocrx_word' id='word_1_483' title='bbox 442 3849 534 3918; x_wconf 89' lang='lat' dir='ltr'>uultis,</span> <span class='ocrx_word' id='word_1_484' title='bbox 553 3863 663 3904; x_wconf 90' lang='lat' dir='ltr'>monere</span> <span class='ocrx_word' id='word_1_485' title='bbox 681 3863 733 3904; x_wconf 92' lang='lat' dir='ltr'>nos</span> <span class='ocrx_word' id='word_1_486' title='bbox 750 3863 805 3903; x_wconf 92' lang='lat' dir='ltr'>uon</span> <span class='ocrx_word' id='word_1_487' title='bbox 823 3853 924 3918; x_wconf 88' lang='lat' dir='ltr'>potest,</span> <span class='ocrx_word' id='word_1_488' title='bbox 943 3863 1006 3904; x_wconf 89' lang='lat' dir='ltr'>eum</span> <span class='ocrx_word' id='word_1_489' title='bbox 1024 3849 1118 3920; x_wconf 89' lang='lat' dir='ltr'>utique</span> <span class='ocrx_word' id='word_1_490' title='bbox 1136 3864 1186 3919; x_wconf 87' lang='lat' dir='ltr'>pro</span> <span class='ocrx_word' id='word_1_491' title='bbox 1204 3848 1342 3906; x_wconf 80' lang='lat' dir='ltr'>fruetuum</span> <span class='ocrx_word' id='word_1_492' title='bbox 1361 3851 1443 3908; x_wconf 90' lang='lat' dir='ltr'>modo</span> <span class='ocrx_word' id='word_1_493' title='bbox 1460 3851 1578 3922; x_wconf 89' lang='lat' dir='ltr'>pretium</span> <span class='ocrx_word' id='word_1_494' title='bbox 1597 3852 1638 3909; x_wconf 83' lang='lat' dir='ltr'>iu·</span> 
     </span>
    </p>

    <p class='ocr_par' dir='ltr' id='par_1_15' title="bbox 163 3936 1685 4456">
     <span class='ocr_line' id='line_1_41' title="bbox 163 3936 1685 4010; baseline -0.001 -18"><span class='ocrx_word' id='word_1_495' title='bbox 163 3945 176 3991; x_wconf 86' lang='lat' dir='ltr'>i</span> <span class='ocrx_word' id='word_1_496' title='bbox 196 3937 337 3993; x_wconf 88' lang='lat' dir='ltr'>&#39;uenturus</span> <span class='ocrx_word' id='word_1_497' title='bbox 355 3936 408 3992; x_wconf 85' lang='lat' dir='ltr'>sit&#39;.</span> <span class='ocrx_word' id='word_1_498' title='bbox 442 3937 612 4008; x_wconf 83' lang='lat' dir='ltr'>Quamquam</span> <span class='ocrx_word' id='word_1_499' title='bbox 632 3943 723 3993; x_wconf 81' lang='lat' dir='ltr'>autem</span> <span class='ocrx_word' id='word_1_500' title='bbox 742 3951 832 4008; x_wconf 89' lang='lat' dir='ltr'>neque</span> <span class='ocrx_word' id='word_1_501' title='bbox 849 3937 1001 3994; x_wconf 88' lang='lat' dir='ltr'>distrahere</span> <span class='ocrx_word' id='word_1_502' title='bbox 1018 3953 1108 4008; x_wconf 85' lang='lat' dir='ltr'>neque</span> <span class='ocrx_word' id='word_1_503' title='bbox 1127 3937 1248 4008; x_wconf 74' lang='lat' dir='ltr'>obligare</span> <span class='ocrx_word' id='word_1_504' title='bbox 1265 3941 1341 3995; x_wconf 91' lang='lat' dir='ltr'>tutor</span> <span class='ocrx_word' id='word_1_505' title='bbox 1351 3939 1484 4010; x_wconf 86' lang='lat' dir='ltr'>pnpillure</span> <span class='ocrx_word' id='word_1_506' title='bbox 1495 3939 1636 4010; x_wconf 86' lang='lat' dir='ltr'>praedium</span> <span class='ocrx_word' id='word_1_507' title='bbox 1655 3953 1685 3992; x_wconf 85' lang='grc' dir='ltr'>ιο</span> 
     </span>
     <span class='ocr_line' id='line_1_42' title="bbox 195 4026 1637 4100; baseline 0.002 -18"><span class='ocrx_word' id='word_1_508' title='bbox 195 4027 292 4098; x_wconf 76' lang='lat' dir='ltr'>possit,</span> <span class='ocrx_word' id='word_1_509' title='bbox 311 4030 433 4082; x_wconf 89' lang='lat' dir='ltr'>ettamen</span> <span class='ocrx_word' id='word_1_510' title='bbox 449 4027 617 4098; x_wconf 82' lang='lat' dir='ltr'>Papinianus</span> <span class='ocrx_word' id='word_1_511' title='bbox 635 4026 704 4083; x_wconf 90' lang='lat' dir='ltr'>libro</span> <span class='ocrx_word' id='word_1_512' title='bbox 722 4027 817 4097; x_wconf 88' lang='lat' dir='ltr'>quinto</span> <span class='ocrx_word' id='word_1_513' title='bbox 836 4041 1029 4096; x_wconf 87' lang='lat' dir='ltr'>responsorum</span> <span class='ocrx_word' id='word_1_514' title='bbox 1048 4028 1087 4082; x_wconf 86' lang='lat' dir='ltr'>ait</span> <span class='ocrx_word' id='word_1_515' title='bbox 1104 4030 1222 4083; x_wconf 84' lang='lat' dir='ltr'>tutorem</span> <span class='ocrx_word' id='word_1_516' title='bbox 1239 4027 1335 4098; x_wconf 89' lang='lat' dir='ltr'>pupilli</span> <span class='ocrx_word' id='word_1_517' title='bbox 1353 4029 1412 4083; x_wconf 90' lang='lat' dir='ltr'>sine</span> <span class='ocrx_word' id='word_1_518' title='bbox 1430 4028 1541 4085; x_wconf 88' lang='lat' dir='ltr'>decreto</span> <span class='ocrx_word' id='word_1_519' title='bbox 1559 4043 1637 4100; x_wconf 77' lang='lat' dir='ltr'>prae</span> 
     </span>
     <span class='ocr_line' id='line_1_43' title="bbox 195 4115 1636 4188; baseline 0.002 -18"><span class='ocrx_word' id='word_1_520' title='bbox 195 4116 264 4171; x_wconf 89' lang='lat' dir='ltr'>toris</span> <span class='ocrx_word' id='word_1_521' title='bbox 282 4131 338 4171; x_wconf 90' lang='lat' dir='ltr'>non</span> <span class='ocrx_word' id='word_1_522' title='bbox 356 4116 414 4170; x_wconf 89' lang='lat' dir='ltr'>iure</span> <span class='ocrx_word' id='word_1_523' title='bbox 433 4115 597 4170; x_wconf 89' lang='lat' dir='ltr'>distrahere:</span> <span class='ocrx_word' id='word_1_524' title='bbox 620 4116 643 4170; x_wconf 92' lang='lat' dir='ltr'>si</span> <span class='ocrx_word' id='word_1_525' title='bbox 661 4121 768 4184; x_wconf 74' lang='lat' dir='ltr'>minen,</span> <span class='ocrx_word' id='word_1_526' title='bbox 792 4115 894 4185; x_wconf 87' lang='lat' dir='ltr'>inquit,</span> <span class='ocrx_word' id='word_1_527' title='bbox 917 4129 1009 4170; x_wconf 86' lang='lat' dir='ltr'>errore</span> <span class='ocrx_word' id='word_1_528' title='bbox 1026 4117 1120 4187; x_wconf 85' lang='lat' dir='ltr'>lapsus</span> <span class='ocrx_word' id='word_1_529' title='bbox 1138 4115 1294 4172; x_wconf 78' lang='lat' dir='ltr'>pendiderit</span> <span class='ocrx_word' id='word_1_530' title='bbox 1311 4121 1339 4171; x_wconf 88' lang='lat' dir='ltr'>et</span> <span class='ocrx_word' id='word_1_531' title='bbox 1357 4117 1473 4187; x_wconf 87' lang='lat' dir='ltr'>pretium</span> <span class='ocrx_word' id='word_1_532' title='bbox 1492 4121 1636 4188; x_wconf 86' lang='lat' dir='ltr'>acceptum</span> 
     </span>
     <span class='ocr_line' id='line_1_44' title="bbox 196 4202 1638 4276; baseline 0.001 -16"><span class='ocrx_word' id='word_1_533' title='bbox 196 4203 378 4260; x_wconf 87' lang='lat' dir='ltr'>creditoribus</span> <span class='ocrx_word' id='word_1_534' title='bbox 399 4205 522 4274; x_wconf 92' lang='lat' dir='ltr'>paternis</span> <span class='ocrx_word' id='word_1_535' title='bbox 539 4205 617 4275; x_wconf 89' lang='lat' dir='ltr'>pueri</span> <span class='ocrx_word' id='word_1_536' title='bbox 635 4204 760 4274; x_wconf 87' lang='lat' dir='ltr'>soluerit,</span> <span class='ocrx_word' id='word_1_537' title='bbox 783 4203 948 4274; x_wconf 85' lang='lat' dir='ltr'>quandoque</span> <span class='ocrx_word' id='word_1_538' title='bbox 966 4204 1077 4261; x_wconf 91' lang='lat' dir='ltr'>domino</span> <span class='ocrx_word' id='word_1_539' title='bbox 1093 4205 1236 4276; x_wconf 86' lang='lat' dir='ltr'>praedium</span> <span class='ocrx_word' id='word_1_540' title='bbox 1255 4219 1317 4260; x_wconf 89' lang='lat' dir='ltr'>cum</span> <span class='ocrx_word' id='word_1_541' title='bbox 1334 4202 1469 4262; x_wconf 81' lang='lat' dir='ltr'>iruedbns</span> <span class='ocrx_word' id='word_1_542' title='bbox 1485 4205 1638 4262; x_wconf 89' lang='lat' dir='ltr'>uindicanti</span> 
     </span>
     <span class='ocr_line' id='line_1_45' title="bbox 195 4293 1637 4365; baseline 0.001 -17"><span class='ocrx_word' id='word_1_543' title='bbox 195 4293 252 4349; x_wconf 90' lang='lat' dir='ltr'>doli</span> <span class='ocrx_word' id='word_1_544' title='bbox 270 4309 325 4348; x_wconf 91' lang='lat' dir='ltr'>uon</span> <span class='ocrx_word' id='word_1_545' title='bbox 344 4293 475 4348; x_wconf 84' lang='lat' dir='ltr'>inutiliter</span> <span class='ocrx_word' id='word_1_546' title='bbox 492 4295 640 4363; x_wconf 88' lang='lat' dir='ltr'>opponitur</span> <span class='ocrx_word' id='word_1_547' title='bbox 656 4293 783 4365; x_wconf 90' lang='lat' dir='ltr'>exceptio</span> <span class='ocrx_word' id='word_1_548' title='bbox 800 4293 918 4364; x_wconf 89' lang='lat' dir='ltr'>pretinm</span> <span class='ocrx_word' id='word_1_549' title='bbox 937 4308 970 4348; x_wconf 86' lang='lat' dir='ltr'>ac</span> <span class='ocrx_word' id='word_1_550' title='bbox 988 4293 1071 4348; x_wconf 91' lang='lat' dir='ltr'>medii</span> <span class='ocrx_word' id='word_1_551' title='bbox 1089 4293 1221 4364; x_wconf 85' lang='lat' dir='ltr'>temporis</span> <span class='ocrx_word' id='word_1_552' title='bbox 1238 4309 1349 4364; x_wconf 88' lang='lat' dir='ltr'>usuras,</span> <span class='ocrx_word' id='word_1_553' title='bbox 1367 4308 1440 4365; x_wconf 86' lang='lat' dir='ltr'>qnae</span> <span class='ocrx_word' id='word_1_554' title='bbox 1457 4293 1637 4352; x_wconf 82' lang='lat' dir='ltr'>creditoribus</span> 
     </span>
     <span class='ocr_line' id='line_1_46' title="bbox 195 4380 1685 4456; baseline 0.001 -19"><span class='ocrx_word' id='word_1_555' title='bbox 195 4381 340 4452; x_wconf 89' lang='lat' dir='ltr'>debentur,</span> <span class='ocrx_word' id='word_1_556' title='bbox 359 4398 414 4438; x_wconf 93' lang='lat' dir='ltr'>non</span> <span class='ocrx_word' id='word_1_557' title='bbox 433 4381 566 4454; x_wconf 80' lang='lat' dir='ltr'>offerenti,</span> <span class='ocrx_word' id='word_1_558' title='bbox 586 4382 609 4438; x_wconf 90' lang='lat' dir='ltr'>si</span> <span class='ocrx_word' id='word_1_559' title='bbox 628 4397 662 4438; x_wconf 89' lang='lat' dir='ltr'>ex</span> <span class='ocrx_word' id='word_1_560' title='bbox 681 4382 780 4438; x_wconf 88' lang='lat' dir='ltr'>ceteris</span> <span class='ocrx_word' id='word_1_561' title='bbox 798 4383 857 4438; x_wconf 88' lang='lat' dir='ltr'>eius</span> <span class='ocrx_word' id='word_1_562' title='bbox 875 4380 1053 4438; x_wconf 79' lang='lat' dir='ltr'>facultatibus</span> <span class='ocrx_word' id='word_1_563' title='bbox 1072 4397 1119 4439; x_wconf 90' lang='lat' dir='ltr'>aes</span> <span class='ocrx_word' id='word_1_564' title='bbox 1137 4383 1256 4438; x_wconf 88' lang='lat' dir='ltr'>alienum</span> <span class='ocrx_word' id='word_1_565' title='bbox 1273 4383 1344 4440; x_wconf 89' lang='lat' dir='ltr'>solui</span> <span class='ocrx_word' id='word_1_566' title='bbox 1361 4398 1416 4440; x_wconf 92' lang='lat' dir='ltr'>non</span> <span class='ocrx_word' id='word_1_567' title='bbox 1430 4385 1556 4456; x_wconf 74' lang='lat' dir='ltr'>poteritt</span> <span class='ocrx_word' id='word_1_568' title='bbox 1584 4399 1636 4454; x_wconf 81' lang='lat' dir='ltr'>ego</span> <span class='ocrx_word' id='word_1_569' title='bbox 1657 4397 1685 4438; x_wconf 82' lang='grc' dir='ltr'>ιι</span> 
     </span>
    </p>
   </div>
   <div class='ocr_carea' id='block_1_3' title="bbox 194 4478 422 4548">
    <p class='ocr_par' dir='ltr' id='par_1_16' title="bbox 194 4478 422 4548">
     <span class='ocr_line' id='line_1_47' title="bbox 194 4478 422 4548; baseline 0.009 -14"><span class='ocrx_word' id='word_1_570' title='bbox 194 4478 422 4548; x_wconf 63' lang='lat' dir='ltr'>munuum)</span> 
     </span>
    </p>
   </div>
   <div class='ocr_carea' id='block_1_4' title="bbox 195 4611 1637 4830">
    <p class='ocr_par' dir='ltr' id='par_1_17' title="bbox 195 4611 1637 4830">
     <span class='ocr_line' id='line_1_48' title="bbox 197 4611 1637 4684; baseline 0.003 -18"><span class='ocrx_word' id='word_1_571' title='bbox 197 4615 206 4650; x_wconf 87' lang='lat'>¹</span> <span class='ocrx_word' id='word_1_572' title='bbox 226 4611 314 4682; x_wconf 78' lang='lat' dir='ltr'>quid?</span> <span class='ocrx_word' id='word_1_573' title='bbox 371 4613 384 4648; x_wconf 82' lang='lat'><strong>¹</strong></span> <span class='ocrx_word' id='word_1_574' title='bbox 401 4612 435 4680; x_wconf 90' lang='lat' dir='ltr'>ei]</span> <span class='ocrx_word' id='word_1_575' title='bbox 455 4612 521 4667; x_wconf 82' lang='lat' dir='ltr'>aiiii</span> <span class='ocrx_word' id='word_1_576' title='bbox 579 4613 591 4648; x_wconf 85' lang='lat'>⁸</span> <span class='ocrx_word' id='word_1_577' title='bbox 608 4613 674 4682; x_wconf 84' lang='lat' dir='ltr'>quia</span> <span class='ocrx_word' id='word_1_578' title='bbox 691 4612 726 4669; x_wconf 88' lang='lat' dir='ltr'>de</span> <span class='ocrx_word' id='word_1_579' title='bbox 743 4613 853 4684; x_wconf 88' lang='lat' dir='ltr'>pupillis</span> <span class='ocrx_word' id='word_1_580' title='bbox 870 4613 998 4683; x_wconf 89' lang='lat' dir='ltr'>princeps</span> <span class='ocrx_word' id='word_1_581' title='bbox 1016 4611 1136 4682; x_wconf 85' lang='lat' dir='ltr'>loquitur</span> <span class='ocrx_word' id='word_1_582' title='bbox 1153 4618 1182 4669; x_wconf 89' lang='lat' dir='ltr'>ct</span> <span class='ocrx_word' id='word_1_583' title='bbox 1193 4615 1331 4670; x_wconf 87' lang='lat' dir='ltr'>coniuncti</span> <span class='ocrx_word' id='word_1_584' title='bbox 1348 4613 1485 4671; x_wconf 89' lang='lat' dir='ltr'>tutoribus</span> <span class='ocrx_word' id='word_1_585' title='bbox 1497 4617 1637 4670; x_wconf 85' lang='lat' dir='ltr'>curatores</span> 
     </span>
     <span class='ocr_line' id='line_1_49' title="bbox 197 4683 1637 4757; baseline 0.001 -18"><span class='ocrx_word' id='word_1_586' title='bbox 197 4685 390 4754; x_wconf 71' lang='lat' dir='ltr'>[nominantun</span> <span class='ocrx_word' id='word_1_587' title='bbox 409 4683 445 4738; x_wconf 88' lang='lat' dir='ltr'>ad</span> <span class='ocrx_word' id='word_1_588' title='bbox 463 4685 552 4754; x_wconf 89' lang='lat' dir='ltr'>ipsam</span> <span class='ocrx_word' id='word_1_589' title='bbox 570 4686 720 4740; x_wconf 87' lang='lat' dir='ltr'>orationem</span> <span class='ocrx_word' id='word_1_590' title='bbox 740 4699 787 4740; x_wconf 88' lang='lat' dir='ltr'>eos</span> <span class='ocrx_word' id='word_1_591' title='bbox 800 4699 909 4754; x_wconf 84' lang='lat' dir='ltr'>quoquc</span> <span class='ocrx_word' id='word_1_592' title='bbox 921 4687 968 4755; x_wconf 87' lang='lat' dir='ltr'>qni</span> <span class='ocrx_word' id='word_1_593' title='bbox 980 4692 1093 4756; x_wconf 88' lang='lat' dir='ltr'>propter</span> <span class='ocrx_word' id='word_1_594' title='bbox 1104 4689 1223 4742; x_wconf 83' lang='lat' dir='ltr'>aetatem</span> <span class='ocrx_word' id='word_1_595' title='bbox 1236 4687 1385 4756; x_wconf 87' lang='lat' dir='ltr'>curatores]</span> <span class='ocrx_word' id='word_1_596' title='bbox 1400 4687 1538 4757; x_wconf 88' lang='lat' dir='ltr'>accipiunt</span> <span class='ocrx_word' id='word_1_597' title='bbox 1554 4685 1637 4756; x_wconf 86' lang='lat' dir='ltr'>perti·</span> 
     </span>
     <span class='ocr_line' id='line_1_50' title="bbox 195 4753 1637 4830; baseline 0.001 -19"><span class='ocrx_word' id='word_1_598' title='bbox 195 4753 284 4812; x_wconf 84' lang='lat' dir='ltr'>uere?</span> <span class='ocrx_word' id='word_1_599' title='bbox 309 4757 491 4810; x_wconf 72' lang='lat' dir='ltr'>astrimonii</span> <span class='ocrx_word' id='word_1_600' title='bbox 509 4761 538 4810; x_wconf 91' lang='lat' dir='ltr'>et</span> <span class='ocrx_word' id='word_1_601' title='bbox 555 4757 697 4826; x_wconf 87' lang='lat' dir='ltr'>coniungit</span> <span class='ocrx_word' id='word_1_602' title='bbox 713 4756 850 4812; x_wconf 91' lang='lat' dir='ltr'>tutoribus</span> <span class='ocrx_word' id='word_1_603' title='bbox 869 4763 1018 4828; x_wconf 90' lang='lat' dir='ltr'>curatores,</span> <span class='ocrx_word' id='word_1_604' title='bbox 1037 4757 1179 4829; x_wconf 85' lang='lat' dir='ltr'>adipeam</span> <span class='ocrx_word' id='word_1_605' title='bbox 1259 4758 1396 4827; x_wconf 89' lang='lat' dir='ltr'>pertinere</span> <span class='ocrx_word' id='word_1_606' title='bbox 1468 4760 1480 4793; x_wconf 80' lang='lat'><strong>⁴</strong></span> <span class='ocrx_word' id='word_1_607' title='bbox 1498 4755 1637 4830; x_wconf 78' lang='lat' dir='ltr'>potneuti</span> 
     </span>
    </p>
   </div>
   <div class='ocr_carea' id='block_1_5' title="bbox 196 4877 1638 5176">
    <p class='ocr_par' dir='ltr' id='par_1_18' title="bbox 196 4877 1638 5176">
     <span class='ocr_line' id='line_1_51' title="bbox 196 4877 1638 4953; baseline 0.001 -19"><span class='ocrx_word' id='word_1_608' title='bbox 196 4879 270 4947; x_wconf 65' lang='lat' dir='ltr'>flet}</span> <span class='ocrx_word' id='word_1_609' title='bbox 290 4885 333 4934; x_wconf 81' lang='lat' dir='ltr'>est</span> <span class='ocrx_word' id='word_1_610' title='bbox 351 4881 377 4933; x_wconf 84' lang='lat' dir='ltr'><em>F</em></span> <span class='ocrx_word' id='word_1_611' title='bbox 428 4879 598 4949; x_wconf 77' lang='lat' dir='ltr'>subligabit</span> <span class='ocrx_word' id='word_1_612' title='bbox 615 4877 694 4934; x_wconf 77' lang='lat' dir='ltr'>F’W</span> <span class='ocrx_word' id='word_1_613' title='bbox 752 4880 785 4934; x_wconf 91' lang='lat'>11</span> <span class='ocrx_word' id='word_1_614' title='bbox 808 4895 843 4934; x_wconf 89' lang='lat' dir='ltr'>an</span> <span class='ocrx_word' id='word_1_615' title='bbox 862 4883 892 4936; x_wconf 83' lang='lat' dir='ltr'>et</span> <span class='ocrx_word' id='word_1_616' title='bbox 945 4881 1032 4936; x_wconf 78' lang='grc' dir='ltr'>κιλῶο</span> <span class='ocrx_word' id='word_1_617' title='bbox 1058 4880 1217 4946; x_wconf 76' lang='grc' dir='ltr'>Ῠοοτίθοτιι,</span> <span class='ocrx_word' id='word_1_618' title='bbox 1250 4901 1279 4936; x_wconf 74' lang='lat' dir='ltr'>cx</span> <span class='ocrx_word' id='word_1_619' title='bbox 1312 4887 1519 4953; x_wconf 81' lang='lat' dir='ltr'>interpretatione</span> <span class='ocrx_word' id='word_1_620' title='bbox 1545 4891 1638 4953; x_wconf 84' lang='lat' dir='ltr'>opinor</span> 
     </span>
     <span class='ocr_line' id='line_1_52' title="bbox 196 4949 1636 5024; baseline -0.001 -18"><span class='ocrx_word' id='word_1_621' title='bbox 196 4949 321 5020; x_wconf 84' lang='lat' dir='ltr'>obligare</span> <span class='ocrx_word' id='word_1_622' title='bbox 334 4951 358 5005; x_wconf 80' lang='lat' dir='ltr'>ei</span> <span class='ocrx_word' id='word_1_623' title='bbox 371 4965 428 5005; x_wconf 84' lang='lat' dir='ltr'>rem</span> <span class='ocrx_word' id='word_1_624' title='bbox 440 4951 537 5020; x_wconf 84' lang='lat' dir='ltr'>possit]</span> <span class='ocrx_word' id='word_1_625' title='bbox 553 4959 628 5024; x_wconf 82' lang='lat' dir='ltr'>quusi</span> <span class='ocrx_word' id='word_1_626' title='bbox 640 4953 741 5022; x_wconf 73' lang='lat' dir='ltr'>leqiasai</span> <span class='ocrx_word' id='word_1_627' title='bbox 754 4965 810 5005; x_wconf 85' lang='lat' dir='ltr'>rem</span> <span class='ocrx_word' id='word_1_628' title='bbox 823 4952 890 5008; x_wconf 88' lang='lat' dir='ltr'>obii·</span> <span class='ocrx_word' id='word_1_629' title='bbox 944 4953 979 5007; x_wconf 79' lang='lat'>12</span> <span class='ocrx_word' id='word_1_630' title='bbox 998 4951 1178 5008; x_wconf 78' lang='lat' dir='ltr'>oreditoribus</span> <span class='ocrx_word' id='word_1_631' title='bbox 1194 4953 1224 5010; x_wconf 86' lang='lat' dir='ltr'>F:</span> <span class='ocrx_word' id='word_1_632' title='bbox 1242 4952 1274 5008; x_wconf 87' lang='grc' dir='ltr'>τὸ</span> <span class='ocrx_word' id='word_1_633' title='bbox 1292 4953 1391 5007; x_wconf 78' lang='lat' dir='ltr'>iiaarou</span> <span class='ocrx_word' id='word_1_634' title='bbox 1409 4953 1458 5014; x_wconf 83' lang='grc' dir='ltr'>τοῨ</span> <span class='ocrx_word' id='word_1_635' title='bbox 1470 4951 1578 5024; x_wconf 76' lang='grc' dir='ltr'>πρῶτογ</span> <span class='ocrx_word' id='word_1_636' title='bbox 1589 4960 1636 5006; x_wconf 79' lang='lat' dir='ltr'>ia·</span> 
     </span>
     <span class='ocr_line' id='line_1_53' title="bbox 196 5021 1637 5096; baseline 0.003 -20"><span class='ocrx_word' id='word_1_637' title='bbox 196 5028 292 5092; x_wconf 72' lang='lat' dir='ltr'>guiam</span> <span class='ocrx_word' id='word_1_638' title='bbox 308 5021 531 5091; x_wconf 80' lang='lat' dir='ltr'>priorloredilori</span> <span class='ocrx_word' id='word_1_639' title='bbox 548 5029 625 5076; x_wconf 85' lang='lat' dir='ltr'>uertit</span> <span class='ocrx_word' id='word_1_640' title='bbox 638 5023 765 5094; x_wconf 70' lang='lat' dir='ltr'>cyrillam</span> <span class='ocrx_word' id='word_1_641' title='bbox 783 5021 892 5084; x_wconf 74' lang='grc' dir='ltr'>ιῨτὸΔὲ</span> <span class='ocrx_word' id='word_1_642' title='bbox 946 5023 1209 5090; x_wconf 79' lang='grc' dir='ltr'>ιιειοτοῩΒ(Αιιοη.)</span> <span class='ocrx_word' id='word_1_643' title='bbox 1258 5025 1293 5080; x_wconf 78' lang='grc'>23</span> <span class='ocrx_word' id='word_1_644' title='bbox 1311 5023 1466 5094; x_wconf 66' lang='grc' dir='ltr'>ρῐοοᾱὶἰῖ1</span> <span class='ocrx_word' id='word_1_645' title='bbox 1513 5025 1548 5079; x_wconf 80' lang='lat'>41</span> <span class='ocrx_word' id='word_1_646' title='bbox 1561 5037 1637 5096; x_wconf 81' lang='lat' dir='ltr'>apa·</span> 
     </span>
     <span class='ocr_line' id='line_1_54' title="bbox 196 5092 1549 5176; baseline 0.002 -28"><span class='ocrx_word' id='word_1_647' title='bbox 196 5093 230 5150; x_wconf 86' lang='grc' dir='ltr'>τὸ</span> <span class='ocrx_word' id='word_1_648' title='bbox 247 5093 347 5166; x_wconf 66' lang='grc' dir='ltr'>ιιρᾶιιιι</span> <span class='ocrx_word' id='word_1_649' title='bbox 365 5092 397 5148; x_wconf 81' lang='grc' dir='ltr'>τὸ</span> <span class='ocrx_word' id='word_1_650' title='bbox 409 5093 582 5158; x_wconf 73' lang='grc' dir='ltr'>Ῡιιοκείιιειιοιι</span> <span class='ocrx_word' id='word_1_651' title='bbox 594 5094 634 5162; x_wconf 83' lang='grc' dir='ltr'>τῷ</span> <span class='ocrx_word' id='word_1_652' title='bbox 651 5093 750 5165; x_wconf 76' lang='grc' dir='ltr'>πρώτῳ</span> <span class='ocrx_word' id='word_1_653' title='bbox 769 5099 891 5176; x_wconf 63' lang='lat' dir='ltr'>nauticus]</span> <span class='ocrx_word' id='word_1_654' title='bbox 945 5095 1071 5168; x_wconf 81' lang='lat' dir='ltr'>pinianus</span> <span class='ocrx_word' id='word_1_655' title='bbox 1090 5097 1105 5151; x_wconf 89' lang='lat' dir='ltr'>i.</span> <span class='ocrx_word' id='word_1_656' title='bbox 1119 5103 1167 5151; x_wconf 82' lang='lat' dir='ltr'>ire.</span> <span class='ocrx_word' id='word_1_657' title='bbox 1181 5095 1208 5150; x_wconf 69' lang='lat' dir='ltr'>ii</span> <span class='ocrx_word' id='word_1_658' title='bbox 1254 5095 1290 5152; x_wconf 80' lang='lat'>4³</span> <span class='ocrx_word' id='word_1_659' title='bbox 1307 5093 1494 5160; x_wconf 62' lang='lat' dir='ltr'>uindican&#39;dffl</span> <span class='ocrx_word' id='word_1_660' title='bbox 1511 5093 1549 5151; x_wconf 65' lang='lat' dir='ltr'>F*</span> 
     </span>
    </p>
   </div>
   <div class='ocr_carea' id='block_1_6' title="bbox 0 0 1913 5588">
    <p class='ocr_par' dir='ltr' id='par_1_19' title="bbox 0 0 1913 5588">
     <span class='ocr_line' id='line_1_55' title="bbox 0 0 1913 5588; baseline 0 0"><span class='ocrx_word' id='word_1_661' title='bbox 0 0 1913 5588; x_wconf 95' lang='lat' dir='ltr'> </span> 
     </span>
    </p>
   </div>
  </div>
 </body>
</html>
