3738 5550
263 276 350 342 xvss
370 280 383 341 1
404 277 557 340 62-26
938 267 1027 349 498
1632 289 1701 339 1²80

263 449 328 488 suas
345 430 426 486 factis
445 430 595 484 declarauit
611 444 756 485 commune
773 428 904 498 futurum,
921 428 1055 498 quidquid
1073 429 1109 483 ad
1126 444 1190 484 eum
1208 444 1243 484 ex
1261 433 1362 485 euentu
1379 428 1434 482 litis
1446 426 1629 484 hereditariae
1639 442 1700 498 per·

264 521 393 589 uenisset,
411 534 501 588 neque
518 518 659 588 stipulatio
677 520 781 573 litteras
800 523 896 590 secuta
913 522 970 572 eet:
989 518 1144 587 quaesitum
1163 523 1214 588 est,
1233 533 1295 572 cum
1312 518 1475 587 transegerit
1490 517 1565 572 idem
1577 517 1700 572 unnim

264 626 325 664 cum
350 609 451 678 scripto
474 606 575 661 herede
593 606 644 675 ita,
658 612 699 692 ¹ut
716 606 829 677 praedia
847 613 875 661 et
893 607 962 661 aliae
980 607 1117 676 quaedam
1136 622 1181 662 res
1199 623 1234 662 ex
1252 622 1286 661 ea
1302 605 1486 661 transactione
1505 604 1541 660 ad
1559 621 1623 660 enm
1640 620 1701 676 peu

233 707 242 750 1
264 698 397 766 uenirent,
416 713 452 751 an
470 711 505 751 ex
522 697 619 750 litteris
637 697 694 750 suis
712 697 800 766 possit
818 712 836 751 a
852 695 991 750 sororibus
1009 695 1156 751 conueniri.
1181 694 1323 764 respoudit
1334 709 1423 764 posse.
1451 693 1580 749 Mandaei
1592 694 1621 748 in
1632 693 1702 748 haec

264 786 362 841 uerba:
381 786 490 840 ‘Lucius
508 785 598 838 Titius
616 783 686 839 Gaio
709 787 776 839 ειιοι
796 785 921 839 salutem.
952 785 1021 840 Peto
1044 789 1073 839 et
1091 783 1192 839 mando
1209 783 1274 854 tibi,
1292 788 1325 838 ut
1341 781 1424 838 fidem
1441 783 1519 838 dicas
1536 799 1586 854 pro
1603 781 1701 838 Publio
1721 798 1735 840 e

265 875 378 930 ‘Maeuio
397 872 470 943 apud
489 872 692 943 Sempronium:
712 888 836 942 quaeque
855 889 872 927 a
888 871 985 928 Publio
1004 874 1094 929 soluta
1110 872 1161 928 tibi
1178 888 1232 928 non
1250 872 1359 942 luerint,
1377 887 1422 927 me
1433 877 1702 942 repraesentaturum

265 964 324 1019 ‘hac
347 964 465 1033 epistula
488 978 570 1017 manu
592 977 654 1017 mea
672 963 775 1033 scripta
792 965 887 1018 notum
905 961 956 1016 tibi
974 960 1062 1018 lacio.’
1088 977 1203 1032 quaero,
1227 963 1250 1016 si
1268 977 1323 1018 non
1340 959 1534 1030 fideiussisset‚
1556 959 1607 1015 sed
1624 975 1702 1015 man-

265 1053 360 1108 dasset
377 1051 504 1107 creditori
522 1056 551 1106 et
568 1050 636 1107 alias
655 1051 758 1121 egisset
776 1066 857 1122 quam
876 1051 968 1121 quod⁸
985 1051 1011 1106 ei
1028 1050 1187 1106 mandatum
1206 1056 1288 1121 erret,
1307 1067 1342 1108 au
1355 1051 1463 1106 actione
1474 1049 1613 1106 mandati⁸
1624 1052 1702 1104 tene

264 1145 348 1198 retur.
376 1140 517 1212 respondit
533 1139 629 1196 teneri.

996 1322 1005 1340 ,
1722 1289 1752 1330 ιο

777 1394 814 1470 R
853 1393 945 1469 PRO
964 1257 1110 1470 ΙὲΟΟΙΟ
1150 1393 1189 1471 R
1735 1414 1833 1470 eser

228 1554 244 1608 1
316 1550 436 1604 Pronus
453 1547 522 1602 libro
539 1547 681 1616 trigesimo
699 1547 820 1603 secundo
838 1547 874 1604 ad
891 1548 1021 1604 edietum.
1048 1546 1171 1604 Societas
1189 1548 1251 1603 coiri
1269 1550 1362 1618 potest
1379 1545 1425 1602 uel
1442 1546 1471 1602 in
1484 1561 1544 1618 per-
1562 1539 1702 1629 Q
1738 1556 1775 1610 s·

232 1650 243 1694 r
262 1642 385 1709 pstuum,
403 1637 431 1691 id
450 1642 493 1692 eat
511 1636 576 1691 dum
594 1636 701 1706 uiuunt,
720 1637 763 1691 uel
783 1635 819 1691 ad
835 1642 945 1708 tempus
963 1637 1008 1692 uel
1026 1651 1061 1692 ex
1072 1643 1195 1707 ternpore
1206 1635 1251 1692 nel
1264 1636 1316 1692 sub
1328 1635 1497 1692 condicione.
1524 1635 1557 1690 Iu
1569 1635 1703 1690 societate

264 1727 383 1784 omnium
401 1724 534 1781 bonorum
553 1740 649 1780 omues
667 1740 711 1780 res
729 1741 801 1795 quae
819 1727 976 1781 coeuntium
994 1729 1060 1780 sunt
1077 1725 1206 1780 continuo
1224 1725 1467 1794 communicentur,
1723 1739 1754 1780 rs

226 1817 245 1874 2
316 1814 411 1870 Gerus
428 1813 497 1869 libro
516 1812 622 1868 decimo
641 1812 677 1868 ad
695 1812 817 1868 edictum
827 1814 1003 1884 prouinciale.
1031 1814 1104 1884 quia,
1123 1814 1187 1870 licet
1198 1815 1354 1886 specialiter
1365 1813 1476 1870 traditio
1488 1827 1543 1868 non
1576 1823 1704 1880 e.1s‚1,s
1738 1821 1776 1876 s·

262 1904 435 1974 interueuiat,
455 1902 539 1956 tacita
556 1905 649 1956 tamen
667 1902 787 1958 creditur
804 1903 978 1958 interuenire.

226 1993 244 2051 3
315 1991 435 2048 rimus
457 1990 527 2046 libro
549 1990 691 2060 trigesimo
714 1991 836 2047 secundo
859 1991 895 2048 ad
917 1991 1048 2047 edietum.
1084 1991 1127 2047 Ea
1149 2006 1229 2062 uero,
1254 2006 1326 2061 quae
1343 1991 1372 2046 in
1389 1990 1544 2047 nomimlsus
1563 1973 1703 2064 Q
1739 1989 1777 2044 S·

232 2094 243 2137 r
263 2087 350 2150 erunt,
370 2083 482 2134 manent
498 2080 527 2135 in
545 2093 596 2134 suo
613 2083 702 2135 statu:
722 2078 771 2134 sed
789 2080 912 2135 actiones
930 2079 1049 2136 inuicem
1066 2085 1204 2151 praestare
1219 2079 1329 2136 debent
1358 2079 1427 2135 Cum
1440 2079 1545 2150 specia-
1578 2089 1621 2150 sp.
1637 2090 1705 2146 10,⁴

263 2170 324 2224 liter
342 2168 463 2223 omnium
481 2167 613 2222 bonorum
633 2168 750 2244 societas
768 2168 841 2222 coita
859 2173 910 2238 est,
928 2173 995 2224 tunc
1012 2173 1042 2224 et
1058 2168 1197 2225 hereditas
1215 2174 1243 2224 et
1254 2169 1375 2239 legatum
1388 2173 1417 2224 et
1428 2166 1501 2238 quod
1514 2167 1647 2222 donatum
1659 2170 1706 2221 cst

229 2270 245 2314 c
264 2261 312 2311 eut
329 2271 440 2326 quaqua
456 2256 562 2310 ratione
580 2255 746 2326 adquisitum
765 2258 950 2312 communiens
966 2257 1133 2328 adquiratur.
1169 2257 1211 2312 De
1229 2257 1276 2312 illo
1294 2257 1442 2328 quaeritur,
1464 2257 1488 2312 si
1506 2257 1546 2310 ita
1578 2267 1621 2328 sp.
1635 2269 1704 2324 rut
1724 2280 1757 2321 sn

263 2352 298 2400 ait
315 2352 383 2400 colla
401 2343 527 2414 societas,
545 2349 585 2414 nt,
604 2345 628 2399 si
646 2358 702 2413 qua
718 2345 791 2399 iusta
808 2343 947 2400 hereditas
965 2347 1087 2402 alterutri
1105 2344 1255 2415 obuenerit,
1274 2345 1426 2400 communis
1438 2345 1482 2416 sit,
1500 2360 1572 2415 quae
1583 2355 1619 2400 att
1629 2347 1705 2400 insta

263 2432 414 2502 heredites,
432 2437 524 2487 utrum
542 2447 614 2501 quae
631 2433 691 2488 iure
707 2433 830 2502 legitimo
848 2432 963 2490 obueuit
980 2451 1015 2490 an
1033 2434 1116 2491 etiam
1134 2450 1169 2490 ea
1186 2448 1257 2504 quse
1274 2434 1461 2489 testamento?
1487 2439 1516 2488 et
1533 2433 1704 2504 probabilius

230 2535 245 2579 s
264 2527 307 2576 est
325 2520 361 2576 sd
378 2521 527 2590 legitimam
546 2521 725 2578 hereditatem
743 2525 851 2577 tanturn
869 2522 921 2578 hoc
939 2525 1083 2594 pertinere.
1114 2521 1238 2578 Societas
1256 2523 1280 2578 si
1298 2522 1361 2578 dolo
1379 2522 1451 2578 malo
1470 2526 1520 2577 aut
1535 2520 1608 2576 iran-
1626 2517 1704 2608 Q

263 2609 348 2665 dandi
373 2624 457 2664 causa
475 2608 548 2665 coita
565 2610 615 2680 sit,
637 2610 697 2680 ipso
715 2611 774 2666 iure
791 2611 892 2668 nullius
910 2613 1041 2668 momenti
1059 2616 1116 2682 est,
1139 2612 1204 2683 quia
1221 2609 1290 2667 tides
1306 2611 1381 2666 bone
1398 2611 1536 2666 cenuaria
1551 2617 1596 2666 cst
1613 2609 1703 2668 fraudi

264 2702 293 2755 et
310 2697 381 2753 dolo.
1724 2713 1759 2755 re

225 2789 245 2846 4
315 2787 510 2842 llonusnruus
527 2783 596 2842 libro
614 2787 696 2843 tertio
714 2788 878 2858 regularum.
906 2786 1072 2844 Societatem
1089 2788 1163 2845 coire
1181 2793 1210 2844 et
1227 2803 1256 2844 re
1269 2793 1298 2844 ct
1309 2785 1401 2844 uerbis
1420 2781 1704 2876 Q
1724 2797 1773 2854 ’Β

230 2889 244 2934 1
263 2879 292 2931 et
309 2891 358 2946 per
375 2874 501 2930 nuntium
518 2889 600 2944 posse
618 2890 669 2931 nos
687 2875 800 2931 dubium
818 2891 873 2932 non
890 2880 942 2932 est.
969 2876 1156 2934 Disscciamur
1173 2877 1373 2934 renuntiatione
1391 2883 1479 2934 morte
1496 2877 1596 2948 eapitis
1614 2879 1703 2934 minu-

262 2965 337 3020 tione
356 2967 384 3019 et
402 2967 534 3033 egestate.

226 3053 245 3113 5
316 3052 468 3108 Unrmrue
485 3051 554 3107 libro
571 3051 713 3121 trigesimo
730 3051 818 3122 primo
836 3049 871 3108 ad
884 3053 1013 3109 edictum.
1041 3051 1193 3110 Societates
1205 3054 1402 3112 contrahuntur
1419 3051 1451 3138 {lt
1740 3063 1779 3119 S·

263 3141 323 3196 siue
346 3141 537 3195 uniuersorum
562 3139 694 3195 bonorum
715 3141 775 3196 siue
792 3143 986 3212 negotiationis
1003 3143 1117 3199 alieuius
1136 3144 1195 3198 siue
1212 3142 1356 3212 uectigalis
1373 3143 1433 3198 siue
1451 3143 1535 3198 etiam
1553 3145 1593 3200 rei
1611 3145 1702 3201 nnius
1724 3159 1758 3200 es

231 3243 244 3287 1
264 3227 387 3284 Societas
405 3233 497 3283 autem
516 3229 583 3284 coiri
599 3233 692 3297 potest
710 3235 739 3284 et
756 3231 831 3285 ualet
848 3231 930 3286 etiam
949 3232 1020 3288 inter
1038 3247 1094 3303 eos,
1113 3233 1160 3303 qni
1178 3248 1232 3287 non
1249 3237 1315 3287 sunt
1328 3233 1423 3302 aequis
1435 3229 1620 3303 facultatibus,
1638 3249 1702 3289 cum

263 3319 423 3388 plerumque
441 3317 587 3386 pauperior
604 3331 690 3386 opero
704 3318 839 3388 suppleat,
858 3326 990 3390 qnantum
1009 3321 1035 3376 ei
1052 3335 1102 3392 per
1119 3320 1350 3391 comparationem
1367 3321 1524 3392 patrimonii
1537 3320 1626 3377 deest
1654 3321 1703 3378 do

263 3406 382 3461 nationis
400 3421 485 3460 causa
502 3406 620 3462 societas
637 3409 712 3461 recte
729 3421 785 3462 non
803 3407 979 3464 contrahitur.

227 3495 245 3553 6
317 3492 653 3550 Ponmoumslibrononc
667 3495 702 3550 ad
715 3494 856 3552 Sabinum.
884 3495 1086 3553 Sisocietatem
1099 3512 1205 3553 mecum
1219 3498 1315 3554 coieris
1328 3497 1544 3568 eacondicionc,
1562 3493 1704 3584 Q
1742 3506 1766 3562 s

263 3588 295 3638 ut
312 3587 406 3652 partes
424 3581 565 3637 societatis
583 3584 772 3655 constitueres,
792 3584 828 3641 ad
846 3584 912 3640 boni
930 3586 981 3640 uiri
999 3585 1140 3642 arbitrium
1156 3602 1189 3642 ea
1201 3601 1244 3642 res
1256 3586 1407 3656 redigenda
1419 3591 1474 3644 est:
1492 3592 1522 3644 et
1533 3590 1704 3645 conueniens
1725 3601 1757 3643 ss

263 3674 306 3726 ec
323 3671 374 3724 uiri
391 3668 457 3725 boni
474 3669 594 3740 arbitrio,
612 3677 710 3728 utnon
723 3673 817 3743 utique
830 3688 865 3728 ex
876 3673 972 3744 aequis
982 3673 1108 3745 partubus
1120 3675 1293 3746 accinimus,
1311 3675 1397 3732 ueluti
1409 3677 1435 3731 si
1445 3677 1514 3732 alter
1524 3676 1588 3746 plus
1600 3691 1705 3748 operae

263 3757 414 3814 industriae
430 3759 564 3828 pacemne
581 3760 610 3815 in
627 3761 789 3817 mpietatem
807 3761 955 3818 conaturum
973 3763 1018 3818 sit

261 3873 289 3928 r
302 3873 377 3941 <an
394 3875 492 3946 uass>
508 3873 617 3941 urvo)

265 4031 363 4087 ¹Gaio
381 4030 444 4087 Seio
462 4033 647 4108 (Hoffmcnall
718 4034 822 4104 ⁸quod
839 4036 887 4090 det
905 4037 984 4104 (add.)
1055 4037 1175 4092 ⁸'l'itius
1194 4044 1242 4092 tm.

263 4179 282 4233 4
300 4179 442 4236 mandauit
458 4181 618 4247 (mandauid
636 4183 687 4251 P·)
705 4185 766 4240 PU·
822 4184 953 4256 blidam]
1007 4186 1135 4256 societas]
1151 4195 1190 4241 σέο
1205 4187 1648 4272 omnipropemodum
1666 4187 1707 4243 ut

263 4248 318 4305 lide
342 4252 368 4306 ei
391 4253 442 4318 (cst
463 4251 545 4308 iidem
569 4254 626 4320 eil)
644 4255 691 4322 P·,
713 4255 768 4312 fide
791 4256 846 4312 moi
869 4255 955 4322 ΡΨ,
1007 4259 1126 4313 societas
1144 4257 1258 4322 coitaP,
1277 4263 1370 4328 cortya
1381 4260 1429 4325 (stc
1448 4259 1541 4322 Btum,
1559 4263 1706 4314 contacta

263 4318 327 4375 fidel
344 4320 453 4426 meiuUl
474 4324 479 4389 Ι
500 4324 576 4380 dicos
599 4326 626 4378 F
638 4329 735 4402 (aas)
775 4329 805 4429 ‘6
823 4327 953 4414 reprasa]
1006 4327 1138 4413 Brsncm.)
1153 4330 1271 4416 acciptur
1287 4329 1324 4384 sit
1340 4329 1370 4393 V,
1389 4330 1507 4415 societas
1518 4329 1594 4414 coita
1603 4329 1705 4416 sitstl,

197 4441 204 4466 ,
263 4393 954 4538 eiusdisserendisitunne
1006 4401 1704 4542 nm

265 4552 313 4588 orn.
329 4535 356 4587 V
373 4535 378 4601 Ι
398 4536 485 4590 teneri
503 4538 540 4590 F²
554 4539 613 4602 (see.
625 4539 676 4593 Rei
698 4559 719 4592 .:
737 4541 761 4593 F
762 4541 775 4576 ⁸
786 4559 835 4595 aec.
848 4541 953 4607 Kimi.)
1008 4543 1349 4612 suspensissimum),
1366 4541 1391 4596 ci
1401 4561 1472 4596 rraec
1484 4541 1704 4608 κοικωκὴοογακ,

263 4604 439 4689 RornFW
481 4608 516 4661 12
533 4608 664 4684 coiri]sP
714 4611 838 4674 ,onus
881 4613 914 4668 13
926 4611 956 4668 id
1006 4612 1049 4666 ius
1068 4613 1248 4684 aarsssxltsica
1270 4611 1358 4674 iur'ers
1376 4615 1534 4684 stupescaia
1551 4613 1589 4666 ‘cai
1610 4612 1705 4674 ΑῨτώκ

263 4675 315 4744 est]
330 4674 407 4760 'idem
420 4677 482 4730 PU·
497 4680 502 4745 Ι
517 4679 652 4734 societase
666 4682 704 4734 F·
750 4683 784 4737 14
796 4688 885 4751 quae
896 4681 953 4754 ΡΙ
1009 4682 1082 4738 sorni
1101 4683 1141 4738 sis
1160 4685 1209 4738 BS
1226 4684 1311 4754 (Cpr.)
1326 4685 1331 4752 Ι
1347 4699 1418 4752 quae
1436 4683 1482 4754 sit]
1502 4683 1562 4748 PU,
1580 4699 1655 4753 qnae
1673 4685 1706 4750 F,

263 4751 392 4802 connnno
411 4767 459 4800 om.
472 4747 512 4802 P·
562 4751 596 4804 16
613 4751 697 4806 tacite
714 4751 776 4806 ΡΗ*
826 4755 860 4808 18
876 4769 954 4824 prae·
1007 4756 1147 4824 quaeritur
1158 4770 1229 4825 quae
1240 4755 1306 4824 sits
1334 4755 1549 4825 ssprouaodins
1561 4755 1589 4808 F
1623 4757 1707 4811 lldst

263 4818 346 4887 stare]
358 4817 500 4893 fP·V⁶U‚
523 4826 647 4889 prestare
664 4823 699 4889 F,
721 4825 856 4892 praestari
874 4825 954 4880 pipi
1007 4840 1037 4880 re
1055 4827 1156 4881 cm.P·
1199 4827 1233 4882 st
1251 4824 1432 4882 dissociem
1447 4827 1487 4880 P·
1530 4826 1567 4880 30
1584 4827 1646 4881 *rei
1665 4829 1705 4880 F*

262 4889 299 4942 20
316 4888 435 4974 quaesta]
452 4903 509 4958 qua
522 4891 602 4944 ΡΨ·
616 4894 621 4960 1
637 4895 954 4965 communionilP·VU⁸‚
1007 4897 1158 4966 secpsius
1176 4898 1203 4950 F
1249 4897 1285 4952 34
1306 4897 1399 5023 nono}²
1413 4897 1518 4952 decimo
1540 4897 1632 4966 primo
1650 4899 1703 4968 ΡΙ

262 4962 524 5042 ccmmunronumll}
542 4963 731 5020 communione
742 4964 833 5021 P’U·:
851 4967 882 5038 τῇ
900 4985 953 5022 sor·
1007 4968 1096 5023 coires
1107 4969 1135 5024 P
1176 4968 1211 5023 35
1228 4967 1361 5023 redienda
1400 4979 1412 5000 ·
1454 4969 1490 5023 36
1507 4967 1629 5038 estuirss
1643 4967 1705 5033 PU,

263 5049 351 5085 noran
370 5033 566 5104 npocuupizsrar
579 5035 606 5088 B
618 5034 728 5105 (Acon.)
781 5038 815 5092 21
833 5039 955 5095 silonita
1006 5043 1036 5094 et
1052 5039 1145 5104 uirili,
1163 5039 1215 5094 uiri
1232 5039 1275 5108 V!
1289 5039 1368 5096 sotiis
1379 5039 1419 5094 P·
1453 5040 1487 5094 37
1505 5039 1639 5096 ΜΕΝ
1651 5039 1709 5096 PU
