3742 5548
293 231 380 298 XXV
402 235 421 297 2
443 239 479 290 ‘24
498 266 530 276 —
550 232 605 296 31
970 220 1056 299 736
1419 232 1468 290 ml
1489 234 1731 290 dauoscss'nre

292 389 398 443 dotales
415 393 471 441 um
490 385 638 441 uindicetio
657 401 738 454 quam
757 381 892 438 condictio
911 383 970 437 uiro
989 380 1122 436 aduersus
1135 379 1275 434 mullerem
1289 379 1428 448 competit,
1447 385 1477 434 et
1487 379 1516 433 in
1528 385 1671 449 potestate
1682 389 1733 450 est,

292 493 348 546 qua
364 475 431 530 uelit
449 475 557 530 actione
575 474 624 528 uti.

236 568 274 624 25
345 565 519 618 Maecianus
538 562 607 618 libro
626 562 705 617 tertio
725 560 888 629 regularum.
925 559 1027 613 &rum
1046 557 1156 627 quidem
1175 562 1327 612 amotarum
1346 557 1476 612 iudicium
1495 558 1537 612 sic
1555 553 1735 641 [eses‘rsat
1752 561 1787 633 Ss

292 652 376 707 habet
393 653 490 722 locum,
510 652 534 706 si
551 651 661 706 diuortii
679 649 791 704 consilio
809 663 853 702 res
872 652 980 702 amotae
999 645 1100 700 fuerint
1117 651 1146 700 et
1163 653 1289 701 secutum
1307 645 1456 701 diuortium
1474 644 1566 702 merit
1594 647 1646 701 sed
1664 648 1690 701 si
1708 649 1735 700 in

293 740 463 794 matrimonio
488 756 557 794 uxor
579 739 677 794 marito
701 754 744 793 res
763 737 942 806 subtraxerit,
966 736 1031 790 licet
1048 739 1139 790 cessat
1156 750 1246 790 rerum
1265 741 1419 791 amotarum
1436 735 1523 806 actio,
1546 741 1641 790 nmen
1660 738 1736 806 ipsas
1753 746 1765 785 a

292 845 336 884 res
356 829 468 883 maritus
487 829 631 883 condicere
648 833 754 898 potest:
774 842 836 881 nam
854 827 913 880 iure
931 825 1055 894 gentium
1074 823 1181 879 condici
1199 827 1265 894 puto
1283 839 1364 894 posse
1383 839 1428 879 res
1445 823 1482 879 ab
1500 824 1552 895 his,
1572 825 1621 895 qui
1633 841 1690 880 nen
1702 841 1736 880 ex

188 953 191 968 .
292 919 365 972 iusta
383 932 467 972 cansa
484 916 634 986 possident.

237 1007 275 1064 26
347 1005 440 1061 Gaius
463 1004 532 1060 libro
556 1011 653 1074 quarto
677 1004 713 1060 ad
736 1004 856 1059 edictum
879 1001 1055 1073 prouinciale.
1092 1003 1193 1056 Rerum
1211 1007 1364 1056 amotarum
1382 1003 1455 1058 actio
1473 1017 1539 1058 ecu-
1572 997 1778 1069 BWE

207 1119 210 1134 =
293 1094 376 1149 dictio
395 1099 445 1150 est.
1755 1101 1767 1138 a

293 1273 404 1341 crimen,
423 1286 478 1340 quo
497 1271 593 1326 mulier
610 1271 750 1340 postulata
767 1275 818 1339 est,
837 1285 892 1324 non
910 1268 1053 1322 differtur.‘

238 1362 275 1419 28
346 1361 465 1416 Psunus
483 1358 551 1414 libro
569 1365 648 1414 sexto
666 1360 867 1428 quaestionum.
895 1356 925 1412 Si
943 1372 1011 1412 uxor
1029 1371 1086 1410 rem
1106 1355 1157 1410 uiri
1175 1357 1209 1426 ei,
1227 1356 1272 1410 cui
1290 1371 1351 1412 eam
1365 1356 1407 1411 uir
1419 1371 1539 1411 commo
1558 1351 1737 1438 [adaja-ts
1755 1363 1778 1414 P

294 1449 414 1519 dauerit,
437 1448 604 1519 subripuerit
621 1449 699 1518 isque
717 1454 868 1504 conuentus
887 1446 937 1516 sit,
954 1444 1080 1500 habebit¹
1100 1442 1166 1500 furti
1185 1445 1333 1515 actionem,
1353 1446 1479 1515 quamuis
1498 1446 1541 1500 uir
1558 1445 1665 1500 habere
1685 1461 1738 1498 non

292 1538 389 1608 possit.
1608 1557 1613 1564 =
1755 1547 1781 1585 rs

237 1630 275 1687 29
346 1626 559 1682 Turruoumus
580 1626 649 1681 libro
668 1623 810 1680 undecimo
829 1623 1054 1694 disputationum.
1090 1623 1191 1678 Rerum
1211 1629 1364 1678 amotarum
1383 1623 1540 1678 aestimatio
1558 1617 1777 1705 [emp

293 1715 330 1769 ad
351 1722 533 1785 tempusque
552 1719 660 1770 amotae
679 1719 744 1768 sunt
761 1711 854 1767 referri
873 1713 967 1768 debet:
993 1729 1055 1768 nam
1073 1711 1190 1767 ueriute
1208 1709 1310 1766 lurtum
1329 1709 1373 1782 lit,
1397 1716 1426 1766 et
1444 1712 1469 1766 si
1486 1712 1576 1767 lenius
1594 1719 1738 1767 coercetur

294 1805 398 1858 mulier.
425 1820 509 1874 quare
527 1819 579 1858 nec
597 1821 615 1858 a
628 1802 716 1859 bonae
728 1800 792 1856 fidei
804 1817 962 1872 possessore
973 1802 1013 1856 its
1024 1817 1068 1856 res
1081 1805 1189 1856 amotae
1201 1800 1411 1870 usucapiuntur:
1430 1799 1498 1855 sed²
1510 1801 1535 1856 si
1545 1801 1636 1870 pluris
1648 1799 1738 1856 factae

293 1909 350 1948 non
367 1893 547 1947 restituuntur
565 1907 636 1962 quae
655 1895 763 1946 amotae
781 1897 854 1960 sunt,
873 1892 972 1946 crescit
989 1890 1151 1961 aestimatio,
1171 1891 1248 1946 utin
1267 1889 1438 1945 condictione
1455 1886 1575 1944 furtiuae
1593 1891 1646 1944 rci.

238 1985 277 2043 30
347 1982 529 2036 Picumnus
551 1980 621 2036 libro
644 1979 788 2035 undecimo
810 1980 1008 2049 quaestionum.
1046 1978 1115 2034 Cum
1138 1979 1228 2034 soluto
1253 1979 1425 2034 matrimonio
1447 1975 1788 2061 rernm[e‘—2‘eT1'1‚‘aoP⁰

294 2077 447 2125 amotarum
470 2069 600 2126 iudicium
624 2075 720 2124 contra
743 2069 884 2124 mulierem
907 2068 1071 2137 instituitur,
1094 2067 1279 2138 redintegrato
1303 2083 1398 2123 rtrrsus
1423 2068 1598 2124 matrimonio
1621 2069 1738 2122 soluitur
1754 2081 1779 2121 rs

294 2159 433 2214 iudicium.

986 2275 1041 2356 lll.

295 2414 332 2491 lt
364 2411 428 2488 DE
452 2410 781 2526 AGNOSCENDIS
806 2409 868 2486 ET
890 2409 1093 2487 ALENDIS
1118 2409 1299 2488 LIBERIS
1320 2409 1411 2486 UEL
1434 2411 1736 2488 PARENTIBUS
1753 2425 1809 2480 ers

620 2534 711 2610 UEL
739 2533 974 2611 PATRONIS
1002 2533 1094 2609 UEL
1120 2533 1335 2612 LlBERTIS
1374 2535 1412 2612 tt

260 2701 276 2756 1
350 2691 500 2748 Uarianos
517 2691 585 2747 libro
603 2691 743 2761 trigesimo
755 2697 854 2761 quarto
865 2691 902 2746 ad
913 2689 1042 2746 edictum.
1070 2689 1188 2746 Senatus
1201 2692 1363 2761 consultum,
1382 2691 1457 2761 quod
1470 2689 1574 2748 iactum
1595 2688 1736 2776 [aesc]
1752 2695 1770 2748 S

296 2786 340 2836 est
360 2781 395 2836 de
411 2779 504 2836 liberis
522 2779 717 2850 agnoscendis,
741 2779 811 2835 duas
829 2779 935 2850 species
953 2779 1155 2850 amplectitur,
1179 2795 1261 2835 unam
1280 2795 1375 2836 eorum
1393 2781 1440 2849 qul
1459 2769 1734 2852 a00noscnntfalia‘n
1752 2789 1776 2830 ss

263 2878 276 2922 t
296 2885 390 2926 eorum
408 2885 478 2939 quae
497 2867 596 2924 laisum
614 2875 722 2939 partum
740 2868 886 2924 subiciunt.
913 2869 1050 2924 Permittit
1066 2868 1150 2938 igitur
1168 2869 1273 2924 mulieri
1290 2870 1433 2938 parentine
1450 2869 1480 2924 in
1499 2871 1578 2925 culus
1596 2876 1736 2941 potestate

296 2963 340 3015 est
356 2959 403 3014 nel
420 2957 445 3013 ci
463 2958 508 3013 eui
526 2956 684 3013 mandatum
703 2957 738 3013 ab
757 2958 797 3012 eis
815 2963 866 3027 est,
887 2958 911 3012 si
928 2977 955 3013 ss
972 2961 1052 3027 putet
1069 2963 1255 3028 praegnatem,
1274 2957 1435 3014 denuntiare
1452 2960 1526 3014 intra
1543 2959 1604 3014 dies
1621 2961 1736 3028 triginta

295 3051 361 3118 post
378 3047 524 3102 diuortium
543 3045 778 3102 connumerandos
801 3047 854 3116 ipsi
872 3047 968 3102 marito
987 3047 1031 3102 uel
1049 3046 1156 3116 parenti
1174 3046 1202 3101 in
1220 3046 1297 3101 cuius
1316 3051 1455 3117 potestate
1472 3054 1530 3117 est,
1554 3053 1604 3104 aut
1621 3049 1734 3104 domum

263 3145 278 3189 a
296 3137 471 3203 denuntiare,
495 3135 518 3190 sl
541 3134 640 3190 nullius
665 3150 758 3191 eorum
778 3135 882 3206 copiam
901 3134 1010 3190 habeat
1046 3135 1165 3191 Domum
1184 3135 1307 3204 accipere
1326 3134 1458 3192 debemus
1476 3135 1640 3206 hospitium,
1665 3137 1735 3192 siin
1751 3145 1776 3184 ³0
1862 3165 1863 3192 t

296 3226 409 3281 ciuitate
427 3227 551 3279 maneat:
569 3223 643 3294 quod
662 3224 686 3278 si
704 3240 759 3279 nou
777 3224 820 3294 sit,
839 3223 889 3280 sed
906 3225 935 3279 in
954 3223 1019 3279 uilla
1036 3225 1080 3280 uel
1098 3225 1126 3279 in
1145 3225 1317 3294 municipic⁸,
1335 3225 1390 3280 illic
1402 3224 1450 3280 ubi
1462 3225 1548 3280 larem
1561 3226 1735 3282 matrimonio

265 3324 278 3366 e
297 3314 492 3370 collocarent⁴:
515 3311 683 3368 Denuntiare
701 3319 794 3368 autem
812 3311 864 3368 hcc
887 3318 994 3368 mutum
1012 3328 1074 3368 esse
1092 3314 1231 3368 mulierem
1250 3329 1285 3368 ex
1303 3327 1336 3368 eo
1353 3318 1561 3383 praegnantem.
1594 3331 1650 3370 non
1668 3331 1735 3384 ergo

294 3402 350 3463 hoc
373 3402 529 3471 denuntiat,
554 3405 585 3456 ut
607 3401 699 3456 mittat
716 3401 844 3458 custodes
863 3401 989 3457 maritus:
1014 3399 1116 3457 sufficit
1133 3402 1206 3456 enim
1225 3402 1331 3458 mulleri
1347 3401 1400 3457 hee
1417 3409 1513 3458 notum
1530 3400 1635 3472 lacere,
1661 3403 1734 3474 quod

296 3493 334 3547 sit
356 3504 501 3562 praegnas.
537 3491 628 3546 mariti
651 3495 694 3546 est
711 3491 764 3546 iam
784 3497 833 3546 eut
850 3492 958 3546 mittere
976 3490 1105 3546 custodes
1124 3498 1172 3546 aut
1189 3491 1215 3546 ei
1232 3490 1406 3560 denuntiare,
1429 3491 1504 3560 quod
1522 3492 1633 3546 nonsit
1651 3508 1687 3548 cx
1704 3507 1735 3547 sc

265 3591 280 3635 t
297 3597 447 3652 praegnas:
466 3578 519 3635 hoc
536 3583 629 3635 autern
646 3580 692 3634 uel
709 3580 762 3650 ipsi
780 3581 878 3635 manto
896 3580 940 3635 uel
959 3581 1004 3634 alii
1022 3579 1131 3635 nomine
1149 3580 1208 3635 eius
1226 3578 1317 3636 lacere
1335 3581 1509 3650 permittitur.
1536 3581 1630 3636 Poena
1641 3589 1736 3637 autem
1750 3589 1774 3631 ss

298 3669 388 3726 mariti
412 3685 446 3724 ea
469 3673 524 3738 est,
550 3673 592 3738 ut,
616 3668 669 3723 nisi
693 3674 741 3724 aut
764 3668 892 3724 custodes
910 3669 1082 3738 praemiserit
1099 3674 1147 3724 aut
1165 3673 1261 3724 centra
1277 3667 1481 3724 denuntiarent
1498 3685 1553 3724 nou
1570 3685 1633 3725 esse
1651 3685 1687 3726 ex
1705 3686 1734 3725 se

297 3763 490 3828 praegnatem,
509 3763 623 3827 cogatur
641 3757 754 3813 mantus
772 3765 881 3828 partum
899 3773 1062 3827 agnoscere:
1080 3761 1117 3826 et,
1136 3757 1159 3812 si
1178 3772 1232 3814 uon
1250 3759 1403 3828 agnouerit,
1420 3765 1500 3814 extra
1517 3757 1640 3814 ordinem
1659 3775 1733 3814 coer·

298 3851 383 3901 cetur.
416 3845 528 3902 debebit
550 3847 634 3916 igitur
657 3845 823 3916 respondere
841 3862 896 3902 non
914 3861 975 3902 esse
992 3863 1027 3902 ex
1046 3861 1076 3901 se
1094 3851 1271 3916 praegnatem
1290 3853 1338 3901 aut
1355 3847 1464 3902 nomine
1482 3847 1543 3903 eius
1560 3847 1733 3917 responderi:

265 3933 373 4004 equod
395 3935 418 3990 sl
441 3933 545 3990 iactum
565 3933 659 4004 luerit,
682 3951 738 3991 non
758 3935 826 3990 alias
845 3949 957 3990 necesse
975 3933 1088 3991 babebit
1105 3949 1268 4006 agnoscere,
1292 3936 1345 3990 nisi
1363 3951 1429 3991 nere
1446 3935 1518 3992 lilius
1535 3935 1628 3992 luerit
1663 3935 1733 3992 illud

265 4023 448 4080 sectandum
466 4029 522 4095 est,
540 4024 615 4093 quod
633 4023 803 4080 denuntiatio
822 4040 839 4078 a
857 4024 954 4079 marito
972 4039 1027 4079 non
1044 4023 1148 4094 incipit,
1167 4024 1216 4079 sed
1234 4040 1252 4079 a
1269 4024 1395 4080 mrrllere:
1414 4023 1469 4079 Sed
1487 4024 1512 4079 si
1530 4025 1645 4080 maritus
1664 4026 1733 4080 ultro
1749 4039 1772 4076 rr

299 4112 428 4169 custodes
446 4113 543 4169 offerat
561 4118 590 4168 et
607 4128 640 4168 ea
658 4129 713 4169 non
730 4112 871 4183 admittat,
896 4112 941 4168 uel
959 4113 982 4168 si
1000 4127 1055 4168 non
1073 4112 1275 4169 denuntiauerit
1291 4113 1401 4185 mulier,
1421 4119 1470 4170 aut
1488 4115 1513 4169 sl
1531 4114 1734 4170 denuntiaucrlt

298 4220 376 4288 ΗΠ,
394 4227 421 4274 ta
438 4239 487 4292 quo
506 4221 596 4275 derant
612 4241 636 4274 rs.
650 4219 774 4285 15-30,
792 4219 893 4284 Erue)

300 4361 351 4415 ¹is
370 4369 421 4414 im.
489 4360 548 4414 ¹et
565 4360 599 4428 (εἰ
611 4359 681 4414 tiB
694 4359 809 4427 stilti?
879 4359 976 4415 'idem
990 4359 1086 4418 Graeco·
1104 4365 1138 4427 (a.
1152 4365 1194 4426 tl:
1215 4362 1244 4416 in
1261 4361 1372 4418 ciuitate
1391 4365 1502 4417 maneat
1520 4363 1548 4418 in
1561 4365 1627 4418 uilla
1644 4365 1690 4419 nel
1706 4363 1733 4418 iu

299 4431 458 4501 municipio:
477 4431 551 4501 qued
572 4432 597 4486 si
614 4446 670 4486 non
687 4431 744 4486 sit?
813 4432 825 4466 ⁴
842 4430 1001 4488 collocarint
1018 4433 1224 4500 (Brmcmaanfl

300 4571 393 4640 ltam]
406 4572 497 4627 ests*
542 4571 767 4627 lactione‘m'Fl
811 4571 988 4630 4e's‘tsecu·
1041 4575 1075 4628 29
1093 4575 1362 4630 mnnnmomndosrs
1370 4575 1423 4645 ipsi
1434 4576 1480 4640 Ρ,
1497 4575 1732 4630 connumerandos

297 4647 357 4697 turn
381 4643 418 4696 F*
474 4645 507 4697 16
530 4649 688 4698 coerceatur
711 4645 816 4700 Palo
868 4646 987 4700 Ilieon·
1040 4645 1069 4699 id
1087 4653 1130 4700 est
1148 4646 1243 4716 ipsiT
1289 4647 1325 4701 30
1342 4648 1449 4715 cupiam
1469 4647 1495 4700 F
1534 4647 1568 4702 31
1587 4648 1635 4701 in*
1648 4649 1731 4702 muni·

298 4714 405 4768 dicione
417 4714 442 4766 F
444 4731 452 4767 t
471 4712 509 4768 'ent
521 4715 568 4776 τοῨ
581 4715 905 4784 φογρτίθογκοηὸικτικίογ
918 4717 987 4786 cipa-
1040 4716 1112 4785 cipio
1130 4717 1181 4771 F‘:
1200 4719 1273 4771 cisoa
1292 4717 1401 4782 tirones
1425 4718 1473 4771 τὸκ
1492 4715 1521 4770 ἐκ
1541 4719 1624 4772 uolet.
1646 4721 1669 4772 εἰ
1688 4717 1731 4788 [dp

298 4805 337 4838 rar
350 4785 399 4838 RS
411 4783 478 4854 (nt.)
531 4787 565 4840 27
583 4801 678 4840 earum
691 4787 771 4855 quae]
789 4789 875 4853 Taua,
894 4802 987 4842 eorum
1040 4787 1070 4842 tn
1090 4788 1163 4859 κώμῃ
1181 4788 1315 4859 ᾗπολίχκῃ
1334 4789 1405 4854 οἰκεῖ,
1418 4787 1471 4842 ἐκεῖ
1483 4790 1665 4858 asperrimis
1677 4789 1729 4860 xpri.

298 4871 368 4925 quae
381 4855 437 4920 Μ’,
454 4871 548 4914 eorum
566 4858 612 4926 qui
626 4857 709 4920 ΕΜ,
727 4859 783 4930 περὶ
797 4859 852 4912 τῶκ
865 4859 987 4920 inuiola-
1041 4857 1108 4922 ὃπογ
1127 4859 1231 4924 pireaeo
1250 4859 1358 4924 osiaco
1371 4860 1398 4914 B
1449 4859 1485 4914 36
1503 4867 1573 4914 ant
1589 4867 1685 4918 contra
1696 4859 1730 4913 5⁴

298 4928 582 4991 aaloacuotoiaroruB
603 4928 989 5000 28ncl‘1‘eiF11sis01acod
1040 4931 1074 4984 37
1098 4930 1303 4986 coherceturF
1356 4934 1390 4986 41
1413 4929 1679 4987 si'demuntiauerit
1695 4929 1730 4984 5⁶

299 4999 339 5054 B:
359 5001 498 5070 acatzoicp
512 4999 603 5065 isarna
619 4998 707 5064 ciria,
726 5001 831 5066 om.F¹,
848 5001 990 5057 sifulo
1063 5023 1066 5030 ⁴
