3720 5544
944 269 1059 337 LXllll

289 445 388 503 addv
405 447 443 517 (p.
456 446 608 513 46⁹—54·)
632 450 661 500 et
683 445 719 500 ad
742 446 785 514 33,
798 445 824 500 5.
843 445 915 516 343
937 446 965 500 in
983 447 1036 502 nol.
1050 446 1076 500 ll
1095 444 1184 500 addi
1202 445 1400 514 (p.1·-14·):
1425 459 1460 499 ex
1477 442 1578 500 Tribus
1596 443 1720 515 partibus

289 552 324 608 ad
342 557 448 625 partem
466 551 537 608 tituli
555 552 626 617 36,1
646 550 746 607 ibidem
767 551 1105 622 nod.11(p.15·-32·):
1129 567 1163 607 ex
1182 550 1291 621 digesto
1309 551 1388 607 Nouo
1406 550 1442 606 ad
1460 551 1503 621 43,
1517 552 1559 606 16.
1572 550 1616 604 et.
1629 551 1672 605 32.
1685 551 1721 605 33

288 659 390 715 ibidem
415 658 478 715 add.
495 659 536 714 111
560 660 597 729 (p.
611 658 771 726 33·-4o·).
805 675 868 714 nam
896 673 1061 729 quamquam
1088 659 1135 714 uix
1159 658 1324 728 sperandum
1348 662 1405 728 est,
1428 663 1459 713 ut
1482 657 1529 727 qui
1552 656 1632 713 hodie
1657 660 1723 714 aunt

288 767 355 822 iuris
377 765 525 836 prudentes
548 765 734 822 Haloandrina
757 765 825 836 eripi
850 764 902 822 sibi
923 767 1062 836 patiantur
1085 765 1197 821 criticae
1221 765 1287 821 artis
1312 763 1407 819 umbra
1430 779 1477 834 ea,
1506 779 1561 834 qua
1581 762 1671 820 adhue
1693 768 1721 820 et

289 874 356 930 alios
374 877 403 929 ct
420 888 451 930 se
468 870 655 942 ludificantur,
679 871 824 943 aliquando
843 871 969 943 dimissa,
992 877 1086 929 tamen
1110 888 1201 929 meum
1224 870 1277 928 fuit
1299 872 1425 942 exemplo
1447 871 1586 928 luculento
1609 871 1720 927 demon·

289 986 375 1036 strare
393 981 421 1037 iu
440 995 473 1038 ea
490 980 632 1051 nadabia,
651 995 734 1050 quam
752 979 840 1050 omisi,
860 995 915 1035 non
932 979 1045 1050 reperiri
1063 980 1115 1035 nisi
1134 979 1229 1036 sordes
1247 993 1336 1035 meras
1354 978 1443 1034 bonae
1461 976 1549 1050 frugis
1567 981 1720 1048 expertas1.

288 1092 432 1159 praeterea
453 1087 518 1143 lieet
535 1086 677 1142 iustiniani
700 1086 765 1142 iuris
789 1085 882 1142 uerbis
904 1085 1082 1142 emendandis
1106 1085 1294 1142 additamenta
1318 1087 1364 1141 illa
1384 1100 1438 1142 non
1459 1085 1622 1156 inseruient,
1647 1084 1721 1140 aliud

289 1193 475 1264 declarabunt,
496 1193 570 1264 quod
589 1200 617 1249 et
633 1193 723 1264 ipsum
742 1208 819 1248 onam
838 1193 984 1249 utilitatem
1002 1192 1093 1264 hahet,
1113 1193 1217 1249 scilicet
1234 1192 1371 1264 quomodo
1391 1190 1556 1249 eliberatini
1572 1191 1640 1248 iuris
1658 1206 1720 1262 pru·

289 1301 386 1358 dentes
404 1317 422 1356 a
439 1301 549 1357 saeculo
573 1301 716 1358 undecimo
740 1300 777 1356 ad
802 1303 910 1356 sextum
934 1301 1070 1357 decimum
1092 1301 1120 1356 in
1142 1301 1311 1371 digestorum
1333 1299 1449 1357 lectione
1467 1298 1638 1355 immutanda
1658 1313 1720 1353 oum

290 1408 479 1464 emendatione
502 1406 636 1478 probabili
660 1409 831 1480 repetitaque
856 1405 1003 1480 archetypi
1022 1407 1208 1478 recognitione
1229 1411 1287 1463 tum
1315 1407 1419 1462 incuria
1444 1405 1553 1462 inscitia
1574 1406 1720 1475 interpola·

289 1515 372 1572 tione.
404 1514 478 1585 qnod
496 1518 528 1570 ut
548 1531 603 1571 non
621 1515 801 1572 omittendum
819 1529 882 1570 esse
899 1514 974 1586 duxi,
993 1516 1032 1571 ita
1050 1530 1104 1571 non
1122 1515 1341 1586 persequendum
1359 1529 1409 1584 per
1426 1514 1584 1570 uniuersum
1602 1512 1721 1584 ingentis

289 1621 411 1693 corporis
428 1626 565 1678 tenorem:
589 1639 651 1678 nam
670 1622 698 1678 id
722 1622 796 1693 quod
821 1637 887 1678 nere
909 1622 975 1678 utile
999 1627 1054 1692 est,
1077 1626 1144 1692 puto
1166 1621 1233 1677 satis
1255 1621 1324 1677 disci
1345 1637 1380 1677 er
1400 1637 1484 1692 snpra
1503 1621 1583 1676 dictis
1601 1619 1720 1690 quinque

289 1728 491 1785 additamentis.
519 1728 637 1800 denique
654 1729 707 1786 hoc
724 1728 836 1786 docebit
853 1729 930 1786 uaria
948 1729 1028 1786 lectio
1052 1745 1070 1784 a
1094 1743 1138 1785 me
1157 1729 1254 1799 allata,
1278 1729 1402 1784 nimirum
1422 1743 1483 1798 eos,
1507 1726 1607 1799 quibus
1626 1726 1720 1782 datum

289 1839 333 1892 est
350 1835 468 1906 disemo,
493 1836 596 1892 nariam
616 1837 759 1894 lectionem
778 1836 944 1893 recensionis
962 1835 1143 1892 Bononiemis
1163 1835 1330 1907 adscriptam
1348 1835 1376 1890 in
1394 1834 1513 1891 editione
1531 1833 1722 1890 Gebaueriana

290 1948 319 1998 et
336 1942 400 1999 inde
417 1943 446 1998 in
463 1942 666 2014 Ktiegelianam
683 1945 843 2001 translatam
862 1943 983 2015 pendere
1001 1958 1035 1999 ex
1053 1942 1129 1999 libris
1148 1943 1249 1998 saeculi
1267 1943 1320 2000 XV
1338 1945 1367 1998 et
1384 1943 1464 2013 XVI,
1490 1958 1550 1998 urm
1574 1941 1618 1997 nel
1640 1939 1721 1996 hodie

290 2053 385 2106 extent
402 2050 461 2106 eius
477 2051 587 2121 generis
605 2051 714 2108 codices
732 2051 862 2108 trecentis
880 2050 1020 2106 minimum
1040 2051 1118 2106 annis
1131 2049 1297 2120 antiquiores
1310 2049 1451 2121 possitque
1469 2053 1543 2105 corte
1560 2063 1610 2119 pro
1629 2061 1721 2104 recen·

289 2157 367 2214 sione
384 2156 543 2214 Burtoliana
560 2163 589 2215 et
606 2159 740 2215 Politiana
758 2157 887 2214 substitui
906 2173 948 2228 ea,
967 2172 1049 2228 qnam
1068 2157 1251 2214 adhibuerunt
1269 2163 1398 2228 quattuor
1415 2156 1551 2212 doctores.

132 2273 260 2323 Bononien-
343 2264 401 2320 Iarn
426 2279 491 2322 uero
514 2264 550 2321 sd
573 2265 686 2321 secundi
711 2264 813 2321 ordinis
837 2265 1004 2337 exemplaria
1021 2265 1211 2337 antiquissima
1228 2269 1257 2322 et
1274 2265 1379 2336 optima
1396 2262 1443 2320 obi
1461 2279 1511 2320 nos
1529 2262 1722 2333 conuertimns,

122 2338 273 2460 nauffinna
290 2370 406 2442 primum
425 2369 477 2427 hoc
494 2376 610 2442 apparet
627 2372 719 2429 omnia
736 2372 903 2430 descendere
921 2387 957 2428 ex
974 2372 1123 2446 archetypo
1142 2372 1286 2442 communi,
1305 2372 1379 2441 quod
1397 2387 1447 2427 nos
1462 2371 1592 2440 deinceps
1604 2369 1722 2440 appella·

127 2463 267 2570 “ifflm'
290 2475 381 2532 bimus
399 2465 555 2535 Secundum
575 2479 626 2547 (S).
653 2480 771 2551 primum
789 2479 843 2536 ista
860 2479 918 2535 siue
937 2479 1084 2550 tripartitio
1102 2480 1162 2534 siue
1174 2479 1390 2549 quadripartitio,
1408 2493 1491 2548 quam
1503 2474 1723 2533 Bononiensibus

290 2585 422 2656 exemplis
440 2591 575 2657 quotquot
592 2591 688 2643 extant
705 2587 815 2644 insitam
832 2601 895 2642 esse
913 2601 997 2656 snpra
1014 2602 1041 2657 p.
1054 2586 1188 2642 XXXXV
1207 2585 1341 2657 uidimus,
1365 2586 1517 2642 communis
1534 2583 1647 2654 originis
1665 2597 1721 2638 cer·

290 2697 349 2748 tum
368 2692 496 2749 indicium
515 2698 571 2749 ast:
596 2709 658 2749 narn
682 2699 739 2750 tam
757 2693 865 2764 Digeali
883 2694 985 2749 ueteris
1008 2708 1090 2763 quam
1109 2692 1242 2749 lniortiati
1260 2693 1363 2764 proprii
1380 2693 1488 2749 termini
1507 2693 1546 2748 ita
1563 2690 1721 2761 comparati,

291 2802 323 2856 ut
338 2798 444 2855 medias
461 2800 588 2870 periodos
606 2801 812 2871 interrumpunt,
831 2801 940 2858 omnino
959 2799 1103 2871 repetendi
1120 2805 1185 2856 sunt
1201 2815 1236 2856 ex
1255 2800 1349 2857 codice
1367 2799 1516 2872 archetypo
1533 2798 1598 2854 olim
1609 2798 1643 2854 iia
1655 2797 1722 2854 locis

291 2921 358 2962 casn
380 2905 497 2964 ffluulso.
530 2906 628 2964 deinde
646 2907 754 2964 Ueteris
775 2907 876 2979 digesti
902 2907 1012 2964 codices
1032 2907 1214 2978 antiquissimi
1232 2909 1348 2979 quiquo,
1370 2908 1399 2964 in
1417 2906 1458 2963 his
1477 2922 1494 2962 a
1512 2904 1590 2962 uobis
1608 2903 1723 2961 adhibiti

291 3027 401 3084 omues,
426 3014 557 3085 originem
581 3029 752 3072 communem
777 3019 853 3070 certa
875 3016 980 3071 ratione
999 3013 1139 3071 declarant
1155 3015 1367 3086 transpositione
1386 3029 1433 3086 ea,
1456 3029 1538 3084 quam
1557 3012 1723 3084 archetypus

290 3119 360 3177 liber
376 3135 476 3192 passus
492 3127 537 3178 est
553 3121 582 3178 in
599 3120 667 3178 libro
682 3122 806 3178 XXIII’:
824 3137 895 3193 quae
913 3121 987 3193 quod
1005 3125 1080 3178 etex
1099 3121 1132 3177 iis
1149 3120 1225 3178 libris
1244 3121 1370 3178 omuibus
1388 3120 1497 3177 sublata
1515 3124 1558 3176 eat
1576 3118 1611 3175 ab
1630 3133 1721 3175 emen·

291 3227 387 3284 datore
410 3243 499 3300 neque
523 3229 552 3285 in
568 3228 788 3286 Bononiensibus
811 3230 910 3286 aetatis
928 3229 1087 3286 recentioris
1105 3229 1222 3299 amplius
1240 3229 1388 3301 reperitur,
1411 3227 1530 3299 pertinet
1547 3227 1583 3283 ad
1601 3240 1662 3297 eas,
1686 3225 1722 3281 de

291 3333 390 3407 quibus
413 3333 495 3392 modo
516 3335 648 3408 diximus,
674 3335 804 3408 pristinae
828 3336 937 3393 lectioni
961 3335 1128 3392 Bononiensi
1152 3351 1186 3391 ex
1210 3335 1367 3392 Florentino
1390 3333 1458 3404 libro
1482 3335 1572 3390 illatas
1594 3331 1722 3390 emenda·

291 3441 388 3498 tiones.
422 3441 494 3499 idem
517 3441 636 3512 probant
657 3443 792 3498 innumeri
815 3443 868 3498 loci
889 3443 992 3513 pariter
1017 3448 1065 3498 ant
1086 3443 1206 3514 corrupti
1230 3448 1279 3498 ant
1302 3441 1408 3498 hiantes
1432 3445 1481 3498 aut
1503 3441 1575 3497 rnule
1597 3441 1671 3496 aucti
1694 3441 1723 3496 in

291 3547 430 3605 codicibus
452 3549 565 3605 secundi
583 3549 685 3606 ordinis
703 3547 829 3606 omuibus
848 3551 877 3604 et
893 3548 921 3604 in
939 3548 1038 3605 Uetere
1057 3553 1086 3606 et
1102 3549 1131 3604 in
1149 3548 1291 3606 lniortiato
1309 3555 1337 3606 et
1354 3550 1382 3605 iu
1400 3549 1493 3606 Nouo:
1518 3549 1595 3604 cuius
1612 3548 1723 3621 generis

292 3670 353 3712 cum
371 3656 503 3727 plurimos
521 3656 679 3728 suppeditet
696 3656 772 3712 uaria
789 3655 870 3711 lectio
888 3655 916 3710 in
934 3654 1054 3711 editione
1075 3656 1171 3728 mata,
1193 3655 1238 3712 hio
1261 3671 1316 3713 non
1337 3657 1392 3713 cito
1412 3655 1465 3712 nisi
1486 3657 1577 3726 capita
1597 3655 1723 3728 supposi-

290 3762 357 3818 tioia
374 3762 395 3834 1,
408 3763 469 3834 281,
482 3765 526 3820 29.
544 3763 605 3834 aot,
618 3763 661 3819 35.
679 3763 740 3832 859,
753 3763 796 3817 39.
820 3762 854 3832 ll,
869 3763 911 3832 13,
923 3762 950 3818 8.
969 3763 1030 3834 582,
1043 3763 1087 3818 38.
1106 3765 1167 3834 628,
1179 3763 1214 3818 35
1232 3769 1340 3834 roperta
1361 3764 1415 3820 alia
1432 3763 1460 3818 in
1478 3763 1600 3834 Ueteris,
1623 3762 1677 3818 alia
1694 3763 1722 3818 in

291 3866 440 3940 lniortiati,
468 3869 523 3926 alia
545 3870 573 3926 in
596 3869 668 3926 Noui
690 3866 767 3924 libris
791 3866 917 3924 omnibus
940 3874 1075 3940 quotquot
1100 3875 1256 3940 supersunt.
1290 3869 1453 3926 lectionibus
1476 3869 1625 3941 archetypo
1648 3884 1721 3926 com·

346 4066 355 4099 ¹
379 4063 465 4116 Simile
487 4065 547 4133 quid
569 4072 669 4118 secutus
693 4083 748 4117 sum
770 4065 796 4116 in
821 4066 985 4132 proponenda
1006 4066 1032 4117 in
1055 4065 1129 4118 uoLI
1147 4083 1206 4133 app.
1220 4066 1269 4117 1111
1293 4067 1328 4133 (p.
1341 4065 1491 4134 35·-4e·)
1513 4066 1722 4133 interpretatione

292 4151 396 4220 uulgata
414 4153 567 4206 Graecorum
584 4154 721 4208 Modestini
739 4155 887 4206 insertorum
909 4155 979 4207 libris
1002 4155 1156 4222 digestorum
1180 4156 1298 4208 uicesimo
1323 4165 1393 4208 sexto
1416 4167 1444 4209 et
1465 4155 1583 4208 uicesimo
1606 4155 1721 4221 septimo.

292 4241 356 4295 haee
373 4243 439 4295 euim
457 4261 513 4296 curn
530 4243 605 4296 hodie
623 4244 698 4312 uulgo
716 4244 833 4296 credatur
850 4244 918 4295 iacta
936 4243 1035 4296 saeculo
1054 4244 1200 4307 Iustiniauo,
1219 4245 1246 4296 id
1263 4245 1285 4296 si
1302 4263 1390 4297 uerum
1407 4253 1483 4307 esset,
1504 4262 1554 4296 nou
1573 4243 1652 4296 solum
1669 4244 1720 4295 uti-

291 4330 412 4386 lissimum
430 4334 566 4386 subsidium
584 4335 717 4402 praeheret
730 4333 764 4386 ad
776 4333 934 4386 emendanda
945 4333 1140 4397 Modestiniana,
1159 4334 1205 4387 sed
1223 4335 1299 4388 stiam
1315 4335 1363 4386 hoo
1381 4335 1542 4387 statuendum
1553 4342 1621 4386 esset
1633 4341 1720 4400 poste·

292 4421 370 4474 riores
388 4423 488 4475 demum
505 4423 677 4476 Bononienses
700 4441 730 4476 eo
749 4423 867 4476 messuro
886 4423 978 4490 potitos
1000 4439 1068 4474 esse:
1093 4441 1152 4475 nam
1172 4424 1289 4476 omittunt
1311 4442 1367 4477 eam
1387 4423 1444 4476 libri
1465 4441 1550 4476 eorum
1571 4421 1721 4476 uetustiores

292 4511 332 4576 (ut
345 4509 446 4580 WDE)
459 4521 614 4580 apparetque
632 4513 802 4565 tantummodo
820 4511 846 4563 in
857 4511 1043 4566 ,munenibus
1062 4511 1101 4579 (ut
1118 4511 1169 4567 10:
1188 4513 1221 4564 sle
1233 4513 1265 4567 K
1278 4514 1336 4566 uide
1354 4532 1379 4581 p.
1392 4513 1433 4580 h).
1460 4529 1534 4579 quom
1552 4513 1584 4565 ob
1602 4528 1655 4563 rem
1673 4512 1720 4564 ‹le-

291 4609 431 4652 monstrare
449 4602 524 4654 debui
542 4619 599 4654 eam
615 4601 757 4654 nersionann
775 4601 894 4669 scriptam
912 4618 1035 4654 essenon
1054 4608 1125 4653 sexto
1144 4601 1244 4654 sacculo
1263 4601 1489 4669 Constantinopoli,
1510 4600 1556 4654 sod
1574 4601 1721 4654 duodecimo

291 4689 367 4752 Pisis,
385 4689 481 4742 scilicet
497 4708 514 4742 a
525 4689 712 4758 Burgundione.
738 4691 806 4759 quod
823 4691 872 4742 ieci
888 4689 994 4742 inuitus:
1013 4707 1071 4742 nam
1088 4689 1220 4743 molestum
1238 4701 1278 4744 est
1295 4699 1434 4744 commenta
1449 4689 1565 4742 refellere
1576 4707 1627 4742 non
1639 4689 1722 4742 minus

291 4778 448 4831 inmedibilia
465 4797 540 4846 quam
557 4780 633 4848 uulgo
651 4780 755 4832 medita.
785 4779 916 4832 occasione
933 4778 1018 4832 oblata
1036 4777 1108 4830 simul
1125 4780 1259 4832 ostendero
1277 4781 1354 4843 uolui,
1372 4780 1495 4847 quomodo
1513 4779 1630 4832 differant
1645 4787 1720 4830 uatu-

293 4867 381 4921 stiores
399 4867 456 4920 libri
473 4868 647 4922 Bononienaes
665 4867 876 4921 innocentioribus
894 4869 920 4920 in
938 4867 1034 4920 Latinis
1052 4867 1091 4919 his
1109 4868 1150 4920 uel
1169 4868 1313 4922 omittendis
1330 4869 1372 4922 uel
1389 4869 1521 4937 ponendis.
1625 4867 1721 4921 ²Uide

292 4957 326 5009 ad
343 4957 364 5020 1,
377 4957 438 5020 ota,
454 4955 493 5010 17.
521 4976 577 5012 eam
595 4957 814 5026 banspositiouem
835 4957 923 5010 tabula
945 4955 1056 5011 secunda
1079 4957 1198 5011 uolumini
1220 4959 1297 5027 priori
1321 4960 1420 5012 adiecta
1437 4959 1521 5026 aliqua
1538 4975 1569 5011 ex
1587 4967 1659 5026 parte
1677 4975 1720 5010 re·

292 5056 446 5113 praesentat.
721 5059 723 5062 “
