3812 5598
259 217 407 286 XXVllll
432 220 446 282 1
473 224 587 278 18-21
936 207 1024 289 870
1403 231 1451 279 nn
1474 230 1703 280 rssnmmsno

257 377 341 446 ritur,
366 380 502 445 quatenns
525 373 685 428 minuentur
707 389 754 444 ea,
777 374 805 429 in
828 372 928 444 quibus
946 370 1069 428 Falcidia
1091 371 1182 426 locum
1204 368 1298 426 hebet.
1325 369 1546 428 commodissime
1564 376 1658 428 autem
1676 370 1705 427 id

259 470 404 534 statuetur,
424 468 455 519 ιιι
472 478 507 517 ex
525 462 705 518 uniuersitate
723 462 856 518 bonorum
875 463 903 517 in
922 461 1039 516 solidum
1058 460 1153 515 solutes
1170 460 1269 529 legatie
1287 473 1358 529 quse
1375 463 1543 515 testamento
1562 459 1641 516 miles
1657 459 1704 516 dc·

259 555 338 610 derat
361 553 389 608 id
408 551 482 623 quod
500 552 636 621 supererit
652 568 702 623 pro
721 551 854 608 dodrante
873 556 902 606 et
918 549 1072 620 quadrante
1089 548 1230 604 diuidatur
1246 549 1317 604 inter
1333 547 1450 604 heredes
1469 553 1498 603 et
1515 563 1580 619 eos,
1604 548 1705 620 quibus

227 653 241 697 1
260 643 390 698 codicillis
413 642 506 710 legata
530 640 597 695 data
620 647 692 696 sunt.
734 641 805 708 Quid
829 656 895 710 crgo
918 639 942 694 si
966 643 1129 693 consumant
1153 639 1344 694 uniuersorum
1366 636 1502 693 bonorum
1524 639 1705 708 quantitatem

258 733 352 802 legate
371 745 441 800 quae
459 731 625 785 testamento
644 729 710 784 data
728 733 805 800 sunt,
824 733 915 784 utrum
932 727 1000 782 nihil
1017 725 1105 782 terent
1122 726 1164 797 hi,
1187 725 1286 797 quibus
1305 725 1435 782 codicillis
1454 727 1577 796 legatum
1594 733 1651 798 eat,
1669 744 1707 784 ιιι
1725 731 1740 774 ⁸

260 821 383 891 aliquid?
406 826 435 874 et
452 819 596 889 quoniam,
621 818 644 874 si
662 817 752 874 adhuc
771 818 849 872 miles
866 817 935 872 baec
953 831 1062 886 quoque
1080 817 1214 886 legasset,
1238 813 1481 872 contribuebantnr
1499 816 1592 872 omnis
1609 820 1639 872 et
1654 832 1707 887 pro

260 917 321 966 rata
344 925 380 965 ex
403 907 531 964 omnibus
556 906 709 962 decedebat
733 921 767 961 ea
789 907 893 976 portio,
916 921 999 976 quam
1018 906 1135 976 amplius
1152 906 1296 975 legauerat
1312 920 1394 974 qnam
1412 905 1442 959 in
1460 903 1540 962 bonis
1562 904 1707 977 habuerat,

259 1014 333 1055 nunc
355 1012 464 1067 quoque
487 997 559 1052 idem
583 995 646 1052 fiet:
670 995 770 1050 deinde
791 996 941 1050 constituta
958 994 1113 1064 quantitate
1130 995 1283 1064 legatorum
1301 1009 1373 1064 quae
1391 993 1523 1050 codicillis
1540 993 1608 1050 duta
1624 998 1707 1050 sunt¹

261 1103 296 1143 ex
313 1103 429 1156 summa,
449 1101 520 1156 quae
538 1083 709 1140 efficiebatur
727 1083 833 1155 debita,
852 1085 876 1139 si
895 1098 982 1153 aequo
1001 1084 1060 1138 iure
1078 1083 1171 1139 omnis
1188 1082 1363 1153 deberentur,
1381 1089 1507 1153 querum
1526 1083 1647 1138 deducet
1663 1082 1708 1138 his

227 1186 243 1232 a
261 1177 335 1245 solis,
353 1175 453 1245 quibus
472 1173 606 1229 codicillis
623 1173 732 1242 legata¹
750 1179 822 1230 sunt.
860 1173 940 1240 Quod
957 1173 982 1229 si
999 1177 1063 1243 post
1081 1177 1197 1242 utraque
1215 1173 1308 1242 legata
1325 1172 1413 1228 solida
1431 1175 1593 1242 computata
1611 1171 1708 1242 depre-
1729 1177 1758 1215 ¹⁰

260 1265 433 1333 benderetur,
453 1262 526 1333 quod
544 1268 685 1317 remaneat
702 1262 778 1332 opud
795 1261 940 1331 heredem,
959 1277 1014 1318 non
1032 1267 1124 1316 tamen
1143 1259 1282 1318 sufficiens
1301 1267 1416 1331 quartae
1434 1260 1585 1317 eorundem
1601 1261 1709 1330 legulo-

260 1371 334 1410 rum:
354 1352 428 1423 qnod
446 1354 472 1408 ei
491 1352 578 1421 deest,
598 1351 757 1406 detrahatur
774 1350 817 1407 his
835 1352 910 1422 solis,
929 1350 1029 1422 quibus
1047 1349 1179 1406 codicillis
1197 1351 1289 1419 legata
1307 1349 1373 1406 deta
1390 1355 1463 1406 sunt

204 1441 242 1500 19
315 1441 466 1498 Unrrauus
483 1441 552 1497 libro
571 1443 669 1510 quarto
688 1439 913 1510 disputationum.
950 1439 1145 1510 Quaerebatnr,
1164 1439 1187 1494 si
1206 1439 1292 1509 miles,
1310 1439 1358 1508 qui
1376 1438 1423 1494 ha·
1441 1432 1751 1522 QS

261 1529 345 1586 bebat
367 1531 422 1586 iam
446 1529 549 1586 iactum
574 1533 784 1598 testamentum,
808 1529 883 1584 alind
906 1527 1019 1586 iecisset
1042 1527 1122 1583 etin
1145 1542 1178 1582 eo
1203 1527 1453 1598 comprehendisset
1469 1547 1498 1583 ιι
1515 1526 1582 1582 fidei
1598 1527 1710 1583 heredis

261 1619 440 1690 committere,
460 1623 492 1674 ut
509 1619 614 1690 priores
632 1617 743 1674 tabulae
761 1619 894 1688 ualerent,
912 1617 979 1688 quid
996 1617 1063 1674 iuris
1082 1620 1165 1672 esset
1193 1615 1333 1673 dicebam:
1353 1616 1431 1672 militi
1448 1616 1515 1671 licet
1531 1616 1612 1687 plura
1622 1621 1710 1671 ιιιιι
1731 1621 1760 1662 ¹⁵

261 1713 355 1764 menta
372 1706 472 1777 facere,
491 1707 558 1764 sed⁸
571 1707 631 1762 sine
649 1707 728 1762 simul
746 1704 843 1762 iecerit
860 1707 919 1763 siue
938 1707 1095 1776 separatim,
1114 1705 1210 1775 ntique
1227 1704 1368 1775 calebunt,
1386 1705 1410 1761 si
1427 1704 1480 1760 hcc
1493 1705 1651 1776 specialiter
1662 1720 1711 1760 ex-

260 1798 406 1868 presserit,
431 1813 483 1852 nec
502 1797 628 1866 superius
645 1811 695 1866 per
712 1794 825 1851 inferius
843 1800 997 1866 rumpetur,
1021 1811 1084 1851 cum
1103 1798 1132 1850 et
1149 1809 1184 1849 ex
1201 1799 1279 1863 parte
1300 1793 1429 1850 heredem
1447 1794 1593 1849 instituere
1611 1793 1712 1864 possit,

261 1886 314 1942 hoc
331 1891 374 1942 est
391 1900 427 1941 ex
443 1891 521 1956 perte
540 1889 650 1954 testato,
670 1899 704 1939 ex
717 1889 795 1954 parte
807 1884 939 1942 intestato
951 1884 1092 1942 decedere.
1117 1884 1182 1953 quin
1195 1883 1277 1939 immo
1290 1888 1319 1938 et
1330 1883 1355 1938 si
1367 1882 1506 1938 codicillos
1519 1888 1584 1938 anta
1595 1881 1713 1954 iecerat,

261 1975 364 2046 poterit
386 1990 435 2030 eos
459 1990 510 2044 per
533 1977 728 2029 tenimentum
752 1988 871 2044 sequens
891 1973 1015 2030 cauendo
1032 1973 1062 2028 in
1078 1976 1244 2043 potestatem
1263 1972 1441 2028 iustitutionis
1459 1971 1585 2042 redigere
1603 1977 1634 2028 et
1650 1970 1712 2028 effi-

262 2079 324 2120 cere
351 2063 482 2118 directam
508 2062 720 2132 institutionem,
745 2077 817 2132 quae
839 2067 899 2118 erat
915 2063 1047 2133 precaria.
1081 2061 1233 2117 secundum
1251 2060 1320 2116 haec
1337 2062 1366 2117 in
1383 2062 1526 2132 proposito
1543 2059 1712 2132 referebam,
1732 2068 1762 2108 t·

261 2153 286 2208 si
303 2152 355 2208 hoc
374 2152 464 2207 animo
483 2149 565 2206 fuerit
582 2151 668 2222 miles,
688 2155 719 2206 ut
736 2152 841 2206 ualeret
858 2151 934 2222 prius
952 2150 1056 2207 factum
1074 2155 1278 2220 testamentum,
1297 2149 1326 2206 id
1344 2150 1418 2221 quod
1436 2151 1617 2206 cauitnalere
1629 2165 1713 2220 opor·

262 2247 321 2297 tere
345 2256 378 2296 ac
401 2256 451 2311 per
475 2240 527 2296 hoc
551 2239 636 2310 ellici,
662 2245 694 2295 ut
717 2240 772 2296 duo
793 2245 960 2296 uelamenta
978 2241 1040 2296 sint.
1068 2239 1117 2295 sed
1135 2240 1164 2294 in
1181 2239 1323 2310 proposito
1341 2254 1403 2294 cum
1422 2237 1490 2295 fidet
1506 2239 1617 2295 heredis
1635 2254 1713 2294 conr·

262 2330 400 2400 mittatur,
425 2333 457 2384 nt
479 2330 572 2384 ualeat
594 2330 670 2401 prins
693 2333 903 2400 testamentum,
929 2333 1044 2400 apparet
1065 2344 1128 2386 eum
1153 2343 1207 2384 non
1229 2328 1291 2399 ipso
1311 2329 1370 2384 iure
1388 2331 1482 2384 uslere
1499 2329 1637 2397 noluisse,
1659 2328 1714 2384 sed

262 2419 351 2488 mapa
377 2433 427 2489 per
453 2417 708 2488 fideicommissum,
734 2417 764 2474 id
787 2419 882 2476 estin
905 2433 1017 2474 causam
1040 2416 1244 2474 fideicommissi
1268 2422 1298 2472 at
1320 2417 1507 2474 codicillorum
1530 2418 1588 2472 niun
1609 2417 1714 2486 prioris

231 2507 421 2562 1testamanti
444 2507 621 2562 conuertisse.
658 2507 755 2564 Utrum
780 2511 872 2564 autem
894 2512 984 2564 tumn
1007 2509 1204 2564 testamentum
1222 2507 1250 2562 in
1269 2521 1330 2563 eum
1348 2520 1461 2562 caumm
1479 2521 1644 2562 conuersum
1663 2507 1714 2578 ait,
1734 2515 1763 2556 ιι

262 2595 316 2652 hoc
333 2600 377 2651 ost
400 2600 429 2651 et
445 2595 555 2652 heredis
572 2597 722 2667 institutio,
746 2613 782 2652 en
800 2611 866 2652 uero
884 2598 977 2667 legata
993 2599 1101 2652 tantum
1123 2600 1152 2650 et
1168 2593 1381 2652 fideicommissa
1397 2599 1427 2650 et
1443 2594 1600 2666 libertates,
1625 2611 1714 2666 quse·

263 2684 340 2740 uitur.
368 2683 417 2740 sed
442 2684 508 2741 milri
531 2684 641 2742 uidetur
664 2700 719 2741 non
739 2686 827 2742 solum
846 2691 940 2742 cetere
954 2690 1064 2756 praeter
1081 2685 1279 2740 institutionem
1297 2684 1422 2755 heredis,
1445 2684 1496 2740 aed
1513 2689 1543 2740 et
1559 2685 1650 2754 ipsum
1669 2685 1714 2741 iu·

263 2774 434 2830 stitutionem
457 2773 486 2828 in
506 2773 515 2846 ll
535 2790 647 2830 causam
670 2773 874 2830 fideicommissi
891 2775 1021 2844 nerdsse,
1044 2775 1097 2830 nisi
1115 2775 1189 2830 aliud
1206 2778 1365 2832 testatorem
1389 2773 1551 2844 scripsisse‘
1567 2773 1713 2844 probetur.
1731 2779 1801 2827 tras

231 2872 247 2919 a
264 2862 294 2919 Si
312 2864 374 2933 quis
392 2879 410 2918 a
428 2863 513 2919 mibte
531 2861 613 2918 heres
630 2863 666 2917 ad
684 2865 794 2934 tempus
812 2863 930 2933 sorlptua
948 2868 1023 2918 esset
1040 2866 1069 2918 et
1081 2863 1150 2919 alius
1163 2879 1197 2920 cx
1208 2869 1341 2934 tempore,
1358 2863 1508 2934 quaeritur,
1526 2879 1561 2918 an
1573 2863 1715 2933 posterior

263 2951 344 3008 heres
361 2968 381 3008 ι
396 2952 488 3023 priore
505 2952 602 3008 relicte
618 2953 710 3023 legata
727 2951 819 3008 debet
853 2956 883 3007 et
900 2951 1017 3010 arbitror
1033 2951 1107 3008 hunc
1124 2969 1179 3010 non
1197 2952 1307 3023 debere,
1325 2953 1379 3008 nisi
1396 2953 1451 3008 ulis
1468 2951 1597 3008 uoluntas
1615 2952 1714 3008 militis
1734 2962 1763 3003 ιι

262 3040 402 3113 probetur.

207 3127 248 3187 20
317 3130 460 3187 quauus
483 3127 552 3185 libro
575 3129 706 3186 uicesimo
729 3131 847 3200 septimo
874 3129 1052 3201 digestorum.
1092 3128 1231 3188 Tribunus
1254 3130 1370 3186 militum
1393 3130 1418 3186 si
1440 3131 1515 3186 intra
1545 3141 1668 3199 uacat,
1681 3145 1714 3192 re
1733 3134 1756 3190 8

265 3218 324 3274 dies
343 3221 459 3288 certosl,
478 3233 560 3288 quam
579 3233 723 3276 successor
741 3219 800 3274 eius
817 3220 847 3275 in
864 3223 956 3276 casua
972 3222 1095 3289 nanerct,
1114 3235 1228 3276 manens
1246 3219 1274 3276 in
1293 3219 1390 3276 caetris
1408 3219 1548 3276 codicillos
1565 3207 1716 3278 iecen'Te't

264 3305 303 3364 ibi
322 3307 479 3376 decesserit,
499 3307 628 3376 quoniam
647 3305 749 3363 desinit
766 3307 858 3362 militis
876 3308 936 3364 loco
954 3306 1058 3376 baberi,
1075 3313 1222 3379 postquam
1241 3323 1385 3365 successor
1402 3309 1462 3365 eius
1474 3309 1503 3364 in
1515 3314 1607 3365 centn
1623 3311 1714 3381 uenit,

233 3406 246 3451 1
264 3396 327 3452 ideo
351 3396 490 3452 communi
513 3396 571 3451 iure
596 3396 697 3451 ciuium
715 3395 900 3452 Romanorum
924 3395 1042 3452 codicilli
1062 3397 1121 3452 eius
1139 3399 1303 3456 aestimandi
1320 3403 1393 3454 sunt
1430 3397 1501 3454 (lum
1518 3398 1619 3468 aliquia
1635 3397 1715 3456 tecto
1733 3411 1764 3452 ιι

265 3489 431 3542 testamento
455 3485 571 3540 militare
593 3485 729 3555 coeperit,
752 3485 782 3540 id
805 3501 915 3557 quoque
937 3489 1147 3556 testamentum,
1170 3487 1246 3557 qnod
1269 3491 1333 3544 ante
1351 3503 1434 3558 quam
1452 3487 1570 3542 militare
1588 3489 1717 3559 coeperit

265 3572 377 3644 lecerat,
396 3573 488 3643 aliquo
505 3588 573 3628 casu
591 3573 758 3643 intellegitur
775 3575 888 3631 militise
899 3579 1022 3646 tempore
1034 3573 1147 3646 tectum,
1166 3576 1252 3632 ueluti
1263 3577 1288 3632 si
1299 3575 1409 3632 tubulus
1420 3577 1548 3632 inciderit
1565 3581 1595 3632 et
1611 3577 1716 3648 legerit

265 3666 461 3718 testamentum
486 3677 519 3717 ao
540 3677 635 3718 rursus
652 3676 704 3719 suo
722 3663 802 3734 signo
820 3664 984 3734 signauerit,
1009 3664 1126 3734 amplius
1148 3666 1173 3721 si
1196 3670 1225 3721 et
1243 3665 1347 3737 aliquid
1363 3665 1533 3722 interlenerit
1549 3665 1716 3736 perduxerit

266 3751 398 3808 adiecerit
415 3750 615 3806 emendauarit:
639 3751 714 3822 quod
737 3753 760 3808 si
784 3752 850 3810 nihil
872 3751 1025 3810 bonorum⁶
1041 3753 1179 3824 inciderit,
1202 3759 1398 3812 resumentem
1422 3755 1481 3810 eius
1505 3755 1541 3810 ed
1564 3756 1716 3826 priuilegio

266 3840 382 3896 militurn
401 3855 455 3896 non
472 3839 629 3910 pertinebit.
1733 3858 1762 3899 ιι

209 3937 247 3997 21
319 3927 492 3986 Αιιιιοιιιιιι
509 3928 579 3985 libro
597 3934 693 3998 quurtc
711 3929 911 4000 quaestionum.
948 3929 1028 3997 Quot
1045 3930 1224 3988 constitutum
1242 3935 1294 4003 eat,
1316 3937 1348 3988 ut
1364 3936 1514 3990 mstsmen·
1531 3929 1754 4019 [ΜΒ

265 4022 325 4074 tum
344 4015 457 4073 militiae
474 4022 597 4088 tempore
615 4015 719 4074 tactum
737 4019 820 4074 etiam
838 4019 912 4075 intre
929 4035 1030 4076 annum
1048 4025 1112 4091 post
1129 4021 1286 4078 missionem
1298 4022 1411 4093 aderet,
1429 4027 1564 4093 quantum
1575 4024 1612 4080 cd
1624 4024 1714 4080 nerbc

266 4115 490 4185 munuum)

268 4233 368 4338 :quse
392 4229 523 4315 epdicillis
546 4229 613 4286 datu
636 4236 711 4324 sunt¹
724 4233 772 4287 dcl.
851 4233 953 4288 ’data
975 4241 1022 4288 tna.
1048 4233 1181 4341 (Vooroclc)
1252 4233 1336 4326 'ati
1405 4235 1561 4328 {pensiero
1584 4235 1713 4328 (Fflbfflff

267 4301 946 4432 tarr„eructuet-cruram
963 4305 989 4370 ⁶³
1005 4303 1054 4372 u
1268 4307 1303 4374 u
1322 4305 1370 4374 u
1465 4309 1615 4363 ιιι
1630 4311 1712 4364 u

268 4495 422 4566 aeolidum]
432 4497 574 4552 solitusF¹
590 4497 595 4564 Ι
612 4497 862 4567 solutis1eolitusl'
884 4499 961 4555 3du·
1015 4499 1078 4571 pole,
1095 4499 1213 4566 simelF,
1228 4501 1314 4556 semel
1327 4499 1449 4571 wutcl
1464 4499 1713 4572 expr's'eeseritli‘

268 4566 633 4639 montembardum,
651 4568 828 4625 are‘e'deaF⁸
867 4571 961 4628 lcon-
1016 4573 1049 4627 ll
1067 4569 1370 4642 superins‘perius'per
1386 4573 1424 4627 F’
1477 4575 1515 4631 ιθ
1531 4575 1675 4644 praecum
1690 4575 1718 4628 F

268 4655 381 4694 sumans
399 4639 435 4692 ΡΙ
494 4635 659 4695 bleren'd't
674 4639 713 4694 Ε*
749 4641 962 4698 6contrib⁴ne=
1015 4642 1246 4713 tapropositst'
1262 4645 1268 4712 l
1283 4641 1373 4700 tidel'
1407 4644 1712 4714 29postcreereresi'¹

267 4709 418 4766 banturF²
460 4707 592 4765 enarre
634 4711 833 4768 tdedncatF·
869 4715 904 4769 10
916 4713 962 4769 de·
1015 4714 1249 4770 elucescere
1301 4715 1337 4772 35
1354 4715 1491 4772 eiui'li'um
1506 4717 1564 4784 Fi
1584 4731 1712 4772 mustuo-

268 4780 566 4852 pr‘a'ehondereturF'
612 4781 646 4838 14
658 4782 912 4853 comprehendisset
922 4785 963 4854 se]
1015 4799 1075 4840 rum
1086 4784 1128 4841 'ln'
1138 4785 1225 4842 codic.
1244 4783 1281 4838 Γ*
1334 4787 1369 4842 38
1387 4787 1411 4842 ιί
1428 4787 1467 4856 et]
1486 4787 1532 4851 β,
1556 4792 1586 4842 et
1603 4788 1629 4844 si
1645 4787 1710 4852 ΡΙ

269 4851 589 4922 comprehendisseFW,
603 4854 857 4924 comprehendisset
868 4855 967 4912 usto
1016 4856 1185 4926 interlegerit
1202 4855 1239 4910 rt
1291 4857 1327 4912 39
1344 4857 1475 4914 ediecerit
1492 4859 1527 4912 Ρ
1544 4857 1710 4926 ibonomml

270 4924 305 4980 15
322 4924 454 4993 ualerent]
473 4925 595 4994 priorent
609 4924 647 4980 Εἴ
696 4927 731 4981 16
744 4926 833 4996 simul]
843 4927 893 5002 fl)
906 4945 963 4982 euos
1016 4926 1117 4994 FWQ,
1139 4927 1237 4984 horum
1255 4927 1331 4983 DEI
1344 4931 1382 4997 (ιίι
1399 4947 1499 5002 merc.-
1514 4928 1606 5000 Pilais]
1624 4928 1711 4984 bono-

270 4995 311 5051 13.-
329 4993 358 5050 ἒιι
377 4996 416 5064 τῷ
436 4992 508 5064 aiud)
520 4995 600 5069 καιρῷ
664 4997 702 5050 aei
716 4994 745 5051 ὲιι
758 4997 896 5070 eraodpotc
909 5017 963 5052 ιιι·
1015 5000 1087 5066 rum)
1108 4999 1133 5054 0
