3754 5544
267 207 370 275 XVIII
392 210 408 272 1
431 213 548 268 14-24
938 199 1025 281 516
1375 225 1421 272 nn
1444 223 1705 272 corraserant

267 365 336 420 teria
354 370 381 419 et
400 364 531 433 qualitate
550 361 631 417 ambo
650 363 790 418 errarent?
817 369 848 418 ut
863 366 931 432 puta
944 363 966 416 si
979 369 1008 418 ct
1019 378 1072 432 ego
1084 378 1128 417 me
1140 361 1260 416 uendere
1273 377 1369 416 aurum
1381 367 1506 432 putarem
1520 367 1548 417 et
1561 369 1590 418 tn
1604 378 1706 430 emere,

268 469 330 508 enm
355 468 402 507 aes
421 452 513 506 esset?
546 456 577 505 ut
594 457 662 520 puta
679 451 844 506 coheredcs¹
863 453 1001 521 uiriolam,
1026 467 1097 523 quae
1116 467 1200 506 aures
1218 450 1372 520 dicebatur,
1396 453 1483 520 pretio
1502 452 1637 520 exquisito
1657 451 1707 506 uni

261 542 361 598 *heredi
379 542 568 597 uendidissent
586 556 672 609 eaque
690 541 804 595 inuenta
822 545 896 595 esset
914 555 1014 609 magna
1033 556 1067 595 ox
1085 546 1163 610 parte
1182 541 1288 594 aenea?
1314 540 1500 596 uenditionem
1519 555 1580 596 esse
1596 544 1707 595 constat

267 632 338 700 ideo,
356 632 423 702 qnia
439 631 498 686 auri
516 630 619 699 aliquid
636 629 740 684 babuit.
766 645 829 684 nam
849 630 872 683 si
890 630 1044 684 inauratum
1062 629 1164 699 aliquid
1177 630 1221 699 sit,
1239 630 1304 685 licet
1315 645 1368 700 ego
1381 647 1494 686 aureum
1507 635 1611 700 putem,
1629 630 1708 684 umet

267 721 403 776 uenditis:
423 721 446 774 si
465 724 556 774 autem
576 735 622 774 aes
641 735 691 789 pro
710 734 776 773 auro
794 724 902 787 ueneat,
921 735 975 774 non
993 720 1076 774 ualet.
1729 728 1744 768 s

212 809 249 866 15
320 812 439 865 Pauuus
457 809 526 864 libro
545 809 639 879 quinto
654 808 690 862 ad
703 806 844 862 Sabiuum.
871 808 943 862 Etsi
956 824 1119 876 eonsensum
1131 806 1214 863 fuerit
1226 807 1253 863 in
1267 824 1374 878 corpus,
1392 809 1420 862 id
1432 814 1525 863 tamen
1545 802 1708 890 [3.ἶὸᾟέ
1743 810 1765 864 S

235 909 246 955 1
266 900 294 954 in
307 915 396 954 rerum
410 905 507 953 natura
520 903 583 952 ante
596 897 779 952 uenditionem
794 913 854 952 esse
867 897 986 968 desierit,
1005 899 1079 953 nulla
1091 899 1193 968 emptio
1206 902 1257 954 est.
1284 898 1441 968 Ignorantia
1453 898 1571 966 emptori
1583 883 1708 966 prodest,

235 997 249 1042 2
267 1005 338 1059 qnae
356 989 457 1044 nonin
476 989 603 1057 supinum
622 986 758 1042 hominem
777 987 859 1041 cadit.
888 985 916 1042 Si
934 1003 990 1042 rem
1010 1003 1099 1042 meam
1118 988 1184 1043 mihi
1197 988 1331 1056 ignoranti
1344 985 1500 1041 uendideris
1512 991 1541 1040 et
1553 987 1628 1040 iussu
1641 1001 1708 1040 meo

268 1080 312 1135 alii
330 1078 482 1147 tradideris,
502 1093 556 1132 non
573 1081 654 1146 putat
671 1076 837 1146 Pomponius
856 1076 1004 1131 dominium
1024 1093 1115 1132 meum
1133 1078 1257 1145 transire,
1276 1076 1403 1145 quoniam
1423 1090 1477 1131 non
1495 1075 1548 1130 hoo
1564 1075 1631 1129 mihi
1641 1089 1708 1144 pro-

266 1169 386 1238 positum
405 1166 464 1236 init,
484 1167 532 1220 sed
552 1166 629 1235 quasi
647 1171 726 1220 tuum
744 1165 893 1220 dominium
913 1165 948 1219 ad
966 1181 1028 1221 eum
1046 1167 1177 1221 transire:
1196 1171 1224 1221 et
1242 1165 1304 1220 ideo
1323 1167 1406 1220 etiam
1425 1165 1448 1220 si
1467 1164 1619 1220 donaturus
1637 1162 1709 1218 mihi
1730 1174 1759 1212 ιο

267 1273 324 1313 rsm
343 1273 431 1312 meam
449 1257 526 1310 iussu
544 1270 605 1309 meo
623 1255 668 1309 alii
686 1254 788 1324 tradas,
807 1255 879 1310 idem
898 1255 1044 1311 dicendum
1063 1257 1122 1310 erit.

211 1343 248 1400 16
320 1347 492 1403 Postremus
509 1343 578 1399 libro
598 1358 669 1398 nono
688 1344 723 1398 ad
742 1343 883 1400 Sabinum.
917 1344 989 1400 Suae
1007 1346 1046 1400 rei
1065 1345 1167 1415 emptio
1186 1360 1240 1399 non
1257 1344 1341 1413 ualet,
1360 1343 1419 1398 siue
1437 1343 1527 1398 sciens
1560 1354 1708 1422 aran-rt
1742 1347 1763 1400 S

267 1436 326 1490 siue
344 1435 473 1504 ignorans
492 1434 559 1488 emi:
578 1432 627 1487 sed
647 1433 669 1487 si
687 1433 816 1502 ignorans
835 1435 897 1504 emi,
915 1434 989 1504 quod
1007 1435 1114 1490 soluere
1132 1440 1256 1502 repetere
1275 1438 1378 1502 potero,
1397 1433 1462 1502 quia
1479 1431 1554 1486 nulla
1572 1419 1708 1500 obligatio

235 1532 245 1577 1
266 1523 325 1579 tuit.
354 1525 411 1578 Nec
428 1529 522 1579 tamen
539 1523 670 1592 emptioni
689 1523 789 1592 obstat,
809 1509 878 1578 si'in
896 1539 931 1579 ea
948 1540 977 1579 re
996 1521 1185 1579 ususfructus
1204 1522 1347 1577 dumtaxat
1364 1522 1479 1577 ementis
1497 1522 1547 1576 sit:
1729 1534 1760 1573 rs

210 1610 248 1668 1⁷
319 1613 438 1669 riscus
461 1611 530 1668 libro
553 1612 712 1682 tetgensimo
735 1613 815 1668 tertio
840 1613 876 1668 ad
900 1613 1028 1668 edictum.
1066 1610 1156 1668 officio
1179 1617 1272 1667 tamen
1293 1611 1391 1666 iudicis
1409 1611 1526 1682 pretium
1546 1604 1709 1693 Q
1740 1616 1775 1670 S·

265 1704 410 1758 minuetur.

210 1787 248 1846 18
319 1791 490 1847 Postremus
511 1788 580 1844 libro
602 1804 675 1844 nono
699 1789 735 1844 ad
753 1789 893 1845 Sabinum.
931 1789 986 1845 Sed
1005 1790 1028 1845 ai
1047 1789 1198 1845 communis
1217 1805 1250 1844 ea
1268 1805 1311 1844 res
1329 1789 1445 1860 emptori
1463 1804 1524 1844 curn
1545 1783 1708 1856 Γιῇἷῖῖὁ
1739 1794 1762 1848 S

265 1881 319 1937 alio
342 1881 391 1950 sit,
415 1879 469 1935 dici
487 1878 570 1934 debet
588 1880 674 1934 scisso
692 1881 778 1949 pretio
797 1881 988 1950 proportione
1006 1895 1055 1949 pro
1073 1885 1151 1948 parte
1169 1879 1335 1949 emptionem
1353 1879 1459 1948 ualere,
1482 1894 1533 1949 pro
1551 1865 1708 1949 pa-rteffi

232 1979 245 2024 1
265 1972 365 2026 ualere.
402 1968 431 2024 Si
450 1983 547 2022 seruus
565 1967 668 2023 domini
686 1970 763 2024 iussn
782 1969 810 2023 in
829 1968 1065 2024 demonstrandis¹
1083 1966 1184 2024 tinibus
1202 1969 1261 2038 agri
1280 1967 1386 2024 uenditi
1404 1969 1448 2023 uel
1467 1983 1558 2024 errore
1577 1968 1622 2023 uel
1638 1967 1708 2022 dolo

264 2059 326 2128 plus
344 2056 578 2125 demonatrsuerit,
596 2056 625 2111 id
642 2063 735 2112 tamen
754 2058 970 2114 demonstratum
983 2058 1069 2127 accipi
1082 2063 1198 2128 oportet,
1216 2058 1289 2127 quod
1302 2058 1429 2114 dominus
1441 2057 1571 2112 semerit:
1590 2056 1707 2112 etidern
1728 2069 1757 2108 ao

264 2146 381 2203 Alienus
399 2146 508 2216 scalpsit
525 2145 560 2200 de
579 2161 668 2200 uacua
685 2149 859 2216 possessione
878 2163 927 2218 per
946 2163 1056 2203 seruum
1074 2147 1183 2202 tradita.

209 2235 246 2294 19
318 2237 395 2291 Inna
412 2235 481 2290 libro
499 2235 658 2304 trIgensimo
675 2237 764 2307 primo
783 2237 819 2292 ad
837 2237 965 2303 QuIntum
984 2237 1112 2290 Mucium.
1149 2235 1228 2302 Quod
1245 2236 1357 2292 uendidi
1375 2251 1430 2292 non
1448 2237 1527 2291 aliter
1546 2229 1707 2318 W
1728 2241 1768 2296 'E

264 2323 297 2381 tt
313 2325 481 2395 accipientis,
500 2340 581 2394 quam
601 2326 624 2379 si
641 2328 691 2380 aut
708 2328 825 2397 pretinm
846 2326 924 2382 noble
943 2327 1061 2381 solutum
1080 2325 1117 2381 sit
1135 2329 1183 2380 aut
1200 2325 1267 2380 satis
1280 2341 1313 2381 eo
1326 2326 1434 2382 nomine
1445 2324 1550 2380 facturn
1564 2309 1708 2380 ueletiam

264 2413 347 2470 fidem
365 2413 540 2470 habuerimus
559 2415 675 2484 emptori
693 2417 752 2470 sine
770 2417 825 2472 ulla
843 2415 1038 2471 satisfactione.
1726 2425 1757 2466 aa

207 2503 247 2562 30
317 2504 396 2558 lusu
413 2502 481 2558 libro
499 2519 571 2559 nono
590 2503 626 2558 ad
644 2503 785 2560 Sabinum.
822 2503 940 2560 Sabinus
958 2503 1112 2576 respondit,
1133 2504 1157 2558 si
1175 2519 1256 2573 quam
1275 2519 1332 2558 rem
1352 2501 1431 2560 nobis
1448 2503 1507 2559 fieri
1527 2500 1706 2586 [la-sgoffl
1737 2509 1759 2563 S

265 2593 381 2648 uelimus
399 2593 509 2662 etiam⁸,
534 2593 619 2648 ueluti
642 2599 761 2649 statuam
786 2595 831 2649 nel
849 2610 900 2649 uas
919 2595 1028 2665 aliquod
1048 2593 1059 2662 ll
1078 2607 1127 2648 ssu
1145 2597 1266 2662 uestem,
1289 2599 1320 2648 ut
1344 2592 1409 2648 nibil
1427 2592 1502 2648 alind
1520 2609 1602 2662 qnam
1620 2606 1705 2661 pecu-
1724 2599 1801 2647 taor

265 2683 338 2738 niam
356 2682 492 2751 daremus,
511 2681 677 2751 emptIoncm
695 2683 796 2752 uideri,
815 2698 866 2738 neo
883 2699 966 2754 posse
984 2685 1067 2739 ullam
1085 2683 1248 2738 locationem
1266 2696 1336 2753 esse,
1355 2681 1403 2737 ubi
1421 2697 1520 2752 corpus
1538 2682 1628 2752 ipsum
1646 2693 1706 2735 non

265 2771 345 2827 detur
363 2771 399 2826 ab
417 2786 450 2826 eo
469 2771 513 2825 cui
531 2770 559 2825 id
576 2767 669 2826 tieret:
695 2773 772 2827 aliter
790 2776 873 2843 atque
891 2773 915 2828 si
933 2787 1026 2828 aream
1044 2772 1151 2844 darem,
1176 2771 1223 2828 ubi
1241 2773 1356 2828 insulam
1375 2770 1549 2840 acdidcares,
1573 2769 1706 2840 quoniam

264 2864 331 2916 tuno
349 2875 366 2916 a
384 2875 427 2915 mc
446 2859 600 2915 substantia
617 2859 807 2931 proficiscitur.
1725 2871 1755 2913 aa

207 2949 244 3008 21
317 2951 437 3028 I'aunus
454 2950 525 3006 libro
543 2951 639 3020 quinto
657 2950 693 3004 ad
711 2949 851 3006 Sabinum.
882 2949 976 3006 Labeo
995 2950 1105 3020 scripsit
1121 2947 1317 3006 obscuritatem
1333 2949 1409 3019 pacti
1427 2963 1526 3004 nocere
1546 2941 1706 3030 W
1737 2955 1758 3008 S

265 3039 357 3110 potius
375 3039 476 3095 debere
493 3039 630 3095 uenditori
648 3041 694 3110 qui
712 3039 740 3094 id
759 3039 859 3095 dixerit
876 3055 958 3110 quarn
977 3039 1101 3109 emptori,
1120 3039 1185 3108 quia
1203 3040 1293 3110 potnit
1304 3055 1333 3094 re
1348 3040 1456 3107 integra
1467 3025 1602 3106 apertius
1602 3037 1705 3091 dicere.

207 3127 246 3186 22
318 3128 470 3206 Unararrus
492 3129 561 3185 libro
578 3130 729 3184 uicensimo
755 3134 854 3184 octauo
877 3129 913 3184 ad
931 3128 1072 3184 Sabinum.
1109 3128 1187 3182 Hanc
1204 3129 1293 3197 legem
1313 3127 1477 3184 uenditionIs
1496 3126 1527 3182 ‘si
1546 3121 1706 3210 [1353OE
1737 3135 1758 3189 S

265 3216 338 3288 'quid
357 3219 428 3273 sacri
446 3217 490 3273 uel
508 3218 629 3288 religIosi
646 3223 696 3288 est,
716 3219 775 3273 cius
793 3220 870 3274 uenit
892 3217 965 3274 nibil’
984 3233 1183 3288 superuacuam
1206 3232 1261 3273 non
1279 3232 1354 3288 esse,
1377 3217 1427 3272 sed
1450 3216 1486 3271 ad
1510 3216 1620 3272 modica
1642 3217 1706 3272 loca

264 3308 409 3376 pertinere.
444 3313 565 3363 ceterum
589 3308 612 3363 si
636 3322 716 3362 omne
741 3308 898 3378 refigiosum
921 3308 966 3363 uel
989 3323 1097 3362 sacrum
1120 3308 1164 3363 uel
1190 3306 1329 3377 publicum
1356 3307 1484 3376 uenierit,
1512 3307 1613 3361 nullam
1642 3321 1705 3362 esse

265 3395 439 3467 emptionem,
1723 3407 1753 3449 ss

208 3475 246 3534 23
317 3486 438 3541 Patruus
454 3483 631 3555 libroquinto
649 3483 838 3542 adSabinum.
870 3488 909 3544 let
927 3486 1001 3554 qnod
1019 3485 1133 3542 soluerit
1149 3500 1183 3540 co
1200 3484 1319 3554 nomine,
1338 3488 1444 3554 emptor
1462 3499 1526 3540 con·
1545 3479 1705 3569 [affl
1735 3489 1757 3545 S

265 3573 356 3630 diesne
373 3575 475 3645 potest)

208 3653 246 3712 24
318 3662 469 3718 Uarianos
495 3661 565 3717 libro
590 3662 720 3718 uicesImo
748 3667 848 3720 octauo
874 3663 911 3718 sd
938 3662 1078 3720 Sabinum.
1124 3665 1153 3720 ln
1184 3663 1299 3719 modicis
1330 3667 1423 3718 summ
1450 3677 1486 3719 ex
1519 3667 1613 3734 empto
1642 3677 1705 3718 osse
1734 3659 1757 3714 S

265 3751 410 3823 actionem,
429 3751 566 3822 quianon
584 3751 738 3822 spetialiter
755 3753 832 3808 locus
850 3767 928 3808 sacer
945 3752 990 3808 uel
1007 3753 1151 3824 rebgiosus
1168 3753 1253 3823 uenit,
1272 3752 1470 3822 redemptioni
1489 3752 1600 3808 maioris
1617 3753 1703 3822 partis

265 3841 390 3897 accessit.
1719 3851 1752 3892 aa

263 3955 430 4026 r[1³(vo)]

266 4127 358 4182 ¹cum
376 4123 545 4182 coheredes?
615 4127 673 4182 'in
691 4127 910 4184 demonstrandis
928 4128 1031 4184 domiui
1048 4127 1145 4183 iussu?
1215 4128 1324 4184 ⁸nobis
1342 4127 1426 4183 etiam
1443 4125 1502 4182 fieri
1521 4125 1657 4182 uelimus?

266 4283 281 4339 1
301 4284 339 4354 et]
358 4298 374 4339 e
391 4285 431 4339 P·
452 4286 457 4352 Ι
477 4289 618 4340 errarent
641 4282 691 4340 par
712 4286 717 4352 Ι
738 4291 770 4340 nt
791 4285 887 4364 pnta't’
904 4289 931 4340 F
951 4293 956 4357 Ι
1011 4289 1044 4342 17
1056 4289 1219 4372 pomponius
1229 4308 1277 4342 om.
1285 4288 1323 4342 F¹
1339 4289 1344 4356 l
1359 4301 1518 4345 communes
1527 4288 1567 4340 F·
1576 4289 1634 4354 (em.
1645 4281 1702 4354 pr)

266 4355 368 4426 stege]
382 4351 624 4424 F‘iilegoffl'l
640 4355 842 4426 putaretur*
885 4359 955 4414 aas·
1011 4361 1044 4414 18
1062 4360 1184 4429 pr'aetio
1202 4355 1251 4412 ΡΗ
1311 4361 1345 4414 19
1364 4358 1426 4414 dolo
1446 4379 1494 4412 om.
1508 4359 1559 4412 βε
1579 4357 1701 4412 sartae

264 4423 479 4567 iiiiillttt
495 4428 554 4567 Ii*
567 4427 955 4571 eatretinere
1010 4431 1092 4568 liti
1111 4431 1267 4575 333
1279 4431 1373 4557 illel
1391 4430 1703 4556 absterreret

265 4581 385 4636 gerenea
403 4569 449 4634 P·,
468 4584 549 4624 aerea
571 4571 604 4624 U‘·
655 4570 765 4640 inam]
784 4587 819 4626 na
838 4573 886 4640 ΡΙ
906 4588 956 4643 pu·
1010 4523 1206 4643 tsspffetium
1221 4570 1270 4626 F*i
1312 4573 1539 4642 receptoriae·
1582 4573 1701 4628 25idenr

265 4643 339 4693 tem
359 4636 410 4692 1³¹
467 4641 595 4696 bualeat
612 4641 653 4695 P‘
706 4643 838 4713 Spanius
857 4643 956 4697 om.F¹
1010 4664 1058 4698 om.
1078 4645 1114 4697 F¹
1181 4645 1215 4700 26
1241 4643 1324 4699 ctiam
1352 4663 1401 4698 om.
1419 4643 1526 4708 PVUl
1550 4647 1583 4697 nt
1609 4664 1658 4697 ura.
1680 4643 1706 4697 P

266 4709 355 4764 talia
374 4709 413 4764 P⁶
463 4711 497 4765 10
515 4713 607 4781 etiam]
626 4727 686 4767 cam
705 4713 746 4766 P‘
794 4717 828 4769 12
845 4729 957 4784 pompo-
1011 4717 1046 4770 28
1066 4716 1167 4785 aream]
1190 4717 1270 4771 aliam
1293 4731 1384 4770 aream
1404 4717 1443 4770 P⁰
1462 4717 1468 4784 Ι
1485 4713 1702 4788 insulamlsPU‚

265 4779 327 4834 nius
346 4799 395 4834 om.
409 4781 454 4845 ΡΙ,
472 4783 673 4853 paulussnppl,
710 4791 778 4838 cetea
794 4788 958 4855 pomponius
1010 4786 1158 4841 insularem
1186 4789 1212 4840 F
1284 4787 1320 4842 30
1345 4785 1440 4841 scribit
1465 4786 1517 4850 ΡΙ
1541 4801 1639 4840 necere
1666 4785 1702 4839 Fi

267 4853 364 4904 ΜΡ
379 4853 384 4918 Ι
399 4849 468 4907 libro
486 4853 514 4906 xi
532 4853 560 4906 P
601 4855 666 4908 13s
715 4855 747 4924 si]
768 4857 874 4912 sitsiue
892 4859 956 4922 P⁶l
1012 4859 1046 4913 31
1064 4857 1207 4913 dexeritF
1258 4859 1294 4914 33
1311 4864 1355 4913 est
1371 4857 1440 4928 eius]
1457 4857 1561 4912 esseins
1580 4857 1621 4910 P·
1636 4859 1641 4922 l
1658 4871 1703 4910 us·

265 4925 364 5045 {rutero
377 4925 482 4990 Nera.
495 4921 555 4990 par)
592 4924 808 4980 rachanas*
846 4930 879 4982 15
891 4945 957 4997 pau·
1011 4928 1174 4999 nitluenihil
1187 4931 1224 4983 F·
1268 4931 1303 4985 34
1316 4929 1479 4993 ueneritP·‚
1496 4926 1652 4983 uendiderit
1664 4925 1703 4981 Ρ*

276 5005 309 5046 us
327 5011 375 5048 cm.
388 4994 426 5046 ΡΙ
475 4997 509 5050 16
527 4994 673 5065 minuctru]
696 5009 752 5052 non
769 4999 906 5054 minuetur
917 5000 958 5054 P⁶
