3720 5544
124 3883 195 3929 Uersa
208 3893 282 3927 emau-

125 3945 228 3991 dationes
238 3943 281 3988 Bo-

135 4005 276 4054 noniensium

141 4071 164 4115 in
180 4067 262 4128 quibus

153 4131 255 4190 partibda

135 4194 274 4251 digestorum

137 4257 277 4316 reperiantur

968 266 1055 336 LXX

294 446 383 500 locum
404 445 518 515 repperi,
537 442 584 500 nbi
602 445 702 500 elarius
720 447 853 516 appareat
866 444 942 514 origo
955 444 1175 502 emendationum
1188 446 1292 518 barum,
1311 463 1393 517 quam
1405 449 1451 517 qui
1463 447 1562 517 legitur
1579 447 1670 518 billi,
1680 450 1723 504 10.

295 551 332 606 ibi
355 552 429 620 quod
452 551 588 608 edidimus
607 561 630 606 et
649 554 746 608 idcirco
764 553 880 622 mandati
902 550 968 620 [eum
986 570 1036 608 aea
1054 559 1145 618 imeri,
1167 555 1214 607 sed
1233 561 1322 610 eontra
1346 555 1470 624 mandati]
1493 574 1569 628 agere
1585 574 1671 626 posse,
1696 555 1725 610 in

294 659 450 714 Florentino
468 659 537 714 libro
555 664 669 714 eatenus
686 658 857 714 desideratur
868 663 1003 728 qnatenus
1016 657 1093 714 unois
1108 659 1377 730 comprehendimus:
1396 665 1492 717 eontra
1509 661 1619 732 explent
1634 662 1723 716 looum

294 768 480 822 Bononienses
504 781 600 825 omnes
623 767 814 836 supplemento
838 764 921 822 modo
946 765 1039 821 relato.
1074 780 1188 836 quorum
1211 769 1257 837 qui
1280 768 1361 839 louge
1384 768 1503 838 optimus
1527 773 1570 825 est
1586 768 1724 824 Parisinus

294 891 356 930 oum
383 881 445 946 post
470 875 547 947 prius
575 875 692 928 raaudus
718 873 854 928 elementa
879 871 935 928 duo
964 893 999 945 ap
1026 871 1127 928 habeat
1154 888 1218 929 mor
1242 879 1391 946 eapuuota,
1422 879 1516 945 aperte
1545 890 1575 931 se
1605 875 1725 932 ostendit

294 983 461 1053 descriptam
480 997 516 1038 ex
533 980 627 1036 eodioe
645 980 685 1035 ita
702 983 872 1050 eomparato:

912 1097 967 1132 eum
985 1096 1035 1132 aoa
1054 1085 1133 1134 teneri
1150 1079 1196 1133 sed
1213 1087 1302 1134 eontra
1319 1081 1435 1136 mandati

592 1175 615 1223 et
633 1169 729 1223 idcireo
747 1168 865 1221 mandati
873 1201 892 1234 Λ
903 1186 979 1239 apere
995 1186 1071 1239 possa

294 1285 322 1340 al
340 1289 382 1340 est
401 1299 435 1340 ex
447 1283 549 1355 oodioe,
567 1283 614 1353 qui
632 1283 660 1339 in
678 1282 774 1339 ordine
793 1280 938 1338 uerborum
956 1283 1100 1338 lectionem
1120 1282 1260 1339 exhiberet
1272 1283 1420 1339 Florentiui
1432 1282 1502 1355 libri,
1519 1299 1603 1356 supra
1615 1299 1724 1341 uersum

294 1399 385 1448 autem
409 1392 454 1448 uel
477 1389 513 1445 ad
538 1389 687 1460 marginem
713 1390 941 1461 supplementum.
973 1389 1098 1484 similiter
1121 1389 1174 1445 aiio
1197 1390 1257 1446 loeo
1282 1391 1302 1460 l,
1322 1391 1381 1459 103,
1400 1392 1436 1445 20
1459 1405 1521 1446 oum
1545 1391 1585 1447 sie
1606 1393 1725 1448 essetis

293 1498 388 1556 lodi&
404 1497 426 1552 S
983 1515 1072 1569 latua
1088 1515 1139 1568 sris
1155 1522 1243 1586 postea

770 1611 794 1658 et
812 1611 837 1658 si
852 1611 943 1676 posteo
951 1640 969 1673 Λ
979 1605 1077 1658 solum
1095 1603 1165 1658 dedet

295 1731 512 1804 supplementum
532 1727 628 1798 reliqui
647 1727 835 1784 Bononienses
853 1740 904 1782 sao
922 1726 982 1782 loeo
1000 1725 1181 1797 inseruerunt,
1199 1727 1338 1783 Parisinus
1357 1733 1448 1786 antem
1467 1727 1625 1799 bipertitum
1638 1731 1728 1786 ιαιιιιι

295 1841 358 1912 post
373 1844 470 1911 postea,
487 1835 538 1891 ιιιι·
553 1842 644 1907 posteo
661 1837 724 1905 post
742 1835 820 1898 debet,
838 1831 912 1904 quod
925 1833 990 1888 item
1004 1833 1200 1903 explicatores
1213 1833 1499 1905 quodlibrariuseum
1512 1837 1726 1908 superscriptum

294 1943 437 2013 inueniret,
455 1947 560 2014 partem
578 1939 622 1996 bie
640 1945 746 2012 partem
764 1940 819 1996 illio
837 1938 1012 1995 inserendum
1031 1954 1092 1996 esse
1109 1941 1226 2010 putauit.
1253 1971 1284 1982 ·-
1310 1942 1367 1997 lam
1391 1958 1453 1998 oum
1477 1959 1560 2015 supra
1577 1943 1727 2000 uiderimus

297 2051 419 2110 oodiosm
431 2049 453 2105 S
464 2048 631 2119 desoriptnm
651 2062 712 2103 esse
730 2062 765 2102 er
783 2045 878 2103 eodioe
890 2046 1056 2116 Florentino,
1075 2061 1130 2102 oon
1147 2053 1293 2118 propterea
1310 2048 1432 2106 deoisum
1451 2053 1495 2106 eat
1511 2050 1547 2106 de
1565 2051 1727 2108 lectionibus

295 2159 337 2230 ils,
349 2171 421 2228 quae
433 2157 462 2212 in
474 2154 692 2213 Bononiensibus
705 2154 880 2210 inueniuntur
890 2153 1059 2224 geminatae:
1078 2170 1140 2209 nam
1154 2170 1215 2211 oum
1229 2155 1330 2211 alterae
1346 2171 1440 2212 aarum
1453 2163 1547 2228 aperte
1558 2158 1728 2218 deseendaut

296 2280 331 2322 er
344 2263 411 2322 libro
427 2263 592 2334 Florentino,
611 2260 797 2332 quaerendum
810 2263 944 2332 superest,
963 2260 1064 2317 alterae
1077 2265 1167 2318 utrum
1180 2263 1305 2319 uenerint
1317 2278 1351 2318 ex
1363 2264 1571 2334 interpolatione
1589 2265 1727 2321 eoniootn-

296 2387 361 2430 raus
380 2387 415 2427 an
433 2386 466 2426 ex
486 2369 636 2442 arohetypo
654 2367 783 2424 seeundo.
811 2372 841 2423 et
856 2367 979 2439 plurimis
997 2367 1107 2438 quidem
1126 2369 1193 2425 loeis
1210 2375 1335 2440 apertum
1354 2377 1398 2426 est
1415 2371 1563 2427 secundam
1581 2372 1726 2428 lectionem

294 2477 430 2552 prodaisoi
447 2481 496 2534 ant
513 2493 547 2534 ex
565 2476 788 2547 interpretatione
812 2472 1007 2531 uocabuorum
1030 2476 1122 2545 paullo
1145 2477 1292 2547 rariorum,
1316 2481 1347 2532 ut
1368 2479 1458 2533 ιονιιιι
1481 2477 1654 2534 substituitur
1675 2494 1727 2551 pro

296 2593 397 2652 ιασιαι,
414 2587 579 2642 αιιιιενιανιιι
597 2599 647 2656 pro
665 2591 862 2648 domamus-to,
880 2584 967 2637 aialim
984 2595 1034 2652 pro
1052 2588 1139 2647 totius,
1156 2586 1205 2639 aut
1217 2597 1251 2638 ex
1264 2588 1419 2640 eorreotura
1432 2587 1476 2641 uel
1488 2584 1624 2656 facillima,
1642 2590 1675 2642 nt
1691 2602 1726 2642 ex

296 2700 382 2766 teprae
400 2690 517 2748 silieitur
534 2699 632 2757 terrae,
656 2690 799 2746 ueletiam
818 2685 900 2760 falsa,
924 2694 955 2746 ut
978 2703 1028 2759 pro
1051 2695 1180 2760 oonupta
1201 2690 1318 2746 leotioos
1343 2694 1476 2747 crustante
1498 2697 1607 2764 praeter
1623 2709 1726 2764 ueram,

296 2815 367 2871 quae
386 2805 429 2855 est
447 2801 570 2864 exsoluta,
594 2797 664 2854 ialsa
686 2795 840 2854 emendatio
863 2795 1024 2866 proponitur
1047 2817 1076 2851 ea
1098 2800 1232 2852 potamau.
1260 2797 1310 2853 sed
1332 2797 1495 2868 quibusdam
1514 2800 1728 2858 Bononiensium

297 2905 500 2976 additamentis,
518 2910 550 2961 ιιι
567 2903 675 2961 duobus
693 2903 774 2960 modo
797 2903 879 2959 dietis
892 2902 1007 2974 aliisque
1019 2900 1161 2974 similibus,
1180 2911 1242 2958 euin
1255 2905 1353 2960 erroris
1366 2906 1511 2976 explicatio
1523 2905 1651 2963 iaoillima
1667 2911 1727 2963 tum

297 3013 462 3070 Graecorum
481 3013 593 3068 testium
612 3027 761 3070 cousensus
779 3011 819 3067 ita
836 3011 1054 3082 patrosinantur,
1073 3013 1104 3065 ut
1121 3009 1241 3066 oauillari
1259 3011 1400 3082 uideatur,
1418 3014 1466 3083 qui
1483 3013 1550 3068 talia
1567 3015 1728 3084 praesertim

297 3121 325 3176 in
343 3120 540 3191 antiquissimis
558 3118 711 3192 quibusque
731 3117 807 3175 libris
830 3123 939 3190 reperta
961 3117 997 3173 ad
1019 3117 1204 3174 eoniootnram
1227 3119 1325 3174 aetatu
1348 3135 1365 3174 a
1388 3118 1536 3190 philologia
1557 3119 1729 3178 abhorrentis

297 3231 326 3284 et
344 3241 378 3283 ne
395 3227 557 3298 prudentiae
579 3226 690 3297 quidem
713 3226 765 3282 nisi
786 3225 940 3295 primordiis
963 3223 1085 3281 imbutae
1110 3229 1229 3282 reuoeet.
1261 3225 1332 3282 idem
1356 3226 1448 3281 euenit
1470 3226 1634 3297 quibusdam
1652 3228 1728 3299 loeis,

298 3333 345 3390 nbi
363 3335 537 3390 eonsentiunt
554 3334 741 3390 Bononieusss
759 3347 868 3389 omnes:
887 3338 916 3389 et
934 3347 996 3388 oum
1012 3332 1217 3388 emendationes
1230 3347 1264 3388 ex
1277 3332 1426 3404 arobetypo
1439 3333 1524 3390 altaro
1536 3334 1638 3404 petitae
1651 3335 1729 3391 initio

298 3455 393 3497 omues
411 3441 500 3498 losum
517 3440 647 3497 babuisse
664 3439 818 3496 eradendae
835 3440 892 3496 siat
908 3440 978 3496 inter
996 3454 1093 3496 uersus
1111 3441 1156 3495 nel
1174 3438 1209 3494 ad
1227 3440 1387 3510 marginem,
1405 3455 1460 3496 non
1478 3440 1575 3497 mirum
1588 3445 1632 3497 est
1649 3456 1730 3512 qnas-

299 3548 362 3604 dam
386 3563 480 3604 earum
504 3553 559 3603 ιιιιι
583 3551 689 3603 mature
712 3547 740 3602 in
763 3545 886 3602 ordinem
910 3545 1056 3602 uerborum
1079 3550 1205 3618 receptas
1228 3561 1303 3616 esse,
1326 3551 1357 3602 ut
1379 3547 1465 3604 nostri
1487 3544 1548 3602 libri
1570 3546 1599 3604 in
1623 3547 1656 3603 iis
1674 3563 1730 3604 uon

299 3654 420 3712 nonant:
444 3670 507 3710 nam
525 3653 554 3709 id
572 3655 661 3725 ipsum
680 3668 763 3724 supra
780 3655 818 3724 (p.
831 3652 945 3720 LXilll)
962 3653 1082 3710 uidimus
1105 3652 1228 3710 obtinere
1247 3655 1329 3710 etiam
1354 3654 1383 3710 in
1403 3652 1656 3726 interpolationibus
1674 3669 1731 3711 non

299 3762 403 3833 paneis,
420 3777 489 3831 quas
506 3775 587 3817 nemo
604 3775 706 3832 negare
724 3762 816 3830 potest
834 3759 897 3816 olim
916 3759 1069 3831 adscriptas
1086 3758 1171 3816 inisse
1189 3762 1217 3816 ia
1235 3761 1339 3817 oodiois
1356 3761 1377 3815 S
1395 3759 1572 3830 marginibus.

370 3867 423 3934 Qui
440 3869 495 3924 sint
506 3868 566 3936 looi,
585 3866 632 3922 ubi
643 3866 824 3923 Bononiensis
835 3866 917 3922 leotio
929 3866 965 3923 ad
977 3867 1155 3939 archetypum
1169 3867 1341 3938 deperditum
1354 3867 1442 3924 redire
1455 3868 1589 3939 uideatur,
1606 3869 1634 3924 in
1647 3867 1732 3924 adno-

299 3976 403 4032 tatione
421 3979 553 4045 quantum
571 3974 710 4044 potuimus
729 3971 927 4043 expediaimus.
952 3974 980 4029 in
998 3975 1155 4030 uniuersum
1174 3989 1287 4032 numero
1299 3973 1380 4046 panai
1395 3979 1467 4044 sunt,
1485 3981 1516 4030 nt
1527 3975 1608 4031 laetio
1620 3975 1732 4031 Floren-

300 4083 360 4139 tiua
377 4097 410 4138 ex
428 4081 594 4138 Bononiensi
612 4096 674 4136 raro
692 4080 842 4151 expleatur,
861 4081 943 4136 etiam
962 4081 1049 4138 rarius
1067 4082 1232 4152 eorrigatur,
1255 4083 1328 4152 iique
1346 4080 1436 4138 obruti
1453 4079 1511 4138 iere
1528 4081 1632 4152 ingenti
1650 4081 1734 4138 turba

301 4189 461 4245 mendarum
480 4193 508 4244 et
526 4188 763 4259 interpolationum
782 4191 810 4242 et
827 4188 915 4244 omnis
933 4189 1042 4259 generis
1054 4189 1303 4245 additamentorum
1315 4188 1442 4245 sutilium.
1469 4191 1612 4258 praeterea
1624 4193 1732 4244 tantum

301 4295 389 4366 abest,
407 4301 438 4351 ut
455 4309 505 4366 per
522 4296 649 4350 uniuersa
667 4293 776 4364 digesta
793 4294 971 4365 aequabiliter
988 4293 1127 4352 distributi
1145 4296 1215 4366 sint,
1234 4300 1265 4351 ut
1282 4296 1318 4352 de
1335 4297 1368 4352 iis
1387 4299 1461 4351 eerto
1476 4310 1531 4350 non
1548 4299 1655 4350 oonstet
1678 4295 1734 4352 nisi

301 4418 350 4473 per
367 4400 450 4457 libros
467 4401 520 4457 11¹.
538 4401 890 4460 ul².v1³.v11⁴.vuu⁸.
906 4401 984 4457 Xlll.
999 4402 1104 4459 xviv.
1120 4401 1227 4457 ΧΧΧΒ.
1245 4402 1364 4458 XXXll.
1382 4401 1539 4457 XXXIIlll.
1553 4401 1733 4457 xxxuuu:

356 4596 495 4659 ¹14,7,7
514 4617 547 4646 .-..
565 4598 642 4661 l‚64,
657 4599 698 4649 12.
730 4597 770 4660 15,
786 4599 818 4650 14
836 4619 869 4647 =
887 4599 909 4662 l,
922 4599 965 4660 la,
981 4601 1020 4652 19.
1120 4599 1176 4662 ²3,
1189 4599 1224 4650 23
1243 4619 1275 4647 =
1294 4598 1315 4662 Ι,
1328 4599 1371 4661 88,
1384 4600 1425 4651 40.
1453 4599 1480 4660 3,
1492 4597 1527 4650 58
1546 4617 1580 4646 =
1598 4598 1619 4660 1,
1631 4597 1675 4660 94,
1687 4598 1733 4651 31.

303 4689 329 4750 3,
342 4686 376 4738 68
395 4705 428 4733 =
446 4686 466 4748 i,
479 4687 522 4749 95,
535 4687 577 4738 25.
605 4688 639 4738 ibi
657 4689 772 4754 negatio,
794 4706 868 4754 quam
886 4687 1002 4756 flagitant
1025 4698 1050 4741 et
1073 4705 1114 4741 rea
1138 4691 1206 4756 (uam
1229 4705 1292 4754 qaae
1317 4689 1342 4740 in
1367 4687 1516 4740 eontrarium
1540 4687 1657 4740 disseruit
1674 4689 1732 4739 Ru·

304 4775 407 4828 dorffius
427 4775 577 4851 Zeilsclsryl
584 4778 638 4848 sair
655 4776 830 4848 Reclslsqescb.
849 4779 874 4840 6,
892 4778 959 4841 438,
982 4778 1043 4830 mihi
1061 4795 1110 4830 non
1128 4779 1276 4845 probantur)
1296 4787 1322 4830 et
1340 4778 1444 4839 Graeci,
1466 4777 1538 4828 adest
1556 4777 1582 4828 in
1599 4794 1649 4828 uno
1668 4775 1733 4830 libro

303 4865 418 4917 Parisino
431 4882 447 4915 s
458 4865 538 4931 prima
549 4883 633 4928 manu,
652 4867 724 4917 abest
742 4876 768 4918 et
785 4885 800 4918 a
812 4867 957 4920 Florentino
975 4875 1001 4919 et
1013 4887 1028 4920 a
1040 4866 1239 4920 Bononiensibus
1258 4867 1367 4932 reliquis.
1394 4867 1419 4928 5,
1434 4865 1466 4917 18
1479 4883 1516 4932 pr.
1528 4885 1563 4914 =
1577 4866 1601 4928 l,
1617 4865 1675 4928 103,
1688 4865 1734 4927 20,

304 4954 315 4989 ³
336 4955 359 5016 l,
371 4952 406 5004 42
425 4973 458 5000 =
477 4954 498 5015 l,
510 4953 571 5016 208,
586 4954 601 5006 'i
610 4973 616 5005 ι
634 4955 683 5006 nisi
700 4973 732 5007 ex
749 4955 891 5009 coniectura
908 4957 992 5023 potius
1010 4957 1140 5010 deseendit
1156 4957 1298 5008 amandatio
1315 4972 1396 5021 nequo
1414 4954 1606 5021 duotoreaairrp
1627 4955 1736 5007 defensa

304 5060 350 5100 neo
369 5059 521 5112 magnopere
541 5045 652 5098 Graecia.
732 5045 744 5078 ⁴
761 5045 787 5109 4,
802 5045 843 5109 10,
856 5043 872 5098 7
885 5065 918 5094 =
930 5047 951 5108 1,
963 5043 1024 5108 237,
1041 5047 1062 5097 l.
1147 5048 1158 5080 ⁶
1177 5046 1203 5108 2,
1215 5044 1258 5108 36,
1274 5047 1285 5096 l
1301 5066 1334 5094 =
1347 5045 1367 5108 1,
1381 5045 1442 5107 283,
1457 5046 1496 5098 11.
1519 5046 1544 5108 3,
1557 5045 1582 5108 3,
1598 5044 1638 5097 11.
1653 5044 1685 5095 12
1698 5063 1743 5092 =·
