3664 5570
137 302 199 350 rnur
218 301 343 350 mss.
364 301 462 359 ouen
484 301 584 349 suen.
792 275 879 356 265
1329 283 1401 352 vni
1420 286 1442 350 4
1460 293 1556 349 6-11
1654 339 1655 346 ,

112 453 123 497 ι
137 441 225 494 tionem
243 435 391 494 effleeoem.
429 437 458 496 Si
475 443 569 494 umen
586 439 690 494 eineres
706 437 789 494 unius
805 437 931 510 proprius
949 439 1116 510 uhtredus,
1141 441 1244 498 titerse
1261 455 1432 512 oemnruuee,
1453 443 1558 500 nentis

137 527 284 582 seruitutem
301 527 347 582 uel
365 527 508 598 rdqmme
525 528 571 582 uel
588 528 728 598 imponere
746 541 790 582 me
808 541 891 597 posse
902 527 1069 598 Pomponius
1086 527 1156 586 hine
1168 534 1267 586 ootruo
1278 545 1313 585 ex
1324 528 1427 586 sibino
1438 531 1557 600 seripsit

100 628 123 672 t·
137 614 161 670 si
175 617 200 670 iu
222 615 380 670 perditione
402 615 464 684 quis
486 615 587 672 dixerit
608 629 704 670 seruos
727 614 786 670 iore
805 614 889 670 redes
907 631 976 686 quus
993 615 1131 686 uendidit,
1155 631 1268 674 neeesse
1285 633 1341 674 nou
1358 617 1442 674 hebet
1458 617 1557 674 interes

136 703 245 758 nudem:
268 717 352 772 quere
374 703 420 758 nei
443 704 501 758 suis
519 703 634 759 nedibus
652 718 701 758 ess
718 717 815 758 seruus
830 702 922 758 fuoere
939 709 1032 774 petest
1048 705 1093 760 uei
1111 705 1201 762 uieiuo
1219 706 1369 770 oouoedere
1387 707 1556 779 semitutum,

136 791 229 846 seilicet
246 796 309 848 unte
326 791 510 846 ιιιᾱὶιὶοιιω.
536 791 618 861 piune
636 791 660 845 si
678 791 752 846 'litio
770 807 865 846 serens
883 790 940 846 iore
958 791 1035 861 uixit,
1053 792 1077 848 si
1095 793 1205 862 quidem
1223 794 1298 850 titio
1316 794 1475 852 seruitutem
1493 811 1557 852 eou-
1575 804 1590 847 ι

136 881 249 949 uenerit,
268 879 422 941 absoluti·
440 885 498 934 est:
516 880 540 934 si
556 893 623 935 nero
642 879 687 934 eiii
705 881 885 948 conoesserit,
903 885 1049 950 exempto
1067 880 1212 938 tenebitur.
1240 897 1258 936 e
1276 897 1330 951 quo
1348 899 1403 938 nou
1421 882 1556 954 obsonet,

135 967 198 1038 quod
215 968 358 1024 timendus
381 967 451 1024 libro
469 971 549 1023 sexto
566 967 736 1035 digestorum
754 967 860 1037 soribit,
884 969 907 1022 si
926 968 987 1037 quis
1004 969 1033 1022 tn
1050 969 1184 1025 tredendo
1203 966 1214 1039 i
1235 969 1334 1024 dixerit
1350 969 1465 1027 fundum
1483 971 1557 1028 'litio
1574 977 1648 1024 tun

134 1057 234 1126 sumre,
256 1071 317 1111 oum
335 1057 362 1111 ei
378 1071 433 1111 uon
451 1057 574 1124 sorniret,
592 1061 667 1111 esset
684 1059 777 1111 eutem
795 1055 933 1125 obligetur
950 1056 1077 1112 uenditor
1093 1057 1166 1113 'litio
1184 1057 1222 1114 ud
1239 1059 1400 1114 seruitutem
1417 1063 1557 1129 preest-sn-

134 1144 197 1212 drru,
214 1159 250 1199 un
268 1157 350 1214 agere
366 1145 455 1214 possit
472 1157 508 1199 ex
524 1143 645 1212 tendito,
664 1149 696 1198 ut
713 1149 821 1212 emptor
837 1145 998 1200 seruitutem
1015 1145 1117 1215 imponi
1135 1146 1255 1216 potietur
1271 1145 1384 1215 praedio
1401 1147 1475 1217 quod
1488 1161 1557 1202 mer-

134 1237 202 1286 estus
224 1237 282 1287 est:
305 1233 448 1304 magisque
471 1237 552 1303 putet
567 1231 780 1302 permittendum
795 1247 888 1301 ¹egere.
924 1233 1051 1302 idemque
1076 1234 1116 1288 eit
1137 1239 1166 1288 et
1189 1233 1213 1288 si
1236 1234 1324 1303 pessit
1341 1234 1467 1290 uenditor
1484 1235 1557 1290 ditio
1576 1245 1605 1284 ιο

133 1321 284 1376 sernimtem
301 1321 430 1391 uendere,
449 1335 536 1391 neque
554 1334 637 1389 ogere
654 1319 877 1390 permittendum.
906 1320 975 1376 bueo
992 1323 1032 1376 its
1048 1321 1167 1392 demum,
1185 1322 1210 1377 si
1228 1321 1400 1392 reeipiendus
1418 1321 1557 1378 seruitutis

132 1409 213 1478 gretie
232 1409 262 1463 id
279 1410 308 1464 in
326 1408 472 1464 tunditione
490 1423 651 1478 expressum
669 1413 725 1462 est:
749 1413 870 1464 ueterum
889 1409 913 1464 si
931 1411 1006 1480 quir,
1029 1409 1129 1480 inquit,
1154 1409 1272 1479 ueritus,
1294 1425 1329 1466 ne
1347 1411 1466 1466 seruitus
1483 1409 1557 1466 Tito

133 1496 265 1566 debentur,
283 1497 347 1552 ideo
364 1496 417 1552 hoe
434 1496 551 1565 excepit,
569 1509 623 1550 non
642 1496 695 1550 erit
711 1511 747 1551 er
764 1495 876 1552 uendito
894 1497 974 1566 totio,
994 1497 1018 1552 si
1035 1497 1137 1553 nudum
1155 1498 1315 1554 seruitutem
1332 1498 1466 1568 promisit

103 1584 118 1640 7
176 1585 297 1641 Pronus
314 1585 382 1640 libro
401 1585 497 1654 quinto
515 1583 550 1639 sd
562 1582 702 1640 Sabinum.
730 1585 762 1639 ln
780 1583 920 1640 medendis
937 1585 1000 1640 nnis
1017 1585 1133 1640 sedibus
1150 1584 1186 1639 eb
1204 1599 1245 1654 eo,
1263 1585 1402 1655 quibimus
1419 1581 1557 1670 Q
1576 1589 1597 1643 S

131 1672 219 1743 meet,
244 1673 351 1743 speeies
369 1672 510 1728 seruitutis
528 1672 705 1742 exprimenda
723 1677 777 1742 est,
801 1687 851 1742 ne,
876 1673 899 1728 si
917 1673 1081 1743 generaliter
1097 1673 1200 1728 seruire
1218 1673 1322 1728 dietum
1339 1675 1403 1744 erit,
1426 1682 1476 1730 eut
1491 1675 1558 1730 nihii
1577 1683 1605 1724 1⁶

106 1771 114 1814 1
131 1761 221 1830 retent,
240 1761 306 1830 quie
318 1763 452 1816 insertum
465 1761 509 1830 rit,
528 1777 599 1831 qnue
611 1760 731 1816 seruitus
743 1765 859 1830 ereeptr
871 1762 915 1830 sit,
934 1767 984 1816 rut
994 1761 1083 1816 omnis
1094 1761 1212 1817 seruitus
1224 1760 1326 1832 imponi
1337 1761 1446 1818 debent
1472 1763 1557 1818 inter·

130 1850 218 1920 peritis
236 1863 345 1920 quoque
363 1849 460 1904 edonis
478 1848 610 1906 sedibus¹
627 1849 731 1918 imponi
748 1853 848 1918 potest,
867 1849 953 1904 ueluti
971 1852 1002 1904 ut
1019 1849 1101 1904 sidus
1118 1849 1213 1904 tollere
1230 1850 1275 1904 uei
1293 1864 1348 1904 non
1365 1850 1460 1906 tollere
1477 1850 1560 1907 lineet

130 1938 169 1992 uei
186 1937 269 1992 eorm
287 1938 328 1992 si¹
346 1938 398 1992 iter
415 1935 561 2008 debentur,
580 1943 612 1992 ut
629 1937 668 1992 itu
685 1937 873 2006 sponderent,
892 1937 916 1991 si
933 1937 1031 1992 mediis
1048 1935 1163 1992 nedibus
1180 1937 1299 1992 seruitus
1316 1942 1414 2006 postes
1431 1937 1559 2007 imponite

129 2023 216 2080 inerit:
235 2025 318 2080 sinoti
336 2025 518 2096 perplurium
537 2025 653 2096 pruedie
669 2025 788 2080 sentitus
807 2025 909 2094 imponi
927 2026 1010 2080 etiem
1029 2024 1144 2080 diuereis
1156 2024 1324 2095 temporibus
1336 2030 1436 2096 petest
1463 2041 1557 2096 quem·

129 2128 203 2182 qnam
221 2113 279 2168 diei
296 2117 401 2182 petest,
422 2114 446 2169 si
464 2113 518 2170 triu
534 2113 648 2183 prnedie
665 2113 794 2169 eoutisne
811 2111 926 2170 hrboem
945 2117 974 2168 et
991 2119 1142 2168 utrumnum
1165 2113 1216 2168 tibi
1239 2113 1361 2182 trudeim
1385 2113 1429 2168 uel
1447 2118 1496 2170 tuo
1513 2113 1559 2170 noi
1578 2121 1608 2163 ⁸⁰

128 2201 190 2256 meis
207 2200 328 2271 proediis
346 2203 507 2258 seruitutem
526 2201 632 2272 edquiri
649 2217 745 2272 posse:
767 2201 790 2256 si
808 2215 874 2256 uero
893 2205 1025 2270 extremo,
1043 2200 1117 2270 quod
1134 2201 1275 2271 retineam,
1294 2201 1375 2270 quie·
1393 2207 1421 2256 et
1438 2201 1558 2258 medium

129 2303 211 2343 meum
230 2289 282 2358 sit,
307 2289 467 2346 seruitutem
486 2290 650 2360 consistere,
669 2289 717 2344 sod
736 2290 759 2344 si
778 2305 873 2344 rursus
890 2293 939 2343 unt
956 2289 998 2358 id,
1016 2289 1060 2344 oui
1078 2287 1216 2358 adqunitn
1233 2288 1270 2344 sit
1287 2289 1420 2360 seruitus,
1437 2295 1485 2345 sut
1502 2304 1558 2344 mo

128 2377 197 2432 dium
214 2377 380 2446 ndeuunero,
399 2377 565 2448 interpellari
583 2393 653 2446 eam,
672 2377 760 2433 donec
778 2377 868 2433 medio
884 2376 998 2448 proedio
1016 2377 1135 2432 sentinus
1152 2377 1315 2446 imponetur.

99 2459 114 2516 8
174 2466 349 2521 Ponrosrus
366 2465 435 2520 libro
453 2471 553 2522 oeteuo
572 2467 608 2520 sd
626 2465 766 2521 Sebinnm.
802 2463 912 2520 Sinum
931 2465 1000 2522 dues
1018 2463 1146 2520 hebetem
1165 2465 1276 2533 insuite,
1293 2463 1402 2522 duobus
1421 2459 1558 2550 Q
1577 2465 1598 2520 S

127 2553 218 2608 eedem
237 2559 378 2610 momento
395 2553 542 2624 tredidero,
559 2553 708 2610 uidendum
727 2559 778 2622 est,
798 2569 832 2608 en
851 2554 969 2608 seruitus
981 2545 1119 2608 eiterutrie'
1129 2552 1258 2621 imposito
1268 2553 1368 2624 unleut,
1386 2553 1452 2623 quie
1463 2555 1559 2610 alienis
1578 2557 1606 2599 ’ὅ

127 2642 232 2710 quidem
251 2641 367 2698 eodinus
386 2657 437 2697 nee
454 2643 557 2713 imponi
574 2657 626 2698 use
644 2641 750 2711 ndquiri
768 2643 888 2698 seruitus
901 2645 1000 2712 potest
1028 2641 1077 2696 sed
1089 2645 1153 2696 unte
1164 2639 1338 2698 traditionem
1351 2649 1489 2712 pernotum
1501 2641 1559 2697 suis

126 2731 210 2800 megin
229 2729 351 2800 adquirit
368 2731 413 2786 uei
429 2731 545 2802 imponit
562 2731 586 2786 is
605 2731 651 2800 qui
670 2729 754 2786 tredit
770 2730 887 2800 ideoque
905 2728 1009 2786 uuiobit
1025 2729 1152 2784 seruitus.
1517 2791 1519 2796 ,

98 2813 112 2870 9
174 2818 254 2874 Iners
273 2817 342 2874 isor0
360 2818 467 2874 decimo
486 2818 523 2874 ed
541 2812 682 2874 Subinum.
719 2817 748 2872 Si
767 2817 800 2888 ei,
819 2819 897 2874 ouius
914 2817 1056 2886 praedium
1075 2815 1140 2871 mihi
1159 2813 1305 2888 nudetur,
1323 2816 1403 2873 heres
1421 2812 1599 2903 Qui

126 2908 216 2962 exstiti
239 2913 271 2962 et
290 2921 352 2962 eoru
375 2905 554 2962 hereditstem
577 2906 628 2961 tibi
646 2905 770 2975 uendidi,
791 2906 898 2960 restitui
916 2905 944 2962 in
961 2905 1106 2974 pristinum
1124 2909 1226 2960 statum
1245 2907 1363 2962 seruitus
1381 2906 1477 2976 debet,
1495 2907 1560 2976 quie

126 2995 151 3048 id
167 2995 270 3066 egitur,
288 2999 320 3050 nt
337 2995 416 3064 quusi
433 3001 464 3050 tu
482 2995 562 3050 heres
580 2994 698 3050 uidoeris
717 2993 863 3049 exstitisse.
1577 2997 1608 3039 ⁸⁰

85 3079 113 3136 10
174 3083 329 3140 surmus
346 3082 415 3140 libre
433 3084 541 3139 deoimo
558 3083 594 3138 ud
612 3081 752 3138 Sabinum.
783 3081 922 3152 Quidquid
938 3079 1066 3137 uenditor
1083 3081 1223 3136 seruitutis
1241 3082 1350 3136 nomine
1369 3080 1421 3136 sibi
1439 3081 1559 3152 reeipere
1577 3077 1613 3134 8'

126 3173 187 3240 uuit,
206 3171 370 3227 nominatim
387 3173 471 3242 reeipi
489 3175 611 3241 oportet:
631 3187 694 3226 nom
712 3171 758 3226 ills
775 3171 910 3240 generalis
929 3169 1049 3239 reueptio
1066 3167 1172 3238 ‘quibus
1185 3175 1228 3224 est
1238 3170 1366 3238 sentitus,
1385 3169 1479 3238 utique
1492 3167 1558 3224 eeto'

126 3259 158 3313 nd
179 3263 330 3314 extraneos
347 3259 478 3330 pertinet,
502 3260 555 3329 ipsi
574 3259 639 3314 nihii
657 3259 788 3329 prospieis
805 3257 942 3314 uenditori
959 3257 995 3312 ud
1013 3257 1073 3313 inre
1090 3258 1149 3312 eius
1168 3257 1370 3313 eonsentendo:
1395 3257 1470 3312 nullu
1487 3257 1558 3312 euim

126 3347 224 3416 inbuit,
244 3347 312 3418 quin
328 3363 410 3404 nemo
427 3348 487 3418 ipse
504 3347 556 3403 sibi
575 3349 735 3404 seruitutem
753 3346 849 3402 debet:
868 3347 935 3416 quin
951 3347 1035 3402 immo
1053 3351 1082 3400 et
1100 3345 1123 3400 si
1141 3345 1236 3401 debite
1252 3344 1304 3401 fuit
1316 3345 1442 3416 seruitus,
1461 3345 1560 3402 deinde

126 3435 273 3492 dominium
291 3437 331 3491 rei
350 3437 494 3492 seruientis
512 3437 637 3508 peruenit
655 3435 691 3491 ud
707 3451 761 3505 me,
780 3439 979 3504 wneoqueuter
996 3434 1096 3490 dieitur
1113 3435 1237 3504 extingui
1254 3434 1424 3490 seruitutem.
1579 3437 1609 3479 ³⁵

83 3521 109 3576 ll
173 3525 351 3580 Porrrosms
368 3523 437 3579 libro
454 3525 615 3594 nigerrimo
632 3525 713 3580 tertio
731 3523 767 3578 ed
785 3521 926 3579 Sabinum.
961 3520 1129 3578 montonis
1146 3523 1237 3591 gretie
1253 3537 1298 3578 eu·
1316 3515 1561 3606 Q
1579 3519 1601 3572 S

125 3613 237 3668 eedoudi
258 3613 295 3668 nd
313 3627 348 3666 en
365 3613 433 3682 ioee,
452 3627 523 3683 quse
542 3629 596 3668 uon
611 3613 740 3682 seruiunt,
757 3609 874 3666 innuitur
885 3610 988 3666 tribute
1000 3610 1105 3679 estitit,
1123 3610 1223 3680 quibus
1235 3611 1353 3666 seruitus
1365 3609 1488 3679 debetur,
1506 3625 1562 3679 que

124 3707 212 3756 tumen
232 3700 368 3756 numere
386 3701 426 3756 eis
443 3703 481 3755 sit
497 3716 624 3770 neonae,
648 3701 700 3756 uisi
718 3699 747 3754 in
765 3699 889 3756 pensione
907 3697 1048 3754 seruitutis
1065 3699 1224 3755 nominatim
1242 3697 1414 3768 prnefiuitum
1433 3697 1482 3764 sit,
1505 3712 1562 3767 que

125 3789 315 3845 wrederetur:
333 3794 363 3844 et
379 3789 442 3846 ideo
460 3805 511 3845 nee
529 3789 680 3845 seeundum
698 3788 788 3844 riuum
806 3801 858 3842 nee
875 3801 960 3858 supro
976 3801 1039 3842 enm
1057 3787 1092 3854 (si
1110 3785 1180 3842 iorte
1198 3785 1250 3842 snb
1266 3791 1340 3842 terre
1350 3801 1423 3856 sque
1434 3786 1560 3851 duretur)

124 3875 210 3933 lorum
229 3877 390 3947 religiosum
410 3878 536 3934 dominus
554 3879 605 3933 soii
622 3876 712 3933 moero
730 3881 830 3946 potest,
849 3891 885 3932 ue
902 3875 1021 3931 seruitus
1038 3875 1167 3930 intereut:
1186 3879 1216 3930 et
1232 3873 1260 3930 id
1278 3889 1373 3930 uerum
1392 3879 1443 3930 est
1470 3874 1521 3929 sed
1532 3879 1562 3928 et
1579 3876 1611 3922 ⁴⁰.

126 3965 319 4036 deprenumm
338 3966 383 4020 uel
400 3966 590 4021 manaturum
608 3965 705 4034 riuum,
723 3979 872 4034 perquem
891 3978 990 4034 nouem
1008 3965 1066 4019 iuro
1085 3963 1147 4020 duoi
1165 3967 1330 4033 potestatem
1342 3961 1455 4030 hnbw,
1473 3961 1561 4016 nisisi

126 4081 309 4150 sperum]
375 4125 380 4134 .

128 4248 274 4304 ¹seruitns
292 4255 339 4302 ine.
352 4243 437 4307 (Kree
454 4246 494 4315 er)
553 4245 641 4300 ’siet
693 4245 797 4314 ⁸quis]
814 4243 967 4314 quandiu?
1019 4244 1113 4298 ‘duoi
1127 4247 1292 4312 ponentem
1311 4240 1405 4311 hebes]
1425 4251 1469 4297 nin
1487 4245 1562 4296 utitor

127 4318 219 4374 (τ’τωει·
236 4321 275 4384 (n.
287 4320 330 4384 i.):
348 4265 452 4370 dueis'?

127 4459 211 4514 lsint
241 4463 308 4514 suut
330 4459 361 4522 V,
385 4465 433 4514 ine.
446 4458 487 4512 Ρ·
539 4459 598 4512 do
619 4457 816 4526 pomponinst
871 4453 1163 4526 κιιροκόιιοιπωιήιω
1178 4454 1265 4526 Tipne.
1306 4453 1512 4509 30exn⁴titisse
1525 4455 1562 4507 Ρ

127 4538 169 4582 ιιι.
282 4527 418 4598 tuque]
436 4527 510 4597 quod
527 4530 558 4591 V,
577 4535 625 4581 ine.
639 4528 678 4581 1³⁶
725 4529 758 4582 13
771 4543 816 4582 ex·
870 4527 906 4581 32
923 4524 1023 4595 quibus
1035 4525 1154 4580 seruitus
1165 4525 1259 4593 utique
1271 4529 1314 4580 est
1331 4525 1376 4589 F,
1395 4539 1421 4594 q.
1434 4529 1561 4580 estsoru.

127 4599 188 4668 oipit
205 4601 243 4654 F¹
300 4601 335 4654 14
357 4599 429 4669 unis]
451 4599 523 4654 binis
542 4599 597 4652 PV
648 4600 681 4653 16
699 4599 818 4654 seruitus
870 4597 964 4667 utique
987 4600 1031 4650 ost
1052 4595 1153 4659 ΜΠ,
1176 4611 1202 4665 q.
1221 4599 1264 4650 est
1283 4611 1355 4651 seru.
1375 4595 1469 4664 utique
1486 4595 1562 4659 ΡΨ,

126 4670 195 4740 imp]
215 4671 343 4726 seruitiis
360 4671 425 4738 imp.
448 4670 479 4732 V,
498 4679 546 4725 iou.
558 4670 598 4723 P⁶
620 4669 624 4733 Ι
644 4669 818 4738 interpositus
870 4683 898 4737 q.
916 4673 959 4722 eet
977 4681 1047 4722 seru.
1067 4667 1161 4734 udque
1184 4667 1221 4720 eit
1238 4665 1293 4720 1³¹:
1317 4665 1333 4720 ὸ
1355 4667 1454 4736 opime
1477 4666 1560 4729 iisne

132 4741 159 4802 V,
176 4741 280 4796 ΜΡ·
326 4742 358 4796 17
378 4738 818 4812 ut‘poniut'(arteujiriip0nius)
867 4735 1050 4808 ‘oiciispie
1074 4737 1192 4800 insitio
1216 4735 1375 4800 tosiertrur'
1397 4736 1560 4806 tepiditate

127 4811 204 4866 alfius
226 4813 255 4865 F
302 4813 338 4866 20
361 4816 390 4865 et
412 4831 461 4864 om.
473 4810 522 4864 PL
543 4813 548 4877 Ι
568 4809 684 4878 nedem]
700 4810 818 4886 sPw,
872 4809 910 4862 καὶ
931 4807 963 4869 oi
980 4809 1036 4879 sepi
1056 4807 1152 4870 ἰιγτιῨ
1174 4808 1246 4862 Δοκεῖ
1268 4809 1351 4873 λἐιειι
1372 4809 1397 4862 T
1395 4815 1473 4876 ipsu,
1496 4807 1562 4860 node

126 4883 230 4938 trsdem
253 4883 311 4936 FL·
369 4883 404 4936 tt
431 4883 467 4936 sit
489 4880 659 4948 seruitutem]
687 4895 758 4936 eoru.
782 4881 819 4935 eit
872 4881 1004 4934 nuendum
1045 4879 1079 4933 37
1099 4879 1162 4964 que]
1175 4880 1275 4966 quius
1307 4880 1342 4934 41
1361 4877 1434 4946 duni]
1447 4876 1561 4941 sniu-

127 4952 165 5004 Ρ·
183 4955 189 5018 i
209 4967 304 5008 rursus
321 4955 358 5006 F·
414 4953 449 5008 23
472 4951 543 5021 em]
568 4950 683 5016 PVLU,
710 4965 774 5007 sum
797 4952 824 5004 i·
871 4949 911 5004 eis
928 4949 1019 5004 PVU:
1045 4951 1084 5004 sni
1107 4951 1191 5013 γψοῩκ
1216 4969 1254 5004 xer
1274 4949 1383 5010 ιτειοίι
1402 4947 1450 5001 rins
1468 4945 1561 5018 ὀχετὸι

127 5023 160 5077 29
175 5023 281 5093 exutio]
294 5023 548 5089 Pmextrtitits‘:
562 5023 600 5077 sni
614 5021 818 5086 fraboneoneos
871 5020 918 5082 τοῨ
937 5019 1034 5083 iteret
1051 5021 1160 5083 tiemo
1181 5023 1269 5093 Tipnc.
1285 5022 1290 5089 Ι
1305 5018 1403 5088 nisisi]
1421 5018 1474 5074 nisi
1486 5017 1567 5074 PLU
