3690 5558
147 301 205 350 uun
227 301 439 352 morton
462 300 634 351 sonorum
808 275 892 358 601
1334 279 1395 349 XX
1416 283 1436 349 il
1459 287 1574 345 11-15

146 439 210 496 iliae
227 441 336 496 nomine
355 441 493 511 darentur,
513 440 666 497 remissicae
684 439 779 506 uideri,
798 440 993 510 obligationem
1012 443 1105 496 antem
1117 437 1288 511 personalem
1300 453 1506 508 perseuerasse:
1524 437 1575 494 scd

146 529 272 586 aduersus
289 545 359 600 eam,
378 545 449 602 quae
467 530 553 600 patria
571 529 722 586 hereditate
740 545 771 586 se
789 529 930 600 abstinuit,
949 531 1084 586 actionem
1103 545 1158 586 non
1176 543 1238 584 esse
1256 527 1385 584 dandam.

110 620 134 678 ll
190 621 268 675 loun
290 619 359 676 licre
378 620 473 690 quinto
491 635 694 690 responsorum.
730 620 831 676 Paulus
849 618 990 690 respondit
1008 617 1199 689 Sempronium
1217 617 1397 687 antiquiorem
1430 628 1456 674 Β.
1466 629 1503 684 tn,
1510 628 1575 699 8-,13
1593 623 1620 677 Ρ

146 707 300 764 creditorem
324 709 554 778 consentientem,
578 725 640 764 cnm
664 708 773 765 debitor
795 707 911 764 eandem
934 723 992 764 reru
1016 707 1097 764 tertio
1116 707 1243 764 creditori
1261 705 1409 776 obligaret,
1433 707 1476 762 ius
1494 722 1573 762 snum

146 797 261 868 pignoris
278 797 430 852 remissicae
448 797 544 868 uideri,
563 813 618 854 uon
636 799 720 854 etiam
738 797 849 854 tertium
868 797 1004 852 inlocum
1022 795 1082 850 eius
1101 795 1277 866 successisse,
1295 799 1325 850 et
1341 794 1403 850 ideo
1422 793 1504 850 medii
1518 809 1575 850 cre·
1594 807 1607 848 s

146 885 234 941 (litoris
258 885 397 943 meliorem
420 903 531 942 causem
557 887 692 944 effectam.
728 885 801 942 idem
825 884 1028 942 obserunndum
1052 888 1146 940 estet
1169 884 1193 940 si
1216 883 1394 954 respublica
1416 884 1497 939 tertio
1514 883 1575 938 loce

124 974 293 1030 lerediderit.
325 974 377 1040 Qui
395 975 516 1045 pignoris
534 976 592 1032 iure
610 991 668 1032 rem
685 979 900 1047 persequuntur,
918 991 936 1030 a
953 973 1140 1030 uindicationa
1158 974 1197 1030 rei
1215 989 1264 1029 cos
1282 973 1416 1029 remoueri
1433 973 1533 1044 solere,
1551 971 1576 1027 si
1597 999 1603 1012 ·

146 1064 344 1134 qualiacumque
367 1079 511 1134 posaessor
529 1065 626 1120 offerro
644 1065 742 1120 undet:
767 1079 857 1135 noque
875 1063 947 1120 eninr
965 1062 1049 1119 debet
1066 1063 1160 1134 queeri
1178 1063 1214 1118 de
1232 1063 1290 1118 iure
1307 1061 1489 1134 possessoris,
1513 1075 1576 1116 oum

146 1152 181 1208 ius
198 1152 323 1222 petitoria
340 1157 514 1208 remoueatur
531 1153 620 1210 soluto
637 1155 761 1224 pignore.
1595 1161 1609 1203 ⁹

108 1238 133 1296 1³
192 1241 406 1298 Turrrrorrrrrus
422 1241 492 1297 libro
510 1246 610 1298 octauo
628 1241 852 1312 disputationum.
880 1239 910 1298 Si
928 1239 1067 1297 deferente
1085 1241 1220 1296 creditore
1238 1241 1340 1296 iurauit
1355 1239 1401 1296 de·
1419 1233 1576 1322 Q}
1595 1246 1637 1321 Ps

147 1328 211 1386 bitor
228 1345 259 1386 se
277 1330 343 1386 dare
355 1346 410 1387 non
423 1335 556 1400 oportere,
574 1331 676 1400 pignus
688 1329 827 1401 liberatur,
844 1331 910 1401 qula
922 1329 1035 1401 perinde
1047 1329 1171 1398 habetur,
1190 1333 1273 1400 etque
1285 1331 1308 1386 si
1320 1329 1421 1386 iudicio
1434 1328 1576 1384 absolutus

146 1423 225 1474 met:
244 1434 308 1474 nam
326 1424 355 1474 et
373 1421 397 1474 si
414 1419 533 1474 aiudioe
546 1420 672 1488 quamuis
684 1435 734 1490 per
745 1419 869 1475 iniuriam
883 1419 1026 1475 abrclutus
1038 1419 1075 1474 sit
1086 1417 1202 1490 debitor,
1220 1423 1313 1475 tamen
1325 1419 1426 1488 pignus
1437 1417 1576 1474 liberatur.

108 1506 134 1563 14
192 1509 294 1564 Lnauo
311 1505 381 1562 libro
399 1508 495 1578 quinio
513 1509 694 1578 posteriorum
713 1525 731 1564 a
747 1509 877 1564 Iauoleno
895 1508 1113 1578 epitomatorem.
1148 1507 1216 1564 Cum
1236 1509 1333 1564 colono
1350 1505 1400 1562 nti
1419 1501 1621 1591 [iffi—‘tri

147 1595 275 1665 conuenit,
294 1600 325 1650 ut
342 1596 452 1652 inuecta
464 1597 611 1666 importata
622 1596 730 1667 pignori
742 1601 844 1668 essent,
863 1596 951 1653 donec
964 1611 1069 1652 meroes
1080 1595 1131 1652 tibi
1143 1598 1234 1652 soluta
1245 1601 1294 1652 aut
1306 1595 1476 1652 satissactum
1489 1600 1576 1652 meet:

147 1685 238 1740 deinde
261 1685 395 1740 mercedis
419 1685 529 1740 nomine
551 1683 740 1742 fideiussorem
764 1687 896 1742 acolonc
914 1685 1053 1756 accepisti.
1086 1683 1258 1742 satisfactum
1276 1685 1327 1742 cui
1345 1685 1432 1741 uideri
1450 1685 1576 1742 eriatimo
1596 1697 1625 1740 re

147 1773 247 1829 etidec
265 1774 341 1830 dlata
357 1775 468 1844 pignori
485 1789 547 1830 esse
565 1773 679 1830 dmum.

108 1863 134 1922 15
191 1862 350 1918 Senuuonn
368 1861 438 1918 libro
455 1866 534 1919 sexto
553 1863 730 1932 digestorum.
767 1862 850 1918 Primi
868 1861 1018 1932 creditoris,
1037 1863 1084 1933 qui
1100 1863 1209 1932 pignori
1226 1861 1340 1932 praedia
1357 1877 1401 1918 ac
1420 1856 1576 1948 Q
1597 1871 1623 1926 A

148 1958 257 2022 ceperat,
276 1957 305 2006 et
321 1951 488 2022 posterioria,
507 1952 551 2007 cul
570 1951 681 2022 quidam
699 1967 734 2006 ex
752 1951 839 2007 isdem
858 1949 950 2007 fundis
968 1951 1026 2006 dati
1044 1955 1130 2022 erant,
1150 1951 1186 2007 ad
1203 1951 1320 2008 eandem
1337 1967 1482 2022 personam
1501 1953 1576 2010 here·

148 2039 210 2096 dilus
222 2039 385 2096 deuoueret:
404 2040 513 2096 debitor
523 2041 665 2111 offerebat,
677 2045 809 2110 quantum
822 2056 840 2095 a
851 2041 1002 2112 posteriore
1014 2039 1149 2098 creditore
1161 2044 1303 2096 mutuatus
1314 2040 1413 2097 fuerat.
1436 2043 1578 2114 respondit

148 2129 292 2200 cogendum
311 2129 436 2200 accipere
454 2130 532 2186 saluo
550 2129 609 2186 iure
626 2130 749 2200 pignoris
766 2130 865 2200 prioris
883 2133 1049 2186 contrectes.
1596 2145 1625 2185 ro

148 2244 302 2316 F[P(Vll)]

1475 2365 1578 2374 —-

148 2423 257 2492 iqua⁴e
267 2423 312 2488 Fi,
325 2437 407 2491 quem
417 2423 458 2476 P·
473 2423 478 2488 1
493 2421 639 2479 hereditati
651 2423 688 2476 F⁰
703 2425 708 2490 l
724 2423 831 2478 actione
884 2439 945 2478 rum
958 2425 985 2478 P
1026 2423 1060 2480 15
1078 2422 1267 2478 satisfactum
1281 2421 1332 2479 tibi
1345 2423 1383 2478 F‘
1429 2425 1463 2480 16
1480 2424 1577 2494 pigno-

149 2493 182 2546 P·
230 2493 362 2563 ttcrtio]
384 2493 445 2548 titio
465 2495 544 2549 Pl'll
563 2497 568 2562 Ι
588 2495 692 2550 iussum
717 2495 764 2560 1³⁶,
788 2494 831 2549 ius
884 2495 921 2550 ris
945 2495 1044 2550 ΡΜ·
1064 2498 1069 2562 Ι
1089 2495 1199 2551 dedisse
1223 2495 1262 2549 P·
1329 2496 1362 2551 ll
1384 2495 1518 2564 praedia
1540 2496 1578 2550 lii

149 2565 185 2618 rui
201 2564 279 2619 Ptll‘
331 2565 399 2620 din
417 2566 477 2621 loco
496 2566 522 2618 P
574 2567 609 2621 10
629 2564 698 2622 libro
716 2565 774 2620 uiiii
792 2567 832 2620 P·
885 2567 920 2622 19
943 2566 1091 2623 efferrebat
1115 2568 1159 2636 iil
1179 2565 1332 2622 creditore*
1354 2569 1391 2621 F³
1445 2568 1480 2622 20
1499 2567 1578 2623 soluo

150 2636 178 2692 12
194 2635 228 2692 ab
245 2635 336 2692 iudice
354 2637 432 2691 PVU
493 2637 526 2692 13
545 2653 562 2692 a
580 2637 684 2706 ooaPl
699 2637 831 2707 epitoma·
885 2638 953 2693 1²⁶1}

279 2929 314 2998 r*
326 2949 340 2974 ··
405 2917 441 2960 '²⁸

268 2919 468 3281 Q
