3778 5544
598 961 748 1038 malt
774 963 981 1039 mnus
1006 959 1229 1042 cremet.

505 1317 547 1395 it
585 1315 651 1394 DE
680 1182 999 1396 CONDIOTIIoNE
1025 1315 1235 1395 FURTIUA
1274 1319 1312 1398 R
1649 1335 1724 1392 sur

147 1471 163 1526 i
239 1471 396 1529 Urmrrrrcs
413 1470 484 1528 libro
502 1475 602 1528 octarw
620 1471 727 1528 decimo
745 1472 783 1529 ad
800 1471 941 1530 Sabinum.
976 1474 1009 1529 ln
1026 1471 1129 1530 iurdua
1145 1487 1176 1529 re
1193 1473 1245 1530 soii
1262 1472 1372 1530 dominc
1390 1487 1453 1530 con·
1472 1468 1630 1558 Q
1649 1478 1671 1532 S

1649 1573 1662 1614 c

183 1559 275 1617 dictio
293 1561 433 1632 competit.

147 1647 167 1705 2
239 1649 416 1706 Poarorrns
432 1647 503 1706 libro
521 1652 601 1704 serto
618 1647 726 1706 decimo
743 1647 780 1703 cd
792 1647 932 1706 stonum.
959 1647 1136 1706 condictione
1147 1665 1182 1706 er
1194 1663 1279 1706 cansa
1310 1659 1496 1718 e.ao,1o,1.n
1518 1661 1630 1722 epact
1649 1654 1671 1708 s
1732 1639 1735 1644 ’

183 1735 294 1794 irrrtirra
311 1741 341 1792 et
356 1737 453 1794 furiosi
470 1741 500 1793 et
516 1735 636 1794 inientes
653 1737 822 1809 obligantur,
846 1753 909 1793 cum
926 1737 1043 1794 heredes
1060 1738 1208 1794 necessarii
1225 1738 1402 1808 exstiterunt,
1424 1726 1631 1808 quamuia‘mrn'r

185 1827 228 1882 eis
247 1827 296 1896 agi
314 1841 370 1882 uon
385 1825 482 1896 possit

147 1911 167 1970 8
239 1915 364 1972 Psccus
381 1913 451 1970 libro
469 1927 542 1970 nono
560 1913 598 1970 ad
609 1911 752 1970 Sabinum.
785 1911 815 1970 Si
833 1913 993 1970 condicatur
1010 1929 1108 1970 rernns
1126 1929 1161 1970 ex
1179 1929 1265 1970 causa
1281 1911 1391 1984 inrtina,
1410 1913 1438 1970 id
1470 1923 1631 1981 e,co‚1o‚a.c
1650 1919 1672 1975 S

184 2004 285 2059 renim
307 2004 336 2059 in
360 1998 561 2059 condictionem
583 2007 689 2058 certum
712 2005 757 2058 est
779 2003 854 2073 qnod
876 2003 985 2060 intersit
1002 2004 1123 2074 agentis,
1147 2003 1234 2058 nelnti
1251 2003 1275 2059 si
1292 2002 1373 2058 heres
1390 2002 1427 2058 sit
1443 2003 1585 2057 institutus
1603 2005 1633 2057 et
1650 2013 1679 2055 ro

184 2092 341 2162 monium
360 2090 461 2148 subeat
477 2090 605 2147 dominns
622 2089 783 2148 hereditatis
797 2091 963 2162 perdendae.
990 2092 1066 2162 quod
1077 2095 1107 2148 et
1116 2091 1238 2148 Iulianus
1250 2089 1352 2150 conicit
1378 2091 1444 2147 item
1457 2089 1481 2146 si
1493 2093 1631 2146 mortuum

184 2179 327 2236 hominem
346 2179 482 2249 condicat,
501 2183 711 2236 consecuturum
730 2181 770 2236 ait
786 2181 905 2252 pretium
923 2181 1093 2237 hereditatis.

148 2267 169 2324 a
240 2247 396 2325 omncs
413 2267 483 2325 uem
500 2267 731 2339 quemnemo
748 2269 837 2339 peno
855 2269 893 2326 se
910 2267 1051 2326 esurum.
1078 2267 1109 2324 ar
1126 2283 1223 2325 crum
1238 2267 1283 2324 ue
1294 2265 1367 2324 crtus
1378 2266 1456 2324 cmi·
1475 2259 1633 2352 Q
1650 2271 1672 2328 c

184 2355 239 2412 lias
262 2355 369 2413 furtum
391 2357 569 2427 commiserit,
594 2357 795 2414 condicendam
818 2363 862 2414 est
883 2358 993 2415 domino
1010 2358 1040 2414 id
1058 2357 1132 2428 qnod
1149 2357 1267 2414 adeum
1284 2355 1423 2428 peruenit:
1445 2357 1474 2412 in
1491 2355 1631 2412 residuum

186 2459 279 2502 noxae
297 2460 408 2501 sernum
425 2445 553 2502 dominus
571 2445 672 2502 dedere
689 2449 791 2517 potest
1650 2457 1678 2498 1⁶

151 2531 170 2590 5
240 2535 364 2591 Pectus
380 2533 451 2591 licre
468 2549 542 2592 nono
560 2535 595 2591 sd
611 2533 751 2592 Sabinum.
779 2535 823 2590 iix
840 2533 943 2592 irmina
960 2549 1045 2591 musa
1061 2532 1118 2590 ilio
1135 2533 1253 2590 familias
1271 2533 1379 2591 cerdici
1395 2537 1455 2604 pot·
1474 2527 1630 2620 Q
1649 2539 1671 2596 S

188 2625 245 2680 est:
264 2637 415 2693 numquam
432 2624 505 2680 enim
523 2637 558 2680 ea
576 2623 748 2681 condictione
766 2625 836 2681 clins
854 2639 937 2694 qoam
955 2625 1003 2694 qni
1019 2622 1086 2680 iecit
1102 2627 1213 2679 tenetur
1230 2627 1279 2678 ant
1295 2623 1375 2679 heres
1393 2623 1461 2678 eius.

153 2709 171 2768 d
242 2711 396 2769 umarus
413 2711 483 2769 irirro
500 2713 661 2783 nigerrimo
679 2717 778 2770 octauo
797 2713 834 2769 ad
852 2713 981 2769 edictum.
1008 2712 1126 2769 Proinde
1144 2714 1197 2768 etsi
1214 2727 1268 2784 ope
1279 2713 1393 2769 consilio
1405 2713 1453 2768 ali·
1472 2707 1629 2796 [fico-ro]
1648 2717 1684 2772 S·

189 2801 271 2858 cuins
289 2800 393 2856 inrtnm
410 2799 514 2857 iactum
532 2801 577 2871 sit,
594 2801 768 2858 condictione
785 2817 840 2860 non
857 2801 1004 2872 tenebitur,
1022 2803 1074 2858 etsi
1091 2800 1157 2858 iurti
1174 2806 1291 2858 tenetur.
1485 2787 1630 2798 “⁸’‘
1649 2810 1678 2852 rs

154 2885 173 2945 7
242 2891 324 2946 Ion
340 2889 410 2946 libro
428 2889 659 2961 quadragensimo
677 2890 799 2947 secundo
817 2889 854 2946 ad
872 2889 1013 2947 Sabinum.
1041 2889 1072 2947 Si
1088 2905 1138 2962 pro
1156 2889 1217 2947 iure
1227 2891 1364 2947 damnum
1382 2889 1455 2946 deci·
1474 2885 1630 2974 Q
1649 2893 1671 2950 S

190 2993 252 3034 sum
271 2979 316 3049 sit,
335 2979 536 3035 condictionem
554 2993 610 3035 non
627 2979 753 3050 impediri
770 2979 943 3036 uerissimnm
961 2983 1017 3034 est:
1036 2979 1174 3035 decisione
1191 2980 1264 3034 enim
1275 2977 1341 3034 furti
1352 2977 1462 3048 quidem
1476 2980 1557 3050 actio,
1575 2994 1631 3034 non

159 3078 171 3121 1
190 3073 286 3122 antem
304 3068 442 3124 condictio
459 3069 571 3124 totlitur.
598 3069 676 3123 Furti
694 3069 766 3124 actio
783 3081 900 3138 poenam
918 3068 989 3138 petit
1005 3068 1165 3138 legitimam,
1184 3067 1320 3123 condictio
1338 3083 1396 3124 rem
1414 3067 1510 3138 ipsam.
1538 3082 1572 3123 ea
1586 3081 1631 3123 res

189 3153 266 3226 iacit,
284 3159 317 3211 nt
334 3171 423 3226 neque
440 3154 506 3212 irrrti
523 3157 597 3212 actio
614 3171 665 3227 per
682 3155 881 3213 condictionem
899 3169 989 3226 neque
1007 3155 1142 3212 condictio
1160 3171 1209 3227 per
1220 3153 1285 3211 inrti
1297 3157 1432 3212 actorem
1445 3159 1630 3212 consumatur.

190 3242 214 3298 is
237 3245 348 3314 itaque,
373 3243 418 3300 cui
437 3243 542 3300 inrtnm
559 3243 663 3301 iactum
682 3251 737 3316 est,
761 3243 845 3300 hebet
863 3243 998 3300 actionem
1016 3241 1081 3300 inrti
1099 3249 1128 3300 ct
1145 3245 1345 3301 condictionem
1363 3249 1392 3301 et
1408 3244 1630 3315 uindicationem,
1780 3308 1785 3316 ¹

159 3329 277 3388 thsbet
300 3336 329 3388 et
352 3332 389 3388 sd
406 3331 590 3388 exhibendum
608 3335 754 3390 actionem.
792 3332 935 3389 Ocndictic
953 3333 993 3388 rei
1010 3331 1141 3403 inrtinse,
1165 3333 1230 3402 quia
1247 3335 1286 3388 rei
1303 3332 1387 3389 habet
1403 3333 1630 3404 persecutionem,
1649 3344 1679 3384 rs

195 3418 351 3489 lheredern
370 3433 480 3492 quoquc
497 3419 566 3478 iuris
584 3421 702 3492 obligat,
723 3437 776 3478 nec
792 3425 901 3478 tanturn
920 3421 944 3477 ei
960 3421 1039 3477 ciust
1056 3435 1154 3477 mmue
1171 3418 1302 3492 surtinus,
1326 3422 1376 3477 sed
1393 3422 1476 3477 etism
1495 3421 1518 3476 si
1536 3420 1630 3476 deces-
1648 3427 1664 3476 t.
1675 3428 1719 3476 toi

191 3510 272 3564 serit:
295 3509 345 3564 aed
362 3515 392 3566 et
409 3509 433 3564 ei
451 3509 525 3580 apud
542 3507 611 3566 iuris
627 3509 758 3566 heredem
776 3509 849 3566 diem
869 3523 949 3565 auum
967 3509 1036 3566 obiit
1053 3525 1150 3566 seruus
1168 3507 1286 3566 iuriiuus
1303 3512 1349 3566 uel
1366 3525 1421 3565 non
1439 3509 1514 3580 apud
1530 3509 1630 3581 ipsum,

191 3602 256 3666 post
280 3601 396 3654 mortem
414 3603 507 3654 umen
524 3596 605 3668 iuris,
629 3597 775 3654 dicendum
794 3602 838 3654 cst
855 3598 1055 3655 condictionem
1075 3598 1208 3654 aduersum
1226 3597 1354 3654 heredem
1372 3597 1480 3654 durare.
1514 3612 1585 3668 qnae
1602 3598 1631 3654 ln

190 3683 292 3741 herede
311 3685 438 3757 diximus,
457 3685 554 3742 eadem
573 3690 653 3742 crunt
670 3689 700 3740 et
716 3685 744 3741 in
762 3688 861 3741 ceteris
879 3686 1092 3742 successoribus.
1649 3697 1679 3740 se

157 3769 175 3830 8
244 3774 325 3828 Inmrr
346 3773 415 3829 libro
436 3775 588 3831 nicenaimc
607 3774 724 3844 septimo
742 3773 779 3829 ad
797 3775 926 3830 edictum.
962 3775 994 3832 In
1013 3790 1043 3831 re
1060 3774 1163 3831 furtiua
1179 3772 1316 3831 condictio
1333 3775 1455 3845 ipsorum
1474 3768 1671 3860 QS

192 3875 337 3934 corporum
360 3863 504 3933 competit:
525 3863 577 3919 'sed
600 3867 691 3918 utrum
709 3861 830 3933 tamdiu,
854 3864 985 3932 quemdin
1003 3867 1125 3934 exstent,
1149 3879 1184 3920 an
1202 3878 1269 3918 nero
1287 3867 1316 3918 et
1333 3863 1357 3917 ai
1374 3862 1506 3919 desierint
1522 3878 1584 3919 esse
1602 3864 1631 3920 in

191 3949 275 4006 rebus
296 3947 443 4006 humanis?
474 3956 503 4008 at
520 3951 544 4008 si
562 3951 672 4022 quidem
691 3951 792 4022 optulit
808 3950 867 4022 ior,
890 3953 949 4008 aine
967 3951 1052 4008 dnbio
1070 3952 1146 4008 nulia
1163 3952 1216 4008 crit
1234 3951 1384 4008 condictio:
1408 3951 1433 4006 ei
1449 3966 1505 4007 non
1523 3951 1629 4022 optulit,
1774 3947 1783 3980 ⁴

162 4049 174 4094 1
192 4036 273 4094 durat
296 4038 433 4094 condictio
451 4040 650 4096 aestimationis
668 4041 741 4096 eins:
767 4055 867 4112 corpus
886 4041 957 4096 enim
976 4041 1067 4112 ipsum
1085 4041 1219 4111 praestari
1236 4055 1291 4096 non
1309 4045 1409 4110 potest
1446 4037 1476 4095 Si
1493 4054 1529 4094 er
1546 4053 1632 4094 causa

191 4124 294 4183 ternuc
315 4141 360 4182 res
380 4127 553 4199 condicatur,
578 4127 657 4184 cuius
674 4129 807 4199 temporis
825 4129 980 4186 aestimatio
997 4127 1055 4199 fiat,
1074 4128 1223 4199 quaeritur.
1258 4128 1350 4199 placet
1365 4131 1459 4182 tamen
1475 4127 1504 4182 id
1521 4131 1631 4197 tempca

191 4214 380 4286 spectandum,
398 4230 453 4286 quo
471 4229 516 4272 res
533 4231 663 4286 umquam
681 4217 790 4289 plurimi
808 4215 868 4288 init,
887 4217 1005 4273 maxime
1024 4232 1087 4273 oum
1105 4217 1269 4274 deteriorem
1286 4231 1344 4272 rem
1363 4213 1464 4272 tectam
1482 4213 1527 4271 iur
1539 4213 1630 4271 dando
1649 4227 1679 4270 so

191 4328 379 4402 ricveo]

194 4509 210 4562 6
236 4507 416 4578 condictione}
445 4506 532 4573 Pedi,
564 4509 730 4566 condictioni
760 4509 884 4566 ww·
937 4512 971 4567 17
980 4509 1179 4566 condictioione
1189 4507 1234 4573 Fi,
1250 4509 1495 4565 condictioioneii·
1530 4509 1631 4578 idope

194 4578 353 4648 tqncmnis
375 4595 438 4634 cum
461 4580 502 4634 eis
525 4581 571 4650 agi
595 4596 648 4635 non
670 4581 768 4652 possit]
789 4586 883 4654 confice
936 4587 966 4637 et
983 4579 1217 4638 coneilioPVLU
1261 4581 1295 4635 19
1309 4578 1412 4635 furtum
1429 4577 1543 4650 iactum]
1557 4577 1631 4634 fure-

192 4656 263 4705 mcmt
278 4651 320 4706 B:
345 4649 368 4704 εἰ
387 4651 424 4706 rai
444 4648 517 4712 circi
541 4649 589 4713 οῨκ
612 4649 761 4717 tetrorum,
785 4655 885 4707 collatio
936 4658 982 4708 tue
1001 4652 1048 4718 P·,
1066 4650 1169 4706 furtum
1183 4650 1227 4705 V?
1280 4652 1315 4706 23
1339 4650 1475 4708 condictio
1498 4649 1631 4724 periurii

192 4720 311 4775 atauo:
334 4719 397 4784 οῨΔὲ
421 4719 537 4788 cedma·
563 4719 655 4786 ΑῩτόο,
680 4721 736 4777 ἄλλ’
758 4723 810 4778 terr
835 4723 883 4776 stu
937 4723 1083 4792 actionem]
1103 4721 1275 4778 condictione
1293 4718 1359 4778 furti
1377 4722 1450 4777 sotio
1468 4721 1544 4784 ΡΨ,
1567 4735 1631 4775 con-

324 4901 331 4926 ,
482 4883 504 4918 ..·
541 4883 659 4928 escrae
703 4884 708 4920 ι
740 4883 829 4927 amorre
853 4883 885 4926 ογ
1618 4871 1631 4896 ⁰

193 4930 314 4993 discursu
360 4933 397 4988 14
413 4933 600 4990 condiocndus
618 4935 659 4989 P·
705 4936 740 4992 15
757 4935 886 4991 domiuus
937 4935 1073 4992 diderat
1101 4934 1230 4991 duraP·

193 5001 303 5073 dedere]
327 5001 428 5060 dedere
450 5003 566 5071 P·VU·,
589 5004 691 5062 dedere
713 5006 839 5064 dominus
859 5005 885 5060 L
