3738 5548
255 234 300 301 Xl
323 236 341 299 7
362 241 459 296 6-12
932 225 1019 307 350
1430 251 1476 298 oe
1499 247 1689 298 meruere

255 390 317 458 quis
335 388 387 444 hoc
405 391 435 443 et
451 387 570 443 uendere
589 393 617 442 et
633 386 744 442 donare.
772 388 796 442 si
808 386 999 456 cenotaphium
1014 385 1052 456 fit,
1071 402 1153 456 posse
1165 386 1217 442 hoe
1229 386 1323 442 uenire
1335 386 1481 444 dicendum
1493 391 1549 442 est:
1568 380 1692 470 Q

255 493 307 532 nee
325 478 397 532 enim
415 491 477 532 esse
495 475 547 531 hoe
564 477 722 544 religiosum
740 475 797 530 diui
815 473 913 530 frutres
931 476 1137 545 rescripserunt.

219 566 237 624 7
309 564 402 620 Gerus
424 563 494 619 libro
511 577 582 618 nono
600 563 707 618 decimo
725 564 761 618 sd
779 563 899 618 edietum
916 564 1092 634 prouineinie.
1130 563 1157 618 ls
1175 563 1222 632 qui
1239 563 1332 618 intrdit
1348 567 1486 620 mortuum
1503 563 1533 619 in
1549 558 1692 646 Q
1710 571 1737 623 E
1866 548 1869 555 ’

256 653 374 709 alienum
391 654 491 721 locum,
510 655 559 706 aut
576 651 671 706 tollere
689 652 718 706 id
735 652 810 721 quod
827 653 918 707 intulit
936 657 985 707 uut
1001 653 1054 707 loci
1071 652 1190 722 pretium
1208 657 1347 721 praestare
1365 652 1473 720 cogitur
1483 667 1534 722 per
1545 652 1573 708 in
1585 651 1691 708 facturn

223 751 236 795 1
255 743 399 811 actionem,
418 755 489 810 quae
506 743 564 794 tarn
582 737 675 794 heredi
693 756 774 810 quam
793 741 823 796 in
840 740 967 796 heredem
987 741 1119 810 competit
1132 745 1161 796 et
1172 744 1306 810 perpetua
1319 745 1370 796 eet
1398 739 1542 796 Aduersus
1553 756 1626 810 eum,
1644 741 1693 810 qui
1711 753 1724 793 s

255 832 284 886 in
307 831 418 885 alfenus
442 843 533 884 aream
553 826 703 898 lapideam,
728 830 757 884 in
774 843 830 898 que
847 828 937 884 adhuc
955 834 1080 885 mortuus
1099 844 1154 885 non
1172 829 1224 884 erit
1241 828 1381 900 conditus,
1405 833 1543 886 mortuum
1560 830 1692 898 intulerit,

255 919 350 974 utilem
368 917 503 974 actionem
521 916 549 970 in
567 913 669 972 factum
688 918 835 986 proconsul
852 917 908 988 dut,
927 918 992 988 quie
1009 934 1065 973 non
1082 907 1191 988 proprie
1209 919 1254 975 uel
1271 918 1300 974 in
1318 917 1491 989 sepulchrum
1502 917 1549 974 uel
1559 918 1589 974 in
1600 919 1692 974 locum

255 1008 368 1063 dterius
384 1006 510 1062 intulisse
527 1005 581 1060 dici
598 1009 699 1074 potest
1854 1065 1865 1086 .

219 1091 239 1151 8
309 1096 460 1152 Unrrnrrus
482 1093 551 1149 lihro
573 1093 723 1148 uicensimo
741 1095 837 1163 quinto
856 1094 892 1149 sd
909 1094 1037 1150 edietum.
1075 1093 1145 1149 Osse
1163 1109 1234 1164 quae
1252 1093 1288 1151 ab
1305 1095 1359 1151 aiio
1376 1095 1453 1154 illata
1469 1099 1535 1152 suut
1552 1089 1694 1178 Q
1711 1099 1740 1153 Ε
1853 1095 1865 1177 ζ

256 1187 302 1241 uel
319 1199 419 1254 corpus
436 1197 472 1238 an
488 1183 571 1254 liceat
587 1182 697 1237 domino
714 1181 768 1237 loci
786 1182 905 1238 effodere
923 1183 968 1238 uei
986 1195 1081 1238 eruere
1100 1183 1159 1238 sine
1173 1182 1285 1240 decreto
1296 1182 1456 1253 pontifleum
1468 1199 1518 1240 seu
1529 1184 1606 1240 iussu
1619 1183 1694 1253 prin-
1713 1195 1742 1234 rc
1853 1183 1864 1254 ζ

257 1274 335 1344 cipis,
352 1271 519 1342 quaestionis
537 1275 593 1326 est:
613 1275 642 1326 et
659 1270 698 1324 uit
714 1268 808 1326 Lebeo
826 1271 1040 1340 exspectandum
1058 1272 1103 1326 uel
1120 1272 1284 1340 permissum
1301 1271 1457 1342 pontificale
1475 1288 1525 1328 seu
1542 1255 1694 1332 imsionem
1853 1255 1863 1283 ²

225 1371 237 1414 1
257 1361 395 1431 principis,
414 1360 532 1429 alioquin
550 1359 709 1415 iniuriarum
727 1357 785 1414 fore
804 1359 938 1416 actionem
951 1359 1084 1414 aduersus
1097 1375 1159 1414 eum
1172 1359 1219 1429 qui
1230 1360 1319 1416 eiecit
1346 1359 1377 1416 Si
1388 1361 1464 1416 locus
1476 1361 1622 1430 reilgiosus
1641 1356 1693 1442 [ᾧ

257 1465 308 1521 pro
325 1464 394 1519 puro
412 1448 521 1505 uenisse
540 1448 659 1518 dicetur,
677 1452 788 1517 praetor
805 1448 833 1502 in
850 1445 955 1502 factum
973 1446 1111 1502 actionem
1126 1448 1154 1504 in
1173 1464 1236 1504 eum
1254 1448 1303 1504 dat
1320 1449 1346 1504 ei
1363 1448 1401 1505 ed
1418 1463 1500 1518 quem
1518 1463 1553 1504 ee
1569 1463 1614 1504 res
1632 1464 1695 1518 per-

224 1545 239 1590 t
258 1540 340 1594 tinet:
359 1552 430 1608 quae
448 1537 520 1592 ectio
538 1541 566 1591 et
583 1537 611 1592 in
629 1535 756 1591 heredem
775 1537 914 1606 competit,
936 1551 999 1592 eum
1016 1537 1097 1605 quusi
1114 1552 1150 1591 er
1167 1541 1260 1606 empto
1278 1537 1415 1594 actionem
1431 1537 1579 1594 contineat.
1616 1535 1696 1592 Stin

256 1628 348 1683 loeum
364 1626 481 1696 puhlicis
498 1624 595 1680 usibus
613 1624 780 1680 destinatum
798 1625 921 1680 intulerit
938 1626 999 1695 quis
1017 1630 1169 1696 mortuum,
1190 1631 1300 1701 praetor
1317 1627 1346 1680 in
1363 1641 1427 1682 eum
1444 1625 1575 1680 iudicium
1592 1623 1651 1694 dat,
1670 1625 1697 1680 si
1715 1637 1745 1676 re

257 1715 321 1772 dolo
338 1713 435 1770 fecerit
453 1717 482 1770 et
498 1714 567 1768 erit¹
586 1719 665 1769 extre
681 1712 805 1769 ordinem
822 1713 993 1783 plectendus,
1012 1713 1120 1769 modica
1137 1717 1230 1771 temen
1248 1715 1424 1772 coercitione:
1443 1713 1493 1770 sed
1510 1714 1608 1769 sisium
1620 1713 1695 1784 dolo,

224 1811 239 1856 e
257 1801 443 1860 shmluendus
460 1806 512 1858 est
539 1802 572 1857 In
589 1801 642 1856 hec
659 1807 751 1856 autem
770 1802 878 1858 actione
895 1803 948 1858 loci
965 1801 1184 1872 pnriappelletr'o
1197 1803 1273 1857 etad
1285 1801 1440 1860 aedificium
1451 1799 1630 1872 pmdnesuds
1641 1807 1696 1858 est

223 1893 315 1949 tileo
337 1892 425 1948 solnm
448 1891 560 1946 domino
583 1889 652 1946 haec
670 1891 742 1947 aetio
760 1891 905 1961 competit,
929 1906 1024 1946 uerum
1043 1891 1069 1946 ei
1086 1906 1211 1962 quoque,
1235 1892 1283 1961 qui
1300 1891 1424 1948 eiusdem
1441 1890 1495 1946 loci
1510 1888 1595 1946 hahet
1612 1903 1697 1946 usum

224 1987 239 2034 5
255 1979 375 2036 fructum
393 1979 438 2035 uei
456 1980 574 2050 aliquam
592 1979 766 2050 seruitutem,
791 1980 856 2048 quir
873 1980 917 2036 ius
934 1978 1097 2050 prohibendi
1114 1981 1197 2036 etiam
1214 1979 1243 2034 hi
1260 1978 1371 2036 habent
1405 1978 1454 2049 ui,
1476 1978 1523 2047 qui
1540 1977 1697 2048 prohibitus

140 2106 142 2112 ·
257 2074 301 2124 est
322 2067 422 2124 inferre
445 2069 474 2123 in
497 2082 560 2122 eum
582 2068 685 2138 locum,
710 2081 764 2136 quo
787 2068 879 2124 eiius
903 2067 1036 2126 inferendi
1054 2073 1136 2138 esset,
1155 2069 1184 2123 in
1200 2066 1305 2124 fectum
1323 2069 1396 2126 sotio
1414 2068 1546 2138 competit
1564 2072 1593 2122 et
1610 2069 1697 2124 iuter-
1716 2080 1747 2123 re

257 2157 374 2226 dictum,
400 2156 508 2212 etiamsi
529 2171 585 2211 non
605 2157 667 2226 'ipse
690 2155 843 2227 prohibitus
861 2157 910 2226 sit,
934 2157 984 2212 sed
1006 2160 1166 2227 procurator
1189 2155 1271 2228 eius,¹
1285 2158 1351 2229 quie
1365 2157 1509 2214 intellectu
1525 2156 1617 2226 aliquo
1634 2157 1698 2226 ipse

257 2245 410 2317 prohibitus
426 2243 544 2300 uidetur.
736 2293 739 2302 ,
1155 2308 1156 2312 ¹

221 2331 240 2390 9
310 2334 405 2391 Ganos
421 2332 490 2389 libro
508 2333 705 2390 nonodecimo
724 2332 1092 2404 adedictumprouiuoiale.
1126 2332 1255 2390 Liberum
1274 2338 1318 2390 est
1335 2333 1426 2403 siqui
1444 2331 1605 2403 prohrhstur
1623 2348 1697 2390 mor·
1716 2333 1745 2388 Ε
1848 2327 1865 2360 ·''

257 2429 335 2481 tuum
353 2437 452 2478 osseus
469 2421 569 2478 mortui
586 2420 686 2476 inferre
706 2425 755 2476 aut
772 2422 866 2477 stetim
883 2422 1028 2478 interdicto
1046 2423 1098 2492 uti,
1122 2437 1176 2492 quo
1194 2421 1354 2492 prohibetur
1370 2423 1397 2478 ei
1415 2422 1459 2478 uis
1475 2420 1548 2492 feri,
1573 2426 1623 2478 aut
1641 2423 1697 2478 clio
1850 2417 1856 2427 '

256 2511 358 2570 inferre
379 2515 408 2567 et
429 2515 528 2580 posteat
549 2511 578 2566 in
600 2508 703 2566 lacum
726 2525 823 2579 agere:
846 2525 896 2580 per
917 2525 1001 2580 quum
1025 2517 1208 2581 consequetur
1231 2515 1321 2580 ector,
1345 2511 1442 2581 quanti
1461 2511 1522 2566 eius
1539 2507 1699 2566 interfuerit
1717 2525 1750 2567 aa
1846 2504 1858 2544 f

257 2600 424 2672 prohibitum
440 2613 496 2655 non
514 2613 584 2668 esse,
602 2599 631 2654 in
647 2614 731 2669 quam
749 2599 982 2668 computationem
1000 2599 1074 2654 cedit
1084 2600 1138 2656 loci
1148 2600 1234 2670 empti
1245 2599 1365 2670 pretium
1377 2604 1428 2668 ant
1438 2599 1567 2658 conducti
1579 2613 1696 2669 merces,
1849 2597 1860 2609 ’

257 2690 323 2745 item
347 2689 389 2745 sui
405 2688 459 2744 ioci
476 2687 608 2758 pretium,
632 2703 713 2756 quem
732 2688 808 2758 quis,
831 2687 884 2742 nisi
902 2692 1014 2743 coactus
1032 2691 1089 2758 est,
1113 2689 1271 2768 religiosum
1289 2687 1412 2744 faeturrus
1430 2703 1486 2743 non
1501 2692 1601 2744 esset'
1623 2687 1697 2744 unde
1846 2685 1866 2728 ἒ

204 2796 207 2804 ’
257 2777 353 2848 miror,
377 2791 463 2847 quare
484 2781 610 2832 construe
632 2775 761 2832 uideatur
783 2791 872 2846 neque
895 2775 989 2832 heredi
1012 2791 1101 2846 neque
1124 2778 1154 2833 iu
1170 2776 1299 2834 heredem
1317 2776 1437 2834 dandum
1455 2776 1526 2832 hano
1544 2777 1697 2832 achonem:
1849 2779 1866 2822 ³,

257 2884 322 2924 nam
344 2871 377 2922 ut
399 2869 527 2936 apparet,
551 2865 725 2936 pecuniariae
748 2864 909 2935 quantitatis
932 2867 1003 2923 ratio
1020 2867 1049 2922 in
1066 2880 1128 2923 sem
1146 2866 1305 2924 deducitur:
1328 2869 1403 2922 certe
1421 2869 1555 2936 perpetuo
1572 2879 1609 2922 eo
1625 2865 1699 2922 iuter
1848 2869 1858 2883 ”

257 2957 333 3028 ipsos
351 2956 492 3026 competit
1719 2967 1753 3008 ao
1848 2959 1866 2998 ἵ

202 3049 251 3108 10v
311 3044 463 3101 Uarianos
485 3041 554 3099 libro
576 3041 727 3098 uicensimo
747 3040 845 3112 quinto
870 3041 907 3096 sd
929 3042 1059 3099 edictum.
1095 3042 1125 3100 Si
1147 3044 1274 3100 uenditor
1291 3041 1371 3100 fundi
1387 3041 1528 3114 exceperit
1543 3041 1636 3098 locum
1653 3055 1697 3096 se·
1718 3041 1750 3094 Ε
1848 3057 1866 3090 ι·

257 3132 364 3206 pulohri
381 3132 418 3188 ad
435 3131 495 3202 hoc,
513 3135 546 3189 ut
561 3130 622 3200 ipso
638 3129 796 3199 posterique
814 3130 874 3188 eius
891 3129 937 3186 illo
954 3129 1128 3203 inferrentur,
1146 3133 1171 3188 si
1188 3134 1237 3189 uia
1252 3132 1294 3206 uti
1310 3130 1496 3203 prohibeatur,
1513 3137 1546 3186 ut
1557 3135 1698 3186 mortuum
1854 3150 1860 3159 ·

258 3239 339 3279 suum
357 3220 477 3290 inferret,
495 3234 582 3290 agere.
596 3222 702 3290 potest:
720 3218 830 3274 uidetur
846 3219 919 3274 enim
931 3220 1015 3276 etiem
1026 3219 1079 3278 hoe
1091 3225 1236 3292 exceptum
1248 3221 1320 3278 inter
1331 3225 1467 3278 ementem
1480 3223 1510 3276 et
1521 3219 1698 3290 uendentem,

257 3317 290 3369 ut
306 3311 333 3366 ei
349 3323 400 3381 per
417 3307 532 3365 fundum
549 3307 708 3378 sepulturae
727 3322 811 3365 ceusu
828 3308 867 3362 ire
884 3308 987 3366 liceret
1318 3352 1324 3364 .
1721 3321 1755 3362 at
1847 3321 1855 3356 ·.

203 3406 239 3463 11
311 3401 431 3455 Pnuuus
447 3396 519 3453 iihro
536 3396 685 3452 uicensimo
704 3397 821 3465 septimo
833 3396 869 3451 ad
881 3395 1010 3454 edictum.
1038 3397 1153 3464 Quodsi
1165 3398 1240 3456 locus
1252 3397 1423 3454 mouumenti
1433 3395 1487 3454 hau
1497 3397 1559 3466 lege
1571 3396 1698 3468 uenierit,
1719 3395 1752 3449 If

258 3503 293 3546 ne
311 3487 340 3556 in
357 3502 422 3542 eum
439 3483 611 3554 inferrentur,
630 3499 699 3554 quos
716 3484 760 3541 ius
778 3488 821 3542 est
837 3483 939 3558 inferri,
957 3490 1069 3556 paetum
1087 3487 1199 3558 quidem
1216 3486 1253 3544 ud
1270 3485 1323 3542 hoc
1340 3501 1395 3542 nou
1413 3483 1523 3556 suffieit
1541 3485 1592 3542 sed
1609 3486 1699 3558 stipu-

257 3576 361 3634 latione
379 3573 408 3632 id
425 3574 517 3630 caueri
535 3577 651 3643 oportet
1055 3615 1057 3622 ι
1531 3595 1533 3598 ·
1850 3617 1854 3622 .

204 3669 241 3726 12
311 3663 463 3720 umerus
480 3661 549 3718 lihro
567 3661 717 3716 tricensimo
734 3660 830 3730 quinto
848 3660 885 3716 ad
902 3661 1031 3720 edictum.
1064 3661 1095 3719 Si
1112 3663 1174 3734 quis
1191 3662 1366 3734 sepulchrum
1384 3661 1492 3734 habeut,
1510 3661 1584 3718 uiam
1603 3667 1700 3718 autern
1721 3661 1754 3716 E
1852 3687 1866 3724 2

259 3751 295 3808 sd
318 3750 492 3821 sepulchrum
514 3765 570 3806 non
593 3748 694 3804 habeut
715 3751 744 3804 et
766 3763 784 3804 u
806 3749 897 3806 uicino
919 3749 958 3807 ire
980 3749 1171 3821 prohibeatur,
1195 3752 1343 3822 imperator
1359 3750 1515 3807 Antoninus
1535 3765 1599 3805 curn
1616 3755 1701 3822 patre
1851 3769 1856 3776 ·

258 3840 400 3909 rescripsit
416 3839 468 3894 iter
485 3837 523 3894 ad
540 3838 713 3908 sepulchrum
730 3839 788 3908 peti
805 3839 930 3908 precum
947 3843 976 3896 et
993 3839 1107 3897 concedi
1124 3839 1221 3911 solere,
1239 3845 1271 3896 ut
1288 3839 1415 3911 quotiens
1432 3854 1489 3895 non
1503 3838 1629 3908 debetur,
1646 3840 1700 3895 im-
1722 3855 1756 3894 ec
1854 3863 1859 3870 ·

258 3933 382 4000 putretur
398 3926 434 3984 ub
452 3941 494 3998 eo,
513 3927 560 3998 qui
576 3925 693 3982 fundum
711 3926 870 3983 adiunctum
889 3925 900 4000 ΙΙ
919 3927 1029 3985 habeat
1065 3943 1121 3986 non
1137 3933 1231 3985 tamea
1248 3927 1301 3984 hoo
1318 3929 1494 4000 rescriptum,
1518 3927 1594 3998 quod
1611 3928 1700 3998 impo-
1721 3939 1833 3990 tuso?
1855 3955 1864 3982 .-,

258 4023 419 4100 Flewll

260 4158 271 4195 ¹
289 4155 351 4212 dat:
369 4157 393 4212 si
410 4155 473 4213 doio
490 4155 594 4226 feurit,
613 4155 666 4211 erit
682 4162 713 4212 ot
729 4151 912 4226 (rumetum.
925 4159 1039 4227 From?

261 4277 337 4364 liitl
355 4280 391 4364 sit
407 4279 478 4347 PU!
494 4279 580 4334 ueniri
597 4278 652 4334 PU
695 4280 811 4350 iinono]
830 4298 887 4338 nou
902 4284 948 4346 Fi
1003 4280 1116 4338 nis'aut
1133 4282 1179 4347 F‘,
1201 4282 1324 4353 precium
1346 4297 1428 4354 quem
1472 4281 1633 4340 muriunt
1655 4283 1703 4348 ι’,

258 4351 453 4421 prouincialem
466 4350 498 4416 P,
516 4351 602 4405 ocula
646 4351 730 4407 daut
747 4351 880 4483 loeisshoc
897 4353 950 4409 loci
1003 4355 1121 4424 pretium
1147 4353 1172 4410 si
1198 4359 1247 4410 unt
1275 4354 1315 4409 P·
1391 4355 1425 4409 tr
1452 4297 1590 4408 acturum
1617 4354 1704 4408 F1P·

184 4431 188 4436 '
258 4421 300 4476 P·
321 4423 327 4490 Ι
347 4421 534 4492 praetiuml'
588 4420 770 4492 dheredem]
817 4422 900 4479 erede
926 4424 954 4478 P
1003 4427 1039 4480 29
1057 4425 1196 4494 quantitas
1214 4426 1254 4480 P·
1303 4427 1339 4480 32
1392 4423 1622 4494 stenfori'quelv
1637 4425 1644 4492 l
1659 4425 1704 4480 in-

260 4494 296 4548 10
350 4489 511 4548 ntificum'is'
524 4505 574 4546 sen
591 4492 629 4545 Ρ
677 4494 709 4548 11
728 4493 950 4564 uelpromissum
982 4493 1126 4550 ferentur
1148 4497 1176 4550 F
1188 4499 1286 4567 (suppl.
1293 4499 1331 4567 s)
1377 4496 1433 4560 Ψ,
1458 4493 1612 4552 inferuntur
1636 4495 1710 4550 L⁰U

258 4563 300 4618 P·
313 4508 505 4633 f⁰ponuuoaies
522 4562 725 4646 seuiussioest
741 4565 783 4620 P·
827 4567 862 4622 12
878 4563 950 4621 forte
1003 4565 1236 4623 33etium'e'hoe
1245 4568 1285 4620 Ρ
1321 4564 1704 4638 domfereuturFirrrppts)

259 4634 368 4692 actone
385 4635 427 4688 Ρ·
482 4632 516 4686 15
535 4633 664 4690 rntrrleret
680 4636 707 4688 F
719 4638 816 4712 (cuj)
871 4639 904 4692 li
922 4639 952 4692 in
1003 4637 1083 4702 FU,
1106 4636 1258 4693 inferantur
1280 4638 1306 4691 L
1327 4640 1331 4705 Ι
1351 4653 1421 4707 quos
1439 4637 1492 4707 ius]
1510 4651 1580 4706 quos
1597 4635 1639 4692 ibi
1656 4637 1705 4694 ius

259 4704 330 4762 hene
352 4709 444 4774 eutem
468 4702 603 4760 eudonem
626 4704 720 4760 Pw
775 4709 810 4762 22
833 4707 951 4777 prohihi-
1003 4707 1209 4774 Phthiae-P·
1247 4705 1706 4778 essepuichrum'non'hahoatr‘

259 4772 527 4847 tuslprohihiturP·
563 4775 838 4843 23prouiueialemP
865 4780 951 4835 hios-
1003 4779 1039 4834 39
1066 4793 1094 4834 u
1109 4797 1158 4834 ont
1176 4780 1217 4834 Ρ·
1237 4779 1243 4847 Ι
1262 4777 1353 4836 hicine
1380 4780 1416 4834 Ρ
1436 4781 1441 4847 Ι
1461 4777 1523 4834 cum
1551 4785 1632 4848 parte
1660 4780 1706 4834 P·

260 4863 327 4904 saue
354 4847 454 4904 mortui
480 4841 590 4914 inferre]
617 4844 716 4904 inferre
742 4853 771 4902 et
796 4853 895 4918 postea
922 4850 951 4904 in
1003 4849 1039 4904 40
1051 4849 1112 4919 iter]
1125 4851 1192 4906 item
1203 4850 1244 4906 1²⁶
1259 4851 1264 4920 Ι
1279 4850 1346 4923 peti]
1357 4851 1429 4921 petit
1440 4851 1481 4905 P·
1495 4852 1501 4918 Ι
1516 4851 1705 4921 ρηβωὶοἱζ

259 4917 363 4978 factum
381 4917 428 4983 1²¹,
446 4913 544 4972 inferre
561 4913 659 4981 Uluti
676 4919 741 4990 quo]
760 4921 854 4990 utique
872 4921 951 4976 FP·
1003 4921 1126 4991 precato
1142 4921 1172 4978 P

259 4991 295 5046 26
312 4989 488 5061 oomequitur
500 4987 526 5042 F
527 4987 540 5023 ¹
582 4987 618 5044 26
634 4991 770 5060 praetium
783 4989 872 5062 ‘quem
889 4992 969 5062 qufs‘
