3648 5564
282 281 340 348 ΠΙΙ
362 283 384 346 4
404 287 521 342 27-30
956 274 1042 356 134
1458 302 1504 348 nn
1526 300 1707 350 moninus

226 438 264 496 27
336 437 429 494 Gerus
451 436 521 494 libro
539 442 636 509 quarto
654 437 690 494 ad
708 438 828 494 edictum
846 437 1020 509 prouinciale.
1055 438 1130 493 Patri
1147 453 1198 509 pro
1215 437 1271 496 lilio
1289 437 1446 496 omnimodo
1463 455 1541 511 prae·
1559 435 1708 526 [ιιιοᾟ
1724 449 1752 504 Ε

282 527 382 583 sunda
400 527 536 583 restitutio
554 533 610 598 est,
634 528 700 583 licet
717 526 789 583 filius
807 528 915 583 restitui
932 527 1012 597 nolit,
1031 527 1096 598 quia
1112 529 1198 598 patris
1216 529 1367 599 pericnlum
1385 530 1477 603 agitur
1493 530 1540 601 qui
1557 518 1708 601 de‘pffirli‘o

281 622 399 672 tenetur.
432 632 467 672 ex
487 632 542 686 quo
561 622 675 687 apparet
693 621 799 673 ceteros
817 621 949 687 cognatos
968 617 1012 671 uel
1030 614 1135 672 mines
1153 617 1266 674 alterius
1284 633 1346 674 esse
1365 618 1545 690 condicionis,
1569 635 1621 676 nec
1637 621 1709 675 aliter

282 705 370 764 audiri
392 711 533 775 oportere,
557 721 639 775 quam
663 707 687 760 si
711 721 746 761 ex
770 707 911 762 uoluntate
934 705 1117 761 adulescentis
1134 707 1274 777 postulent
1291 712 1340 762 aut
1357 708 1416 763 eius
1434 709 1508 763 uitae
1526 709 1562 764 sit
1579 709 1631 764 iste
1648 708 1708 764 adu·

251 799 261 842 1
280 795 396 863 lescens,
415 799 446 849 ιιι
464 795 560 851 merito
578 795 661 850 etiam
680 793 759 850 bonis
778 795 804 850 ei
822 793 922 850 debeat
939 795 1073 851 interdici.
1104 794 1134 851 Si
1150 797 1304 866 pecuniam,
1323 812 1406 866 quam
1425 801 1548 852 mutuam
1567 797 1653 854 minor
1669 813 1708 852 ac
1727 811 1742 853 u

281 885 364 955 cepit,
382 882 534 954 dissipauit,
553 884 690 954 denegare
708 883 792 938 debet
808 885 954 953 proconsul
970 884 1097 941 creditori
1110 884 1242 940 aduersus
1254 901 1316 940 eum
1330 887 1475 941 actionem.
1502 886 1576 957 quod
1589 887 1613 942 si
1624 888 1709 956 egenti

282 973 370 1027 minor
388 972 540 1043 crediderit,
559 973 673 1029 ulterirm
692 969 703 1042 ]
722 972 925 1042 procedendum
943 989 998 1029 non
1016 977 1067 1042 est,
1086 989 1168 1045 quam
1183 978 1215 1029 nt
1226 973 1354 1030 iubeatur
1365 975 1472 1030 iuuenis
1485 974 1637 1032 actionibus
1649 976 1709 1046 suis,
1727 984 1745 1031 t.
1756 981 1791 1031 δι’

282 1076 350 1131 quae
368 1059 452 1116 habet
469 1061 602 1118 aduersus
620 1077 683 1117 eum
701 1062 746 1117 cui
763 1063 822 1131 ipso
841 1063 1010 1134 credidisset,
1029 1063 1126 1118 cedere
1145 1062 1272 1118 creditori
1284 1078 1344 1118 suo.
1372 1063 1513 1133 praedium
1525 1079 1634 1134 quoqne
1645 1065 1667 1120 si
1679 1080 1711 1121 ox

282 1165 316 1205 ea
332 1151 450 1220 pecunia
467 1151 553 1221 pluris
570 1165 653 1220 quam
670 1154 810 1220 oporteret
827 1152 905 1221 emit,
924 1152 963 1207 ita
979 1151 1158 1222 temperanda
1175 1166 1219 1206 res
1238 1152 1303 1220 erit,
1322 1156 1354 1207 ut
1370 1151 1496 1208 iubeatur
1513 1153 1639 1209 uenditor
1655 1152 1710 1208 red·

282 1239 339 1294 dito
361 1240 450 1310 pretio
467 1239 621 1309 reciperare
638 1239 793 1310 praedium,
816 1240 857 1295 ita
874 1245 905 1295 ιιι
922 1241 982 1296 sine
1000 1241 1111 1296 alterius
1129 1240 1229 1296 damno
1248 1240 1330 1295 etiam
1349 1241 1467 1298 creditor
1486 1257 1503 1296 a
1519 1242 1619 1297 iuuene
1636 1257 1710 1297 urum
1732 1256 1761 1296 ro

282 1333 474 1398 consequetur.
510 1343 544 1384 ex
568 1343 623 1399 quo
646 1328 751 1384 scilicet
772 1329 852 1384 simul
870 1329 1065 1400 intellegimus,
1088 1329 1155 1400 quid
1171 1329 1312 1386 obseruari
1330 1334 1467 1400 oporteat,
1491 1331 1515 1386 si
1532 1346 1585 1386 sna
1600 1331 1712 1400 pecnnia

281 1418 365 1488 pluris
384 1433 465 1488 quam
484 1421 593 1488 oportet
610 1416 715 1487 emerit,
733 1422 765 1472 ut
781 1423 874 1473 umen
892 1418 944 1474 hoc
962 1427 990 1474 et
1006 1419 1145 1489 superiore
1162 1434 1229 1474 casu
1247 1417 1381 1488 uenditor,
1400 1419 1448 1490 qni
1459 1420 1576 1490 pretinm
1589 1419 1711 1490 reddidit,

282 1506 366 1562 etiam
384 1519 490 1577 usuras,
509 1522 578 1577 quae
596 1521 631 1561 cx
649 1521 683 1561 ca
699 1507 818 1576 pecunia
834 1508 959 1578 percepit
975 1512 1024 1564 aut
1040 1508 1181 1579 percipere
1198 1508 1295 1578 potuit,
1314 1507 1420 1578 reddet,
1439 1515 1468 1564 et
1484 1507 1598 1579 fructus,
1617 1507 1713 1579 quibus

281 1595 441 1666 locupletior
457 1594 549 1651 iactus
566 1596 743 1665 estimonio,
760 1595 883 1667 recipiat.
910 1597 975 1652 item
994 1611 1029 1653 ex
1046 1597 1156 1652 diuerso
1174 1597 1199 1652 si
1216 1597 1320 1653 minore
1337 1597 1426 1667 pretio
1438 1611 1520 1665 quam
1532 1601 1641 1668 oportet
1651 1613 1713 1653 uen-

282 1684 382 1740 diderit
399 1685 570 1755 adulescens,
591 1690 698 1755 emptor
715 1685 825 1755 quidem
843 1684 930 1741 iuberi
949 1685 1061 1742 debebit
1077 1685 1190 1757 praedia
1207 1701 1269 1742 cum
1288 1684 1422 1742 fructibus
1439 1686 1593 1755 restituere,
1610 1687 1714 1742 iuuenis
1735 1699 1767 1741 rs

249 1787 263 1831 a
282 1778 375 1830 summ
393 1778 508 1830 eatenus
526 1789 562 1830 ex
578 1775 668 1844 pretio
685 1774 808 1846 reddere,
829 1780 966 1844 quatenus
984 1790 1018 1831 ex
1037 1791 1071 1832 ea
1087 1775 1205 1846 pecunia
1221 1775 1381 1845 locupletior
1399 1781 1451 1830 est
1487 1774 1516 1831 Si
1533 1775 1622 1832 minor
1639 1776 1715 1832 annis

281 1864 380 1934 uiginti
398 1864 518 1934 quinque
537 1863 595 1918 eine
614 1878 699 1918 causa
716 1862 832 1919 debitori
851 1868 993 1934 acceptum
1012 1865 1118 1935 tulerit,
1142 1879 1197 1920 non
1215 1864 1302 1920 solnm
1321 1864 1349 1919 in
1367 1865 1471 1936 ipsum,
1492 1863 1542 1920 sed
1559 1868 1589 1918 et
1605 1864 1634 1919 in
1650 1862 1715 1919 fide-

281 1953 402 2009 iussores
421 1957 449 2008 et
466 1954 495 2008 in
512 1952 627 2023 pignora
645 1952 717 2008 actio
734 1953 842 2008 restitui
860 1952 951 2009 debet
979 1958 1008 2010 et
1026 1954 1049 2008 si
1067 1969 1102 2009 ox
1120 1951 1228 2009 dnobus
1246 1953 1301 2008 reis
1318 1953 1397 2008 alteri
1415 1957 1557 2023 acceptum
1571 1953 1670 2023 tullerit,
1687 1954 1716 2009 in

249 2053 263 2098 a
282 2046 428 2112 utrumque
446 2040 615 2098 restituenda
633 2047 677 2097 est
693 2042 774 2098 actio.
801 2042 844 2098 Ex
862 2041 914 2099 hoc
932 2043 1123 2113 intellegimus,
1141 2042 1165 2098 si
1183 2041 1345 2098 mmnoeam
1363 2040 1415 2098 sibi
1427 2040 1716 2113 nouationemiecerit,

282 2129 352 2187 sorte
374 2131 399 2186 si
423 2130 458 2186 ab
481 2131 581 2188 idoneo
605 2130 729 2188 debitore
752 2131 788 2186 ad
806 2132 915 2202 inopem
933 2131 1052 2188 nouandi
1072 2147 1156 2187 causa
1173 2132 1343 2186 transtulerit
1359 2130 1568 2202 obligationem,
1592 2136 1770 2202 oporterent

248 2232 264 2278 4
282 2235 345 2276 eum
363 2220 392 2276 in
409 2221 527 2290 priorem
544 2219 697 2277 debitorem
714 2220 830 2276 restitui.
858 2217 1002 2276 Aduersus
1020 2235 1068 2276 eos
1085 2235 1195 2290 quoque
1207 2220 1343 2276 restitutio
1355 2219 1521 2290 praestanda
1532 2224 1583 2290 est,
1601 2234 1717 2290 qnorum

282 2309 318 2364 ds
334 2308 399 2365 dolo
417 2324 501 2379 agere
518 2325 573 2366 non
592 2310 766 2382 permittitur,
785 2309 838 2364 nisi
855 2309 991 2380 quaedem
1009 2325 1143 2380 personae
1160 2309 1272 2380 speciali
1289 2310 1351 2378 lege
1369 2313 1501 2380 exceptae
1518 2309 1581 2364 sint

225 2398 263 2458 28
336 2397 450 2454 Onasus
467 2397 537 2456 libro
555 2399 676 2455 secumo
694 2399 874 2469 digestorum.
902 2397 972 2454 Cum
987 2399 1075 2455 minor
1086 2415 1168 2468 quem
1181 2399 1301 2469 quinque
1313 2403 1342 2454 et
1353 2399 1451 2469 uiginti
1462 2399 1541 2454 annis
1560 2392 1717 2483 Q
1739 2406 1770 2460 E

282 2487 416 2544 maerens
435 2501 512 2559 eum,
537 2503 600 2544 cum
618 2501 674 2559 quo
691 2488 795 2544 tutelae
813 2487 885 2557 egit,
905 2486 1071 2558 restituitur,
1089 2503 1145 2544 non
1162 2487 1226 2544 ideo
1243 2488 1327 2544 tutori
1344 2487 1510 2544 corbariam
1527 2488 1631 2544 tutelae
1647 2487 1717 2544 indi-

282 2577 353 2633 cium
371 2576 570 2638 restituendum
589 2581 640 2634 est.
1740 2589 1774 2632 as

224 2667 262 2726 29
334 2665 528 2723 monsacutus
555 2665 624 2723 libro
651 2665 774 2722 secundo
795 2679 997 2736 responsorum.
1033 2665 1151 2722 Etiamsi
1172 2669 1251 2735 patre
1273 2664 1426 2736 eodemque
1447 2669 1538 2722 tutore
1561 2658 1720 2750 Q
1741 2672 1788 2748 Es

282 2759 393 2811 auctore
415 2755 536 2825 pupillus
560 2758 657 2826 captus
679 2754 789 2825 probari
811 2755 912 2825 possit,
933 2757 1087 2810 amatorem
1108 2758 1206 2825 postea
1229 2755 1255 2810 ei
1279 2753 1374 2810 ιιιιιιιιι
1395 2755 1505 2810 nomine
1527 2755 1614 2824 ipsius
1631 2755 1660 2810 in
1677 2755 1719 2811 in-

249 2858 261 2902 1
281 2847 390 2914 tegrum
409 2844 609 2900 restitutionem
628 2844 767 2916 postulare
784 2857 840 2900 non
856 2841 1001 2913 prohiberi
1028 2843 1072 2902 Ex
1091 2859 1175 2900 causa
1192 2845 1338 2900 curationis
1356 2844 1538 2902 condemnata
1554 2844 1659 2914 pupilla
1669 2843 1720 2899 ad·

281 2947 379 2990 nersns
396 2949 480 2988 mum
500 2937 584 3004 capnt
602 2933 754 2990 sententiae
772 2931 879 2988 restitui
896 2931 1016 3004 uolebat,
1034 2937 1063 2989 et
1080 2933 1146 3004 quia
1162 2933 1273 2989 uidetur
1288 2934 1318 2996 in
1335 2933 1434 2990 ceterh
1450 2933 1505 2988 litis
1520 2931 1665 3003 speciebus
1676 2947 1720 2988 re-

280 3022 374 3078 leuata
395 3019 495 3092 fnisse,
517 3027 595 3078 actor
616 3021 702 3078 maior
725 3025 830 3092 aetate,
854 3021 902 3091 qni
925 3021 1067 3092 adquieuit
1083 3027 1150 3080 tunc
1166 3023 1296 3094 temporis
1315 3023 1479 3092 sententiae,
1503 3020 1614 3077 dicebat
1629 3025 1721 3077 totam
1744 3032 1777 3075 aa

281 3109 382 3167 debere
399 3111 476 3166 litem
494 3111 650 3168 metaurari.
682 3112 836 3168 Herennius
852 3110 1024 3167 Modestinus
1041 3111 1196 3183 respondit,
1214 3113 1238 3168 si
1256 3111 1375 3183 species,
1393 3112 1422 3167 in
1439 3127 1494 3182 qne
1510 3111 1615 3181 pupilla
1631 3111 1660 3166 in
1677 3110 1722 3166 in-

282 3203 390 3272 tegrum
408 3199 517 3256 restitui
534 3200 681 3272 desiderat,
700 3201 798 3257 ceteris
816 3199 961 3272 speciebus
978 3215 1033 3256 non
1050 3201 1186 3272 cohaeret,
1204 3201 1269 3258 nibil
1280 3201 1404 3272 proponi,
1423 3215 1471 3256 our
1483 3203 1571 3257 stota
1582 3199 1724 3255 sententia

249 3304 264 3349 a
282 3288 373 3345 recedi
397 3293 474 3346 actor
494 3290 637 3360 postulans
661 3289 814 3346 audiendus
836 3293 887 3345 est.
924 3287 954 3344 Si
977 3288 1128 3346 hereditate
1149 3291 1236 3362 patris
1261 3290 1359 3346 aetatis
1380 3287 1514 3346 beneficio
1534 3289 1563 3344 in
1579 3288 1723 3358 integrum

282 3379 426 3434 restitutus
444 3377 576 3435 abstinuit
593 3394 624 3434 se
641 3380 751 3436 nemine
767 3378 804 3434 de
821 3376 1002 3434 creditoribus
1018 3380 1139 3450 paternis
1152 3385 1297 3450 praesente
1309 3379 1355 3434 nel
1366 3379 1402 3435 ad
1414 3378 1552 3448 mendum
1563 3394 1581 3433 a
1592 3377 1725 3448 praeside

283 3472 413 3538 euocato,
432 3483 468 3523 an
486 3483 521 3524 ea
538 3468 675 3524 restitutio
692 3471 767 3524 recte
784 3466 860 3522 iacta
876 3465 1011 3537 uideetm,
1029 3469 1177 3538 quaeritur.
1212 3467 1366 3524 Herennius
1382 3467 1551 3523 Modestinus
1568 3466 1725 3538 respondit,
1747 3480 1782 3524 ee

283 3573 345 3612 cnm
367 3571 423 3613 non
440 3558 564 3613 euocatis
582 3556 761 3613 creditoribus
779 3557 807 3612 in
824 3556 962 3625 integrum
980 3556 1160 3613 restitutionis
1177 3557 1318 3613 decretum
1334 3555 1524 3628 interpositum
1542 3559 1726 3628 proponatur,

283 3645 393 3700 minime
411 3645 440 3701 id
458 3645 638 3702 oreditoribus
655 3645 866 3717 praeiudicasse.
1367 3643 1369 3648 '

227 3735 266 3795 30
336 3733 518 3791 Panmmuus
541 3734 610 3790 bbm
632 3735 714 3791 tertio
737 3734 936 3806 quaestionum.
973 3731 1001 3790 Si
1019 3732 1091 3792 lilius
1109 3736 1305 3806 emancipatus,
1323 3737 1419 3790 contra
1435 3731 1543 3789 tabulas
1561 3726 1729 3818 Q
1748 3741 1782 3797 Ρ

283 3835 338 3878 non
356 3826 472 3893 accepta
487 3824 675 3894 possessione,
693 3827 757 3894 post
774 3822 929 3879 inchoatam
946 3824 1126 3880 restitutionis
1143 3825 1344 3895 quaestionem,
1361 3824 1483 3894 legatum
1501 3837 1536 3878 ex
1552 3826 1729 3879 memento

282 3911 368 3981 patris
380 3911 467 3967 maior
478 3912 577 3982 uiginti
589 3912 709 3983 quinque
721 3913 800 3970 annis
811 3913 934 3984 petisset,
952 3911 993 3968 liti
1004 3914 1159 3969 renuntiare
1170 3914 1288 3984 uidetur,
1305 3928 1368 3969 cum
1384 3917 1413 3968 et
1426 3913 1450 3968 si
1463 3911 1597 3968 bonomm
1610 3925 1728 3983 posses-
1751 3925 1787 3967 so

282 3999 367 4055 sionis
380 4005 488 4071 tempus
501 4001 653 4072 largiretur,
663 4002 751 4058 electo
763 4001 863 4058 iudicio
875 3999 998 4058 defuncti
1008 4002 1181 4073 repudiatum
1192 4001 1355 4059 beneficium
1366 4002 1499 4072 praetoris
1507 4000 1728 4058 existimaremur.

282 4114 462 4188 F[1²(VLU)]

284 4285 299 4340 1
322 4284 489 4353 prouinciale
513 4303 562 4340 οηι.
579 4286 608 4340 P
666 4287 684 4341 2
705 4291 771 4342 rest.
789 4286 840 4355 est]
865 4286 974 4342 restitn-
1027 4305 1075 4342 om.
1084 4287 1126 4340 P·
1141 4287 1146 4355 ι
1161 4287 1269 4356 idoneo]
1279 4285 1540 4352 FZP‘lteoPV]
1554 4286 1663 4341 inorem
1672 4285 1730 4338 1³«

282 4356 361 4411 cione
378 4356 455 4410 ΡΨ
470 4357 475 4425 Ι
489 4354 575 4412 fllium
594 4357 653 4426 ΡἸ
673 4357 747 4428 quia]
768 4357 849 4414 modo
867 4358 932 4430 quia
949 4358 977 4413 P
1027 4359 1063 4414 22
1084 4358 1267 4427 permittites*
1285 4358 1348 4426 221
1370 4363 1497 4428 exempto
1519 4358 1546 4413 P
1595 4357 1632 4412 24
1656 4371 1732 4412 enm

283 4427 455 4497 dcognatos]
466 4428 601 4498 adgnatos
609 4429 654 4494 F‘,
665 4429 830 4494 crrssseicB
865 4431 973 4499 topor·
1026 4429 1218 4500 'cumquei''
1248 4431 1284 4485 26
1293 4444 1347 4498 que
1355 4429 1449 4484 eotP·
1478 4427 1666 4498 iiposteaei
1676 4428 1733 4492 Ρ,

282 4497 869 4570 tetP⁰VU1autlauP¹1adolesoentis
885 4505 919 4557 ut
934 4499 974 4554 P⁶
1026 4505 1124 4571 postea
1141 4502 1200 4566 (orn.
1213 4500 1249 4568 ei)
1271 4501 1298 4555 U
1346 4501 1381 4556 29
1404 4500 1467 4569 litis]
1486 4499 1549 4556 latis
1566 4501 1603 4552 Ρ
1624 4499 1629 4566 1
1651 4499 1732 4553 rele-

281 4569 382 4626 bmin.
396 4573 462 4625 mut.
480 4571 509 4624 P
555 4569 732 4626 trahemur
749 4571 857 4627 iuuenis
875 4571 972 4636 F‘LU,
1026 4571 1123 4627 uata‘e'
1142 4571 1187 4640 F',
1211 4571 1316 4642 repleta
1334 4571 1404 4626 ΡΠ
1443 4573 1478 4626 31
1496 4569 1653 4639 restaurem]
1675 4569 1733 4635 Γ),

281 4639 408 4696 iubeatur
439 4641 552 4697 iuuenes
578 4641 627 4706 Pa,
658 4642 753 4698 iubeat
778 4644 905 4699 iuuenem
931 4640 972 4696 Ρ*
1025 4648 1179 4698 restaurare
1202 4643 1368 4711 PPVLU]
1391 4642 1546 4711 herennius]
1566 4641 1645 4706 PL,
1672 4659 1733 4694 mn.

281 4711 370 4780 doni]
390 4712 438 4783 qni
454 4713 491 4766 ΓΙ
540 4712 720 4769 9iu⁴beatur
737 4715 775 4768 P³
821 4716 855 4770 10
872 4713 973 4770 damno
1026 4713 1146 4768 F¹PVU
1195 4714 1230 4768 33
1252 4713 1304 4782 est]
1324 4715 1361 4769 sit
1377 4713 1486 4768 PVLU
1503 4715 1507 4782 Ι
1527 4713 1556 4768 in
1578 4714 1664 4796 suppl.
1686 4712 1735 4763 ΡΒ

281 4801 329 4838 cnr.
341 4785 382 4838 P·
436 4785 470 4838 12
493 4783 530 4852 et]
551 4783 668 4849 Pice,
691 4799 726 4840 ex
754 4785 880 4842 FP⁶VL⁴
900 4787 904 4852 Ι
925 4785 972 4854 qui
1023 4785 1062 4840 34
1078 4783 1211 4840 abstinuit
1221 4785 1261 4856 se]
1274 4784 1439 4840 abstinuisse
1453 4785 1497 4850 If,
1511 4782 1682 4838 maurum
1694 4782 1733 4844 P,

281 4873 330 4908 ova.
342 4854 382 4908 1²⁶
396 4855 401 4922 1
416 4855 534 4925 pretium
551 4853 678 4926 reddidit]
696 4856 819 4926 precium
837 4856 913 4912 dedit
928 4857 972 4920 If,
1024 4855 1202 4912 abstinuisset
1215 4854 1321 4924 VL‘U]
1336 4855 1471 4926 praeside]
1482 4853 1583 4925 praede
1592 4853 1732 4922 Flam-s)

280 4925 421 4996 praedium
440 4925 637 4982 ιιειιιιιιίιιΡΙ,ι
683 4928 716 4983 13
734 4929 888 4998 perceperit
899 4927 970 4996 PV]
1025 4927 1060 4983 35
1078 4931 1177 4982 uocato
1196 4925 1424 4996 P·]here1miusl
1444 4927 1519 4989 m,
1538 4943 1586 4978 mn
1600 4921 1740 4976 FPVU

280 4996 423 5053 redd'er'at
439 4999 467 5052 F
497 4999 532 5053 14
548 4996 656 5053 iubenis
672 4999 699 5052 P
742 5000 777 5054 16
794 5013 828 5056 ea
845 4999 977 5054 om.P⁰U
1024 4999 1060 5054 38
1085 4998 1221 5068 papianus
1248 4997 1313 5052 Pu
1371 4999 1406 5053 39
1432 5011 1507 5068 poss.
1530 5009 1584 5050 non
1611 5007 1675 5048 aco.
1703 4993 1740 5048 P

281 5069 316 5128 19
341 5069 524 5140 uenationem]
548 5069 722 5128 donodonem
745 5071 781 5124 F¹
840 5072 876 5126 20
901 5068 972 5126 torte
1023 5070 1059 5126 41
1077 5069 1157 5126 elicto
1174 5069 1221 5123 Pr
