3664 5570
250 276 321 342 Vlll
343 279 498 340 411-18
919 267 1006 344 266
1247 291 1432 338 communis
1454 290 1679 338 rusamoums

217 445 230 489 1
250 448 284 487 ne
310 433 339 486 id
366 430 471 486 iaceres
499 436 608 485 cautum
636 431 679 484 sit.
716 429 745 484 Si
772 432 870 498 prope¹
899 433 976 482 tuum
1004 427 1118 483 fundum
1144 429 1187 482 ius
1214 433 1257 482 est
1284 428 1349 482 milri
1372 443 1471 498 aquam
1491 427 1551 482 sico
1571 427 1679 496 ducere,

250 523 351 576 ιιιίιι1
368 521 437 575 haec
454 521 514 573 iura
532 525 694 587 sequuntur,
718 523 749 571 ut
765 516 877 570 reficere
896 516 960 569 mihi
978 517 1067 570 riuum
1085 517 1180 584 liceat,
1199 521 1231 570 ut
1248 516 1337 586 adire,
1356 531 1411 584 qua
1428 515 1551 585 proxime
1569 517 1679 585 possim,

250 611 286 666 ad
308 609 483 665 reficiendum
508 622 571 660 oum
595 621 648 674 ego
671 604 793 673 fabrique
817 605 883 671 nei,
906 605 971 657 item
995 611 1027 658 ut
1048 605 1167 673 spatium
1190 605 1326 673 relinquat
1349 603 1413 658 mr'hi
1440 604 1567 659 dominus
1594 602 1680 673 fundi,

250 715 305 769 qua
327 699 423 752 dextra
446 702 475 749 et
498 695 607 748 sinistra
629 694 664 747 ad
687 695 775 747 riuum
800 693 896 746 adeam
921 697 949 746 et
973 707 1027 761 que
1049 699 1149 747 terram
1173 693 1267 747 limum
1290 692 1409 762 lapidem
1431 692 1561 746 harenam
1579 692 1680 745 calcem

250 788 338 842 iacere
374 785 467 840 oasim.
1699 796 1710 834 ι

194 870 231 928 12
303 805 421 928 Padusa
439 871 507 925 libro
525 870 619 938 quinto
638 869 742 923 decime
761 868 797 922 ad
815 867 956 922 Sabinum.
993 867 1061 922 Cum
1080 867 1181 922 fundus
1199 866 1285 923 fundo
1304 869 1397 936 seruit,
1412 867 1527 922 uendite
1545 862 1682 949 [Q
1700 878 1718 929 s

251 965 261 1029 11
281 977 389 1032 quoque
407 959 491 1014 fundo
510 959 657 1013 seruitutes
675 963 832 1026 sequuntur.
860 956 985 1010 aedificia
1002 972 1110 1026 quoque
1128 954 1221 1011 fundis
1239 962 1268 1010 et
1278 954 1355 1010 fundi
1367 953 1499 1009 aedificiis
1510 955 1606 1010 ascen
1618 971 1681 1010 cou-
1699 967 1713 1013 ι.
1725 962 1768 1012 141'

250 1051 357 1105 dicione
374 1049 505 1103 seruiunt.

194 1135 231 1192 13
303 1139 453 1194 Unrrsaua
475 1135 544 1189 libro
562 1139 640 1188 sexto
658 1134 824 1203 opinionum.
861 1132 994 1188 Uanditer
1010 1130 1088 1188 fisndi
1106 1132 1253 1187 Geroniani
1271 1131 1356 1186 fundo
1373 1131 1519 1199 Βοιτίιιιι,
1541 1145 1624 1199 quem
1640 1146 1682 1185 re·
1700 1135 1719 1188 S

250 1226 363 1294 tinebat,
381 1227 470 1292 legem
488 1223 609 1291 dederat,
629 1237 663 1276 ne
682 1226 777 1276 contra
795 1237 857 1275 cum
875 1221 991 1291 piscatio
1009 1221 1156 1291 thynnaria
1173 1226 1340 1275 exerceatur.
1368 1218 1496 1288 quamdis
1513 1219 1589 1288 mari,
1608 1219 1683 1288 quod
1703 1239 1727 1275 ιι

251 1321 348 1369 namra
366 1311 490 1368 omnibus
507 1316 592 1380 patet,
611 1310 730 1364 sentitus
747 1309 850 1378 imponi
867 1310 976 1378 priuata
992 1309 1054 1378 lege
1071 1323 1127 1364 uon
1144 1314 1243 1378 potest,
1262 1309 1328 1378 quia
1344 1313 1437 1362 umen
1454 1306 1528 1362 bona
1537 1305 1606 1362 fides
1619 1323 1684 1361 cen·

250 1409 354 1457 tractus
371 1402 460 1468 legem
479 1399 582 1453 seruari
600 1397 764 1452 uenditiouis
783 1397 915 1466 exposcit,
935 1411 1069 1466 personae
1087 1397 1287 1466 possidentium
1305 1397 1399 1451 autin
1416 1397 1459 1450 ius
1477 1410 1571 1450 eorum
1589 1410 1684 1449 succe·

218 1500 229 1542 1
250 1492 371 1546 dentium
390 1504 438 1558 ριι
456 1485 638 1556 stipulationis
656 1486 701 1538 uel
719 1485 885 1539 uenditionis
903 1486 993 1552 legem
1007 1484 1171 1553 obligantur.
1198 1485 1228 1540 Si
1240 1486 1388 1540 constatin
1399 1489 1447 1540 tuo
1460 1499 1527 1554 agro
1546 1478 1685 1566 Q

249 1579 410 1648 lapidicinos
428 1591 501 1642 esse,
526 1574 612 1636 inuito
630 1577 658 1627 te
676 1589 727 1627 nec
744 1573 853 1642 priuato
870 1587 922 1628 nec
939 1573 1049 1642 publico
1067 1573 1178 1628 nomine
1193 1574 1337 1642 quisquam
1355 1573 1473 1642 lapidem
1492 1572 1606 1627 caedere
1623 1577 1684 1640 pot·

249 1673 300 1734 est,
319 1667 363 1721 cni
380 1664 409 1718 id
425 1663 543 1718 faciendi
562 1663 604 1716 ius
623 1677 677 1715 nen
695 1666 751 1715 eat:
770 1662 823 1716 nisi
841 1663 903 1716 talis
922 1661 1093 1717 cousuetudo
1111 1662 1140 1715 in
1156 1661 1209 1715 illis
1220 1661 1373 1730 lapidicinis
1386 1661 1526 1729 consuat,
1544 1665 1576 1714 ut
1587 1660 1611 1714 si
1622 1659 1686 1728 quis
1706 1679 1731 1717 ιι

249 1754 365 1809 uoluerit
382 1767 417 1806 ex
434 1752 476 1806 luia
494 1750 618 1817 caedere,
638 1763 692 1803 non
711 1749 789 1803 aliter
806 1749 858 1804 hoo
876 1748 967 1818 faciat,
986 1751 1038 1806 nisi
1055 1749 1131 1820 prius
1149 1750 1259 1804 solitum
1276 1750 1424 1804 solacium⁸
1441 1763 1492 1817 pro
1509 1748 1563 1803 hoe
1573 1747 1686 1802 demine

248 1845 383 1911 praestat:
402 1841 442 1894 ita
459 1845 550 1894 tamen
569 1836 675 1907 lapides
693 1836 808 1890 caedere
826 1837 916 1907 debet,
934 1844 1080 1908 postquam
1100 1836 1252 1892 satisfaciat
1269 1838 1388 1908 domino,
1406 1842 1439 1893 nt
1456 1851 1545 1906 neque
1558 1850 1625 1890 usus
1637 1849 1686 1889 ne·

249 1930 361 1984 cessarii
379 1927 478 1997 lapidis
496 1925 693 1981 intercludatur
711 1939 800 1993 neque
818 1926 999 1982 commoditas
1016 1927 1056 1981 rei
1073 1927 1132 1981 iure
1150 1926 1261 1982 domiuo
1279 1925 1423 1981 adimatur.
1689 1970 1695 1984 .

195 2015 232 2071 14
301 2019 443 2072 lunatum
460 2015 529 2069 libro
548 2013 777 2082 quadragensimo
795 2015 883 2082 primo
901 2015 1078 2083 digestorum.
1106 2016 1162 2070 lter
1179 2014 1247 2070 nihil
1263 2014 1391 2084 prohibet
1407 2015 1447 2068 sio
1465 2028 1527 2068 con-
1559 2021 1686 2078 laima
1706 2027 1726 2078 s

248 2107 340 2174 stitui,
364 2111 395 2159 ut
418 2103 479 2173 quis
502 2102 621 2157 interdiu
645 2101 790 2156 dumtaxat
812 2106 870 2156 eat:
900 2103 974 2172 qnod
1001 2101 1058 2157 iere
1085 2103 1159 2158 eirca
1184 2103 1298 2174 praedis
1324 2102 1430 2157 urbana
1453 2102 1536 2156 etiam
1558 2115 1686 2156 uecesw
1706 2122 1734 2160 so

248 2195 317 2249 rium
336 2199 387 2246 est.

193 2280 231 2336 15
302 2282 421 2335 Pronus
439 2278 508 2334 libro
526 2279 614 2347 primo
633 2277 814 2346 epitomarum
826 2275 919 2332 Alieni
936 2278 1113 2347 digestorum.
1141 2278 1193 2344 Qui
1204 2294 1254 2348 per
1264 2284 1365 2334 eertum
1376 2278 1466 2334 locum
1477 2277 1530 2333 iter
1547 2270 1688 2360 Q
1707 2291 1727 2343 s

249 2374 298 2424 aut
316 2374 406 2423 actum
425 2367 507 2422 alicui
525 2367 663 2434 cessisset,
682 2381 745 2420 eum
763 2365 887 2435 pluribus
903 2382 953 2436 per
971 2366 1088 2421 eundem
1105 2369 1196 2423 locum
1213 2368 1321 2422 uelites
1332 2367 1377 2421 uel
1388 2371 1481 2422 actum
1494 2365 1592 2420 cedere
1602 2380 1688 2435 posse

250 2473 345 2512 uerum
364 2463 421 2511 est:
440 2454 672 2524 quemadmodum
690 2453 714 2507 si
731 2455 793 2523 quis
811 2455 902 2509 uicino
920 2470 985 2510 suas
1003 2455 1086 2510 aedes
1104 2471 1199 2510 seruas
1209 2452 1330 2525 iecisset,
1348 2453 1432 2510 nihilo
1444 2455 1534 2510 miuus
1546 2454 1606 2510 aliis
1617 2459 1689 2522 quot

250 2545 334 2600 uellet
351 2544 443 2597 multis
462 2558 510 2597 eas
528 2542 612 2596 sedes
630 2556 726 2596 seruas
743 2540 834 2596 iacere
852 2547 951 2611 petest.
1707 2563 1738 2603 ‚a

194 2633 232 2690 16
303 2631 398 2686 carus
420 2630 490 2686 libro
513 2629 634 2686 secundo
658 2645 749 2684 rorum
772 2630 982 2685 cottidianarum
1002 2631 1062 2686 siue
1080 2646 1232 2687 aureorum.
1267 2632 1364 2688 Potest
1380 2632 1464 2686 etism
1481 2631 1510 2685 in
1529 2625 1689 2715 Q
1708 2645 1748 2717 ss

249 2723 415 2774 testamento
433 2718 561 2774 heredem
581 2734 661 2772 suum
679 2718 741 2787 quis
758 2717 897 2787 damnare,
915 2733 951 2774 ns
969 2719 1050 2774 altius
1068 2721 1152 2775 aedes
1169 2736 1235 2776 suas
1252 2721 1337 2790 tollat,
1358 2735 1393 2776 ne
1410 2719 1558 2776 luminibus
1575 2719 1688 2776 aedium

249 2807 397 2863 uisssarum
416 2805 526 2876 officiat,
545 2807 590 2861 uel
608 2811 640 2861 ut
656 2806 777 2876 patiatur
793 2821 856 2860 eum
872 2807 979 2876 tignum
990 2809 1019 2863 in
1031 2810 1162 2878 parietem
1174 2802 1328 2880 immittere,
1346 2809 1391 2864 uel
1402 2809 1540 2865 stillicidis
1551 2808 1689 2864 aducrm

250 2911 313 2950 eum
332 2895 445 2965 habere,
464 2896 509 2952 uel
527 2901 559 2950 ut
576 2895 696 2964 patiatm
713 2895 834 2948 uicinum
852 2909 902 2963 per
918 2893 1033 2951 fundum
1051 2911 1131 2951 auum
1149 2897 1195 2951 uel
1212 2896 1320 2952 heredis
1338 2898 1378 2952 ire
1395 2911 1478 2966 agere
1495 2911 1632 2966 squamus
1650 2911 1689 2952 ex

248 2999 282 3039 ιο
299 2983 408 3038 ducere.
1709 3007 1740 3044 ao

193 3073 231 3129 11
303 3072 486 3127 Parnassuus
503 3069 572 3126 libro
591 3072 708 3154 septimo
726 3073 925 3141 quaestionum.
959 3070 989 3126 Si
1005 3073 1129 3142 precario
1146 3073 1252 3128 uicinus
1269 3074 1299 3129 in
1315 3078 1364 3128 tuo
1382 3075 1528 3129 maceriam
1545 3067 1690 3158 [Q
1708 3087 1738 3142 p

249 3159 367 3228 duxerit,
386 3159 532 3214 interdicto
550 3158 630 3228 ‘quod
648 3161 772 3230 precario
790 3159 881 3216 habet‘
899 3161 945 3230 ap·
964 3175 1019 3216 non
1036 3162 1145 3230 poterit
1163 3176 1215 3217 nec
1231 3162 1350 3216 maceria
1366 3163 1458 3231 posita
1474 3163 1585 3218 donatio
1598 3165 1689 3218 serui-

248 3247 316 3302 tutis
334 3247 457 3317 perfecta
471 3245 649 3317 intellegitur,
668 3263 719 3303 nec
737 3248 839 3302 utiliter
856 3248 1012 3303 intendetur
1029 3249 1072 3304 ius
1090 3248 1143 3304 sibi
1160 3265 1222 3305 csse
1239 3250 1326 3305 inuito
1341 3256 1369 3304 te
1386 3249 1560 3305 aedificatum
1572 3249 1688 3322 habam,

249 3351 312 3390 eum
336 3335 490 3391 aedilicium
514 3337 566 3392 soli
589 3336 777 3392 condicionem
800 3341 925 3392 secutum
943 3338 1066 3392 inutilem
1084 3336 1168 3392 faciat
1185 3339 1372 3393 intentionem.
1408 3343 1528 3394 ceterum
1546 3338 1570 3392 si
1587 3339 1616 3393 in
1634 3353 1690 3395 suo

249 3425 395 3480 maceriam
413 3425 546 3494 precatio,
564 3426 613 3494 qui
630 3425 791 3479 seruitutem
809 3424 860 3479 uti
878 3423 981 3495 debuit,
999 3426 1116 3496 duxerit,
1134 3443 1223 3496 neque
1240 3427 1352 3484 libertas
1369 3427 1545 3496 usucapietur
1562 3431 1591 3482 et
1601 3427 1690 3482 inter·
1711 3448 1742 3486 sa

248 3512 324 3569 dieto
343 3513 424 3584 'quod
440 3514 565 3582 precario
583 3511 673 3568 habet'
691 3511 794 3567 utiliter
812 3528 875 3567 cum
893 3527 926 3568 eo
945 3519 1050 3583 agetur.
1077 3515 1151 3585 quod
1169 3517 1194 3570 si
1211 3515 1367 3572 donationis
1378 3515 1639 3586 causapermiseris,
1658 3521 1692 3572 et

248 3601 394 3656 interdicto
413 3616 495 3671 agere
514 3591 569 3655 uon
586 3601 689 3670 peteris
707 3604 736 3654 et
752 3601 871 3655 seruitus
889 3601 1035 3658 donatione
1053 3603 1164 3659 tollitm.

192 3691 230 3748 18
302 3689 423 3744 Psunus
439 3689 509 3744 libro
522 3689 611 3758 prime
623 3689 798 3742 manualium.
825 3689 976 3758 Receptum
990 3695 1041 3761 ιιι,
1059 3696 1091 3746 ut
1102 3693 1194 3761 pluras
1205 3692 1308 3748 domiui
1320 3697 1348 3748 et
1359 3707 1415 3747 non
1425 3692 1528 3762 pariter
1544 3685 1689 3776 Q
1711 3707 1740 3759 p

248 3777 396 3832 oedentes⁴
414 3779 561 3832 seruitutes
578 3777 721 3846 imponant
738 3775 782 3831 uel
797 3775 949 3848 adquirant,
967 3784 1000 3834 ut
1017 3784 1110 3836 ιιιιιιιι
1126 3795 1161 3835 ex
1180 3781 1329 3836 nouissimo
1346 3785 1410 3836 actu
1427 3782 1511 3836 edam
1528 3781 1689 3850 superiores

247 3863 443 3920 confirmentur
463 3865 631 3935 perindeque
649 3865 697 3934 sit,
719 3871 803 3935 atque
821 3865 845 3920 si
863 3866 960 3922 eodem
978 3873 1102 3938 tempore
1119 3885 1215 3925 omues
1233 3870 1389 3925 cessissent
1426 3874 1456 3925 et
1471 3869 1533 3926 ideo
1551 3871 1575 3924 si
1591 3870 1617 3925 is
1635 3870 1689 3940 qui
1711 3889 1743 3928 so

244 3967 429 4059 strutus

248 4169 255 4200 ¹
265 4169 379 4237 firmant
396 4166 438 4220 B:
454 4181 505 4236 per
522 4166 619 4233 (atii
689 4165 802 4221 'tacite
821 4167 897 4234 (ut.)
967 4168 1125 4224 ⁸solarium
1143 4169 1245 4238 (siritii
1315 4169 1474 4226 ‘'cedentes
1491 4173 1538 4225 sa

245 4307 364 4375 lpropc
377 4305 582 4374 tuuchum
595 4306 789 4376 B(Pt=oclsir.):
807 4306 853 4362 tis
870 4320 935 4363 utu·
987 4307 1080 4364 faccre
1115 4310 1258 4376 P⁶V⁵LU,
1284 4319 1333 4366 tae.
1348 4311 1390 4365 P·
1447 4313 1483 4367 22
1504 4311 1690 4382 epidima'io'·

245 4377 301 4430 cios
313 4376 362 4437 τοῨ
373 4375 453 4446 &spei
468 4395 515 4439 ιογ
527 4377 687 4447 lupertianus
701 4377 760 4448 ἔχω,
772 4383 935 4448 perpetuum
988 4395 1048 4434 mm
1061 4382 1088 4434 F
1117 4383 1232 4452 certum]
1300 4383 1355 4450 (udi
1366 4401 1431 4453 quae
1442 4389 1579 4454 aequasse
1588 4383 1687 4438 locum

244 4447 290 4511 F1,
311 4461 362 4514 per
379 4452 456 4501 urum
475 4448 582 4502 PVLU
602 4455 626 4502 et
644 4457 684 4502 sic
700 4456 806 4519 empsit
823 4451 935 4520 Pompa
989 4450 1072 4506 itera
1088 4459 1220 4506 susim
1263 4457 1391 4518 salissa)
1405 4453 1464 4516 VU,
1481 4454 1618 4508 ccrilffl:
1637 4457 1688 4507 Διὶ

244 4525 302 4570 aius
317 4522 322 4583 Ι
338 4517 403 4572 mihi
416 4517 526 4572 cstPV
558 4518 777 4587 diacits1tacite
790 4521 861 4575 «ιώ
874 4539 935 4574 cros·
988 4522 1157 4585 rsuocrouor
1171 4523 1258 4592 ll'puc.
1295 4521 1536 4579 atheredcml'
1564 4525 1689 4580 mutui-

243 4589 943 4738 11ξὲ11111*(1τᾘιιι1ι1θοώ5.)ἰιιιξι]ῳ1ἓι]ιιιᾳιῃ3’
989 4594 1399 4734 d‘rdrdlslrieldedrmi'rd7m'itdcerldltudlt
1409 4595 1690 4736 ξι.1111011131ιῖ183111111ι

243 4725 437 4781 9botr'e'iano
450 4727 488 4778 Ρ
542 4729 576 4782 10
592 4745 644 4784 neo
656 4731 790 4786 cenuaP
837 4734 936 4804 liqui
989 4734 1060 4790 cidia
1084 4736 1217 4791 aduemm
1239 4751 1303 4790 eum
1327 4735 1427 4792 habere
1451 4738 1494 4792 uel
1511 4741 1543 4791 ut
1559 4737 1691 4806 patiatur

242 4801 350 4850 tantum
377 4795 450 4850 bona
475 4794 530 4851 fide
556 4798 592 4860 P,
619 4800 685 4866 quia
711 4800 785 4857 bena
809 4802 865 4859 tide
892 4805 936 4858 V?
987 4809 1069 4877 sappi
1082 4807 1121 4859 Ρ
1164 4807 1200 4861 29
1213 4813 1368 4876 *squamus
1385 4809 1423 4860 Ρ
1466 4809 1501 4862 31
1519 4805 1688 4878 si'c'pr‘a’e-

245 4867 279 4919 13
296 4866 335 4935 in]
354 4867 443 4950 estin
461 4866 502 4919 P·
552 4869 586 4920 16
604 4869 769 4952 solpriums
817 4877 850 4929 17
868 4890 936 4929 usus
989 4877 1063 4932 cario
1085 4878 1132 4944 F!
1152 4877 1180 4932 in
1203 4878 1261 4946 tuo]
1284 4879 1371 4933 inuito
1394 4878 1431 4932 1⁵³
1451 4879 1456 4946 1
1477 4879 1617 4934 maurium
1639 4879 1688 4932 F²

243 4949 415 4990 nwessarrm
432 4935 496 4999 LU,
518 4950 689 4993 necessarius
706 4957 773 4996 usus
791 4944 851 5007 ΡΥ,
869 4959 936 4999 usus
989 4948 1024 5002 35
1042 4962 1095 5001 usu
1148 4947 1219 5002 iatur
1236 4949 1308 5002 ΡΨ
1356 4949 1391 5003 ar
1412 4950 1512 5019 poterit
1528 4949 1634 5018 Puvl
1649 4957 1689 5007 et

243 5005 406 5061 uecoesaffis
414 5010 441 5082 s
475 5007 510 5062 18
526 5006 633 5077 lapides
650 5009 781 5084 Flenfl
816 5015 852 5067 20
869 5012 935 5084 iere]
989 5019 1108 5074 muniens
1143 5021 1272 5076 emona
1288 5019 1392 5076 tonitru
1408 5021 1507 5076 ωιΡ·
