3738 5550
246 271 305 338 XV
331 275 344 336 1
371 278 406 332 56
424 307 458 316 -
478 272 533 336 21
921 263 1010 343 450
1303 285 1445 343 eunuco
1468 287 1515 332 os
1538 285 1687 334 escenso

246 427 312 482 milri
330 425 497 496 expromisit,
516 440 551 479 ex
568 425 677 494 peculio
697 424 795 478 deduci
814 423 897 478 debet
915 428 943 478 et
955 439 971 478 a
984 423 1106 479 debitore
1116 411 1201 478 'nihilo
1219 423 1308 477 minus
1320 422 1443 478 debetur.
1471 422 1520 476 sed
1532 422 1686 491 uideamus,

246 531 282 570 ne
300 515 466 570 eredendum
486 515 522 568 sit
538 513 676 583 peculiare
693 512 752 567 ficri
770 527 869 568 nomen
888 513 955 582 eius,
975 527 1024 581 pro
1044 527 1098 580 quo
1111 512 1308 580 expromissum
1322 517 1372 566 est.
1400 512 1533 565 Preces:
1552 512 1646 580 utique
1662 511 1686 565 si

247 603 282 658 de
299 604 407 672 peculio
425 607 526 671 agente
545 603 636 671 aliquo
655 602 791 657 deducere
809 602 884 670 uelit,
903 601 969 655 illud
987 616 1086 655 nomen
1104 600 1241 668 peculiare
1259 599 1333 653 iacit.

189 694 227 752 57
299 693 513 747 'lnrenennsus
541 690 609 745 libro
639 696 737 746 octauo
760 691 984 759 disputationum.
1026 689 1055 744 Si
1080 687 1152 743 filius
1176 689 1219 742 uel
1244 685 1686 770 [Qasr—Bs—tfflffl
1705 698 1731 749 P

246 796 351 850 seruus,
370 781 448 835 euius
467 779 576 833 nomine
595 779 739 833 dumtaxat
757 779 792 832 de
809 779 917 846 peculio
936 783 1028 832 actum
1046 783 1096 846 ast,
1117 783 1180 832 ante
1197 775 1303 831 finitum
1322 776 1451 831 iudicium
1471 775 1632 842 decesserit,
1657 773 1685 826 id
1706 793 1718 830 s·

214 883 226 927 1
245 870 382 939 peculium
401 869 570 937 respicietur,
589 868 662 936 qnod
681 868 778 936 aliquis
797 882 890 922 eorum
910 882 971 920 cum
991 865 1157 921 moriebatur
1175 864 1278 919 habuit.
1307 864 1362 918 Sed
1379 880 1450 933 eum,
1469 865 1516 932 qui
1534 879 1589 918 ser·
1608 859 1685 946 [ᾧ]

245 974 311 1012 uum
329 962 494 1012 testamento
517 956 631 1011 liberum
656 971 717 1010 esse
741 955 818 1010 iubet
841 959 870 1009 ct
893 955 919 1009 ei
940 955 1076 1024 peculium
1095 955 1182 1022 legat,
1206 954 1266 1007 eius
1288 954 1420 1022 temporis
1437 952 1574 1022 peculium
1592 953 1686 1020 legare

245 1046 367 1115 intellegi
385 1046 505 1100 lulianus
524 1043 631 1113 scribit,
656 1059 710 1112 que
729 1044 839 1098 libertas
858 1044 1002 1112 competit:
1026 1043 1143 1111 ideoque
1161 1042 1253 1096 omnia
1269 1042 1436 1095 incrementa
1456 1041 1558 1109 peculii
1576 1055 1686 1110 quoqne

213 1134 327 1196 amede
346 1139 410 1188 anto
429 1134 531 1188 aditam
551 1131 729 1186 hereditatem
749 1132 886 1201 adquisita
909 1131 945 1185 ad
969 1132 1167 1185 manumissum
1190 1130 1335 1198 pertinere.
1373 1130 1413 1183 At
1432 1130 1455 1183 si
1473 1129 1535 1197 quir
1553 1135 1685 1184 extranee

244 1223 383 1291 peculium
407 1223 479 1276 serni
500 1221 647 1290 legauerit,
669 1221 698 1274 in
722 1221 878 1275 coniectura
900 1220 1050 1274 uoluntatis
1072 1221 1212 1273 testatoris
1237 1218 1428 1287 quaestionem
1452 1232 1527 1286 csse,
1556 1222 1585 1271 et
1607 1231 1685 1272 nere·
1706 1235 1735 1274 re

246 1311 359 1365 similius
378 1325 440 1364 esse
457 1310 486 1364 id
504 1310 626 1378 legatum
644 1309 718 1377 qued
737 1310 831 1364 mortis
848 1314 972 1378 tempere
990 1308 1018 1363 in
1036 1308 1142 1377 pecude
1161 1307 1244 1361 fixerit
1261 1309 1313 1375 ita,
1339 1309 1370 1360 ut
1394 1320 1465 1374 qnae
1484 1321 1519 1359 ex
1536 1304 1620 1360 rebus
1638 1319 1686 1374 pe

246 1398 392 1452 culiaribus
411 1403 475 1453 ante
494 1397 595 1451 aditam
615 1397 795 1452 hereditatem
814 1398 980 1452 accesserint
997 1396 1157 1465 debeantur,
1177 1395 1261 1450 ueluti
1280 1400 1376 1464 partus
1389 1395 1547 1448 ancillarum
1566 1400 1596 1448 et
1613 1392 1686 1448 letus

245 1486 398 1556 pecudum,
421 1501 492 1555 quae
511 1490 604 1540 autem
622 1501 703 1541 seruo
722 1486 824 1540 donata
841 1483 943 1540 fuerint
960 1485 1019 1539 siue
1039 1485 1104 1555 quid
1122 1500 1156 1539 ex
1175 1485 1266 1554 operis
1284 1483 1341 1538 suis
1359 1483 1532 1553 adquisierit,
1557 1482 1593 1537 ad
1611 1483 1686 1552 lega-

244 1575 346 1629 tarium
364 1590 418 1629 non
436 1575 581 1644 pertinere.
1708 1589 1736 1627 rr

188 1667 227 1727 58
299 1661 457 1718 Sennuona
480 1663 549 1718 libre
573 1663 668 1732 quinte
691 1661 869 1731 digestorum.
912 1661 965 1717 Uni
990 1677 1025 1716 ex
1048 1659 1195 1715 heredibus
1219 1657 1686 1742 praedia[12.—l.btb.—t.-b21-8,5,es
1708 1669 1733 1724 A

244 1751 349 1820 legauit
366 1756 399 1805 ut
415 1752 550 1806 instructa
567 1755 646 1806 erant
663 1766 726 1805 eum
744 1751 832 1805 seruis
850 1754 879 1804 et
897 1751 995 1804 ceteris
1014 1749 1096 1804 rebus
1120 1753 1148 1802 et
1171 1747 1304 1817 quidquid
1321 1748 1359 1803 ibi
1377 1753 1465 1804 esset:
1488 1748 1516 1802 bi
1540 1748 1614 1802 serui
1638 1747 1687 1802 de·

245 1839 319 1894 mino
337 1839 474 1894 debitores
492 1833 603 1894 fuerunt
619 1843 677 1893 tam
696 1853 731 1894 ex
748 1839 809 1892 aliis
828 1839 919 1893 causis
938 1854 1021 1907 quam
1039 1853 1074 1892 ex
1091 1835 1197 1891 ratione
1215 1836 1380 1892 kalendarii:
1405 1837 1561 1906 quaesitum
1580 1841 1631 1904 est,
1651 1850 1687 1890 an

245 1929 344 1982 ceteris
363 1927 509 1982 heredibus
528 1927 661 1984 aduersus
679 1941 742 1982 eum
754 1927 887 1997 pecuniae
903 1926 939 1982 ah
950 1926 992 1982 his
1005 1925 1114 1981 debitae
1127 1925 1199 1979 actio
1211 1924 1246 1978 de
1258 1926 1365 1995 peculio
1378 1925 1517 1995 competit.
1545 1923 1689 1994 respondit

245 2029 301 2072 non
318 2021 483 2086 competere.

371 2303 410 2382 R
451 2301 645 2395 QUANDO
674 2301 738 2378 DE
766 2169 981 2379 PEOUthlll.
993 2301 1136 2380 ACTIO
1164 2301 1369 2379 ANNALIS
1396 2299 1487 2378 EST
1528 2301 1566 2378 rt
1706 2325 1756 2378 sn

210 2465 227 2521 1
300 2456 450 2513 Uarraxus
471 2457 540 2514 libre
563 2457 712 2513 uicensimo
731 2471 804 2512 none
827 2457 862 2513 ad
885 2457 1013 2512 edietum.
1033 2457 1044 2529 l}
1064 2458 1177 2514 Praeter
1200 2457 1251 2513 ait:
1276 2457 1350 2514 ‘Post
1368 2451 1688 2540 [W
1707 2465 1727 2519 S
1745 2468 1762 2513 ι.
1775 2465 1827 2513 aas*

247 2546 369 2602 'mertem
387 2547 446 2600 eius
463 2547 510 2615 qui
528 2547 556 2601 in
574 2547 684 2600 alterius
702 2551 840 2616 potestate
858 2544 954 2616 luent,
978 2551 1111 2616 pesteaue
1134 2561 1216 2616 quam
1240 2547 1265 2602 ιι
1287 2547 1477 2617 emancipatus
1501 2545 1687 2600 manumissus

246 2633 423 2690 ‘alienatusue
441 2633 536 2705 fucrit,
554 2635 699 2690 dumtaxat
715 2634 750 2689 de
768 2635 876 2703 peculio
895 2638 924 2688 et
941 2634 965 2688 si
982 2634 1049 2703 quid
1066 2634 1129 2689 dolo
1148 2635 1219 2690 malo
1238 2635 1297 2689 eius
1319 2635 1348 2689 in
1366 2636 1444 2690 onius
1467 2636 1606 2704 potestate
1625 2635 1685 2687 est¹

247 2721 357 2778 'tactum
375 2723 439 2793 erit,
462 2737 517 2793 que
535 2723 625 2778 minus
642 2723 742 2792 peculii
761 2728 848 2792 esset,
866 2723 895 2777 in
914 2736 1001 2792 anne,
1023 2737 1078 2792 quo
1096 2723 1212 2792 primum
1231 2723 1265 2778 de
1284 2737 1318 2778 ea
1335 2737 1365 2778 re
1383 2722 1545 2793 experiundi
1562 2727 1687 2791 potestas
1706 2738 1735 2778 ιι

215 2823 227 2868 1
247 2810 316 2881 ¹erit,
333 2811 463 2866 indicium
482 2810 571 2868 dabe'.
608 2811 744 2876 Quamdiu
762 2826 859 2866 seruus
877 2811 922 2866 uel
939 2809 1012 2865 filius
1029 2811 1058 2866 in
1075 2816 1213 2879 potestate
1231 2817 1282 2881 est,
1301 2811 1336 2867 de
1347 2813 1456 2882 peculio
1468 2812 1540 2866 actio
1552 2815 1687 2880 perpetua

247 2904 303 2954 est:
327 2904 527 2968 postmortem
552 2904 643 2955 autem
669 2899 728 2954 eius
751 2901 796 2954 nel
820 2905 965 2970 postquam
990 2899 1177 2970 emancipatus
1200 2900 1384 2955 manumissus
1405 2902 1576 2955 alienatusue
1594 2898 1686 2969 fuerit,

214 3001 229 3046 ι
245 2989 412 3058 temporaria
429 3003 490 3044 esre
509 2988 611 3058 incipit,
628 2987 658 3042 id
676 2992 719 3042 est
737 2989 851 3043 annalis.
887 2988 985 3042 Annus
1009 2992 1101 3043 autern
1124 2989 1199 3043 utilis
1222 2989 1436 3058 computabitur:
1461 2993 1489 3044 et
1511 2987 1574 3044 ideo
1598 2988 1645 3042 et’
1662 2988 1686 3044 si

246 3077 440 3132 condicionalis
457 3077 494 3130 sit
511 3075 651 3146 obligatio,
667 3076 789 3132 Iulianus
807 3077 916 3147 scripsit
933 3091 969 3130 ex
980 3077 1032 3131 eo¹
1045 3076 1257 3146 compntandum
1274 3093 1383 3147 annum,
1402 3092 1457 3132 nen
1475 3093 1510 3132 cx
1526 3092 1582 3146 qne
1593 3091 1686 3132 eman·

214 3165 353 3234 ccipatus
373 3171 428 3235 est,
451 3165 501 3219 sed
526 3180 561 3219 ex
585 3180 639 3234 qno
657 3165 714 3234 peti
736 3165 827 3235 potuit
850 3165 1010 3221 condicione
1028 3165 1185 3221 exsistente.
1221 3166 1318 3222 lderite
1337 3171 1428 3221 autem
1446 3166 1640 3236 temporariam
1657 3165 1686 3218 in
1707 3181 1736 3219 se

246 3251 300 3308 hoc
322 3268 388 3308 casu
410 3251 476 3308 iecit
498 3257 608 3323 praetor
631 3253 781 3308 actionem:
808 3269 871 3308 nam
895 3269 957 3308 cnm
981 3257 1069 3310 merto
1092 3255 1136 3308 uel
1160 3255 1323 3309 alienatione
1347 3255 1517 3324 extinguitur
1538 3253 1686 3324 peculium,

213 3355 230 3401 4
247 3339 402 3397 sufficiebat
418 3356 506 3411 usqne
525 3341 560 3396 ad
578 3357 680 3397 annum
697 3341 812 3411 produci
823 3341 1027 3412 obligationem.
1056 3341 1192 3397 Alienatie
1205 3349 1297 3397 autem
1310 3349 1340 3397 et
1350 3343 1528 3398 manumissio
1541 3342 1577 3397 ad
1590 3355 1687 3396 seruos

246 3431 378 3501 pertinet,
401 3445 456 3486 non
474 3429 510 3484 ad
528 3429 610 3500 filies,
635 3444 708 3484 mers
732 3435 825 3485 autem
848 3435 905 3485 tam
930 3431 966 3485 ad
989 3447 1085 3486 seruos
1108 3446 1191 3500 quam
1210 3430 1245 3486 ad
1263 3429 1332 3486 filios
1351 3429 1480 3500 refertur,
1503 3431 1688 3500 emancipatio

246 3533 313 3574 uere
333 3518 369 3573 ad
386 3519 474 3573 selum
492 3515 585 3572 filium.
614 3517 664 3572 sed
682 3519 753 3572 etsi
771 3518 824 3573 alio
842 3518 924 3574 mede
943 3518 1002 3574 sine
1024 3519 1242 3588 emancipatione
1266 3519 1378 3574 desierit
1401 3535 1463 3574 esse
1486 3520 1514 3574 in
1538 3523 1687 3589 potestate,

248 3607 353 3661 amalis
371 3607 424 3661 erit
440 3607 520 3662 actio.
548 3607 598 3661 sed
617 3611 646 3660 et
664 3606 688 3661 si
705 3611 793 3662 merto
811 3608 898 3676 patris
915 3608 960 3662 uel
978 3607 1167 3678 deportatione
1186 3607 1229 3662 sui
1246 3607 1312 3662 iuris
1330 3605 1540 3662 soeriteffectus
1551 3606 1633 3675 tilius,
1652 3607 1688 3662 de
1707 3624 1737 3664 ιι

215 3695 354 3764 tpeculie
378 3695 449 3750 intra
473 3711 574 3750 annum
597 3694 677 3750 heres
699 3695 786 3764 patris
808 3693 961 3764 uelfiscns
983 3695 1157 3751 tenebuntur.
1194 3697 1226 3750 In
1250 3697 1413 3751 alienatione
1432 3697 1564 3766 accipitur
1583 3683 1688 3769 [Cl’o‘rr]

216 3783 343 3853 tutique
361 3782 500 3854 uenditor,
525 3783 572 3852 qui
595 3783 704 3838 actione
721 3783 755 3837 de
776 3785 883 3852 peculio
900 3785 973 3839 intra
996 3801 1097 3840 annum
1119 3789 1244 3838 tenetur:
1268 3783 1317 3839 sed
1340 3789 1369 3840 et
1391 3785 1415 3839 si
1439 3783 1554 3840 donauit
1575 3799 1688 3838 seruum

216 3884 230 3930 ι
247 3871 293 3926 nel
309 3871 475 3940 permutauit
492 3873 537 3927 uel
555 3872 584 3928 in
602 3872 693 3926 dotem
713 3871 797 3943 dedit,
815 3873 844 3927 in
860 3872 956 3928 eadem
970 3878 1121 3928 causaest:
1140 3873 1205 3928 bem
1218 3872 1297 3928 hares
1314 3874 1381 3942 cius,
1401 3873 1448 3943 qui
1460 3888 1570 3928 seruum
1583 3873 1690 3942 legauit

248 3974 383 4014 nonaum
401 3959 517 4029 peculio.
545 3976 609 4014 nam
627 3960 652 4016 si
669 3976 732 4015 cum
749 3960 857 4029 peculio
875 3962 921 4016 uel
937 3962 1042 4030 legauit
1059 3963 1103 4016 uel
1121 3961 1235 4016 liberum
1247 3976 1309 4016 esse
1327 3961 1415 4031 iussit,
1434 3961 1603 4031 quaestionis
1621 3959 1688 4015 tuit:

247 4050 277 4101 et
294 4046 360 4102 mihi
377 4048 469 4103 nerim
487 4048 598 4103 uidetur
614 4064 670 4104 nen
688 4048 806 4104 dandam
825 4064 915 4119 neque
934 4049 962 4104 in
980 4049 1177 4104 manumissum
1196 4063 1285 4118 neque
1303 4050 1331 4104 in
1349 4065 1425 4120 eum,
1449 4051 1492 4104 cni
1510 4050 1634 4118 legatum
1652 4047 1690 4102 sit
1707 4064 1739 4103 rc

247 4135 399 4206 peculium,
424 4135 459 4190 de
477 4137 584 4206 peculio
602 4137 746 4192 actionem.
774 4153 810 4191 an
828 4152 895 4206 erge
913 4142 1040 4192 teneatur
1056 4137 1156 4193 heres?
1183 4143 1212 4192 et
1229 4139 1269 4192 ait
1286 4137 1422 4194 Caecilius
1439 4137 1537 4207 moeri,
1556 4137 1624 4207 quia
1640 4152 1689 4207 pe·

248 4223 350 4279 culium
367 4239 453 4293 penes
471 4240 533 4279 cum
552 4225 595 4294 sit,
614 4225 662 4294 qni
680 4225 814 4281 tradendo
832 4225 861 4280 id
878 4226 1011 4294 legatario
1029 4241 1060 4281 se
1077 4225 1211 4282 liberauit.
1238 4227 1362 4296 Pegasus
1378 4231 1471 4281 eutem
1483 4226 1576 4280 caueri
1593 4225 1689 4280 heredi

247 4318 366 4389 F[P(L,
385 4320 430 4374 abr·
447 4324 462 4374 t.
475 4321 518 4376 56.
530 4321 566 4375 57
575 4341 617 4394 pr.
637 4325 761 4376 latitare
778 4328 837 4377 seat
854 4341 871 4376 a
889 4341 921 4376 m.
939 4341 998 4388 ree,
1021 4321 1068 4394 U)]

251 4462 260 4495 ¹
278 4458 382 4515 fuerit?
452 4461 511 4516 ’et
529 4463 576 4516 det.
594 4462 676 4530 (Hal)
749 4465 761 4498 ⁸
779 4478 814 4518 ex
832 4477 865 4518 ee
885 4467 932 4519 del.

250 4589 409 4674 ldcbetur]
429 4591 562 4647 debeatur
579 4594 657 4648 F2P·
709 4595 856 4664 3aliqued
873 4596 937 4666 ΡἸ
992 4597 1130 4650 reemP'
1165 4597 1490 4666 atacnolacterneom.
1503 4596 1537 4650 U·
1566 4595 1690 4650 timan-

249 4657 334 4716 l'acrat
351 4662 392 4716 P·
450 4663 565 4719 bserue
584 4665 624 4718 1²⁶
683 4667 792 4736 'liegat
809 4681 834 4720 e.
853 4671 872 4720 t
891 4681 938 4735 pe·
993 4668 1100 4737 eipatus
1125 4667 1166 4720 P·
1219 4669 1254 4722 28
1277 4669 1438 4738 temporalia
1460 4667 1505 4731 1³⁴,
1528 4667 1692 4734 temporalis

249 4733 350 4786 cellum
363 4751 411 4786 om.
424 4733 463 4786 P·
505 4733 662 4790 Sliberatas
674 4737 714 4790 P·
729 4740 734 4802 1
750 4735 868 4806 queque]
884 4751 939 4806 qne
993 4737 1088 4792 P‘LU
1110 4739 1114 4805 Ι
1138 4738 1251 4808 incipiat
1276 4740 1316 4793 P·
1382 4741 1417 4795 29
1447 4737 1621 4806 mancipatus
1649 4739 1692 4792 P·

248 4801 297 4867 P·,
316 4803 466 4873 quequcU
508 4806 542 4859 10
556 4810 661 4873 quaest.
674 4808 744 4876 csse]
758 4823 820 4863 esse
832 4813 938 4877 quaest.
993 4809 1029 4862 30
1054 4813 1110 4864 tem
1131 4809 1244 4864 oraliam
1266 4809 1373 4864 P·L·U
1431 4811 1465 4864 31
1493 4806 1627 4862 merte'rn'
1651 4807 1691 4861 F*

249 4875 364 4928 ecseP·
379 4875 384 4942 l
400 4874 754 4944 ueresimelinsessetP·,
767 4877 940 4934 uerisimilius
993 4881 1029 4934 34
1046 4825 1130 4933 arturi
1140 4881 1176 4933 ιι
1230 4879 1265 4936 35
1283 4875 1336 4936 fnit
1352 4881 1380 4934 P
1423 4881 1459 4936 39
1476 4876 1547 4947 eum]
1568 4893 1632 4934 corn
1650 4881 1690 4934 Ρ

248 4957 311 4998 esse
334 4943 430 5000 P'LU
480 4947 514 5002 13
537 4961 666 5016 pecorum
690 4948 767 5002 PLU
786 4951 791 5016 l
811 4949 940 5019 operibus
992 4950 1029 5005 42
1045 4949 1173 5006 liberabit
1189 4951 1216 5004 F

248 5015 328 5070 PLU
378 5018 412 5072 15
435 5018 483 5072 uni
504 5018 607 5073 eecP‘
659 5020 694 5074 ab
712 5019 772 5090 erit]
791 5019 874 5076 fuerit
890 5019 938 5091 ΡΙ
