3698 5560
144 294 239 342 recres
544 310 552 337 ι
804 265 861 346 73
1174 323 1178 331 .
1322 272 1349 340 ll
1375 276 1415 338 14
1435 279 1551 334 51-58

142 434 225 504 pacisci
240 431 356 488 debitori
373 439 421 488 tao
438 431 587 500 adsum,
605 436 704 501 pactus
722 430 758 486 sit
776 445 811 486 nc
829 429 864 486 ab
876 445 909 485 co
921 435 1041 500 peteres:
1062 443 1150 498 neque
1162 430 1220 486 iure
1232 431 1292 500 ipso
1303 428 1433 486 liberatur
1444 429 1551 484 debitor

121 538 128 580 ι
142 537 213 592 mque
223 526 358 592 pcmntem
371 520 554 576 commonebit
565 520 726 590 exceptione
738 520 935 587 conuentionis,
954 525 985 574 ut
997 518 1093 574 Celsus
1105 517 1173 574 libro
1185 519 1334 574 uicensimo
1345 517 1448 574 scribit.
1474 517 1550 574 Idem

141 611 219 666 eodm
236 612 295 666 loco
313 609 420 678 scribit,
440 611 463 664 si
480 610 632 666 debitorem
650 617 727 664 tuum
746 607 849 662 iussisti
867 609 973 664 soluere
991 609 1072 677 Titio,
1092 609 1136 664 cui
1153 609 1274 676 legatum
1292 605 1478 664 ialsodebere
1495 608 1550 662 exi·

140 702 230 769 edum,
249 705 276 754 et
293 699 401 754 debitor
418 705 516 768 pactus
534 700 571 753 sit
587 713 650 752 cum
668 697 741 753 Titio
759 712 810 752 suo
828 697 950 752 debitore
968 698 1126 752 constituto:
1150 711 1238 765 neque
1257 696 1306 752 tibi
1324 695 1456 751 eduorum
1474 701 1550 752 tuum

139 789 271 844 debitorem
288 803 377 858 neque
396 789 448 858 ipsi
467 788 600 842 aduersus
619 803 698 842 suum
716 785 850 842 actionem
869 793 1047 856 peremptam.
1065 849 1067 854 ¹
1570 799 1583 840 s

100 880 126 936 ti
181 877 250 930 mm
268 877 336 932 libro
354 878 442 947 primo
460 877 626 946 opinionum.
655 877 788 946 Epistula,
806 891 861 945 qua
875 876 936 944 quis
949 874 1109 930 coheredem
1122 873 1175 930 sibi
1187 873 1303 942 aliquem
1316 888 1378 928 csse
1397 867 1552 956 Q
1571 883 1592 936 s

116 966 209 1034 lauit,
229 966 387 1036 petitionem
405 965 506 1020 nubam
525 965 659 1020 aduersus
676 979 852 1035 possessores
870 979 959 1018 rerum
978 962 1201 1018 bereditariamm
1220 960 1304 1016 dabit.
1341 961 1370 1016 Si
1388 963 1458 1018 inter
1476 963 1551 1018 debi-

138 1059 210 1108 torem
226 1061 253 1108 et
271 1069 343 1122 eum,
362 1054 408 1122 qui
426 1052 541 1108 fiendum
559 1055 732 1124 pigneratum
751 1069 767 1107 a
785 1053 917 1108 cedimre
936 1051 1013 1121 quasi
1032 1050 1163 1106 debitoris
1178 1051 1317 1118 negotium
1327 1057 1437 1120 gereret
1448 1052 1551 1122 emerit,

136 1143 224 1210 placuit
245 1148 276 1198 nt
296 1142 391 1197 habito
408 1143 629 1211 compensatione
647 1140 784 1196 fructuum
803 1143 954 1210 solutoque,
973 1139 1046 1208 quod
1064 1139 1196 1208 reliquum
1215 1137 1368 1208 deberetur,
1387 1138 1488 1196 brndus
1506 1140 1551 1194 de·

112 1229 205 1288 :irad
220 1231 421 1286 restitueretur:
440 1231 524 1286 etiam
535 1230 615 1286 berea
626 1237 715 1300 pacto,
730 1230 803 1299 quod
815 1228 960 1284 defunctus
976 1227 1048 1296 iecit,
1067 1227 1148 1282 iidem
1160 1233 1299 1297 praestare
1312 1227 1403 1282 debet.
1430 1229 1552 1298 Pactum,
1573 1245 1600 1283 rc

136 1325 160 1372 ut
179 1320 201 1372 si
220 1335 288 1388 quas
312 1335 432 1374 summas
455 1325 567 1390 propter
590 1318 751 1374 tributiones
774 1318 879 1388 praedii
896 1317 1003 1387 pignori
1022 1317 1084 1372 nexi
1102 1315 1189 1372 iactas
1208 1315 1217 1386 ll
1238 1317 1355 1372 creditor
1372 1317 1511 1386 coluisset,
1536 1327 1587 1374 at.
1598 1329 1628 1376 aa

134 1406 244 1462 debitore
262 1409 408 1476 reciperet,
427 1414 456 1462 et
473 1415 505 1462 ut
522 1407 625 1464 bibuta
642 1407 765 1462 eiusdem
784 1407 888 1476 praedii
907 1405 1014 1460 debitor
1031 1405 1170 1474 penderet,
1190 1407 1290 1462 iustum
1308 1405 1425 1474 ideoque
1442 1421 1552 1462 seruan-

111 1495 189 1554 tdnm
205 1502 255 1551 est.
282 1497 325 1551 De
338 1494 490 1552 inofficioso
503 1497 588 1566 patris
601 1501 764 1552 testamento
777 1497 888 1564 acturis,
901 1495 983 1551 uteie
996 1501 1070 1550 certa
1082 1494 1229 1563 quantitas,
1247 1493 1337 1562 quoad
1350 1495 1454 1550 uiueret
1465 1494 1552 1562 beree,

134 1591 314 1654 temtaretur,
332 1591 430 1654 pactus
448 1590 503 1640 est:
521 1584 635 1655 produci
653 1585 689 1638 ad
706 1591 867 1654 perpetuam
886 1585 1097 1653 praestationem
1116 1583 1144 1638 id
1162 1589 1272 1652 pactum
1290 1581 1493 1652 postulabatur:
1512 1597 1552 1638 re·

134 1675 250 1742 scripum
269 1679 313 1728 cst
329 1688 419 1742 neqrm
436 1674 494 1728 iure
514 1674 567 1728 ullo
585 1689 674 1742 neque
692 1675 829 1741 acquitate
847 1673 901 1727 tale
920 1672 1083 1727 desideriam
1102 1671 1217 1726 admitti.
1573 1687 1601 1728 ιι

93 1765 119 1822 ti
177 1762 250 1816 lons
269 1761 338 1816 libro
357 1767 455 1830 qmrto
473 1763 639 1832 opinionum.
668 1761 798 1831 Sumptus
817 1761 927 1830 quidem
945 1776 1092 1830 prorogare
1107 1759 1224 1828 litiganti
1235 1759 1379 1814 honestum
1398 1753 1553 1842 [c‘rrssrsst'af
1572 1769 1593 1822 S

133 1857 179 1904 est:
196 1850 297 1920 pacisci
315 1857 421 1919 autem,
441 1856 543 1906 utnon
561 1851 700 1919 quantitas
718 1865 751 1904 co
770 1851 878 1904 nominc
897 1865 1018 1918 expensa
1036 1865 1097 1904 cnm
1117 1849 1206 1904 usuris
1224 1847 1304 1904 licitis
1322 1849 1484 1926 restituatur,
1504 1847 1553 1904 sed

132 1954 187 2008 pars
203 1938 317 1994 dimidia
334 1940 402 2008 eius,
420 1939 494 2008 quod
512 1954 547 1994 ex
565 1953 599 1994 ea
616 1939 663 1994 litc
681 1938 775 1994 datum
794 1939 853 2006 crit,
871 1953 926 1994 non
944 1939 1015 1992 licet.

92 2033 118 2088 54
176 2027 335 2083 semitoni
357 2028 432 2097 apud
456 2028 603 2084 lonmuuu
626 2027 695 2082 libro
720 2027 869 2082 uicensimo
894 2026 1014 2082 secundo
1038 2026 1206 2095 ‹ligestorum
1228 2031 1313 2080 notat.
1350 2023 1378 2080 Si
1398 2020 1553 2108 [Q
1572 2037 1592 2090 s

130 2123 216 2184 pactus
234 2117 301 2185 sim,
320 2132 354 2172 ne
372 2116 504 2186 Stichum,
522 2117 568 2186 qui
588 2115 652 2170 mibi
670 2115 830 2184 debebatur,
849 2121 954 2186 petam:
974 2131 1028 2170 non
1047 2115 1213 2184 intellegitur
1231 2129 1307 2169 mora
1325 2113 1390 2170 mihi
1407 2112 1465 2168 fieri
1484 2129 1553 2170 mor·
1572 2131 1601 2172 ιι

131 2210 221 2274 meque
239 2204 335 2260 Sticho
353 2211 420 2274 puto
439 2221 493 2260 non
510 2205 597 2261 moeri
614 2219 699 2274 reum,
718 2205 764 2273 qui
783 2211 846 2260 ante
864 2209 975 2273 pactum
994 2219 1097 2260 moram
1116 2219 1171 2258 non
1188 2201 1298 2258 iecerat.

91 2298 117 2355 55
175 2295 317 2350 Ismenus
340 2294 410 2349 bbro
434 2295 592 2362 trigessimo
616 2293 711 2362 quinto
732 2293 908 2360 digestorum.
947 2289 975 2348 Si
994 2291 1101 2348 debitor
1119 2293 1155 2346 sit
1171 2289 1335 2348 fructuarius
1353 2297 1381 2346 et
1400 2285 1554 2373 iffi}
1573 2302 1594 2355 s

130 2383 276 2450 paciscatur
293 2397 398 2452 serens,
417 2383 444 2437 in
463 2397 518 2452 quo
531 2397 609 2438 usum
622 2381 738 2438 boclam
754 2381 844 2450 habet,
862 2396 897 2436 ne
916 2381 951 2436 ab
970 2397 1003 2437 co
1022 2387 1143 2451 petatur:
1162 2381 1327 2451 paciscendo
1342 2367 1553 2436 meliorem-ecn-

130 2469 254 2526 dicionem
274 2471 334 2526 cios
352 2469 426 2526 lacit.
460 2471 525 2526 itero
542 2481 566 2526 ιι
584 2471 702 2526 creditor
720 2477 800 2530 esset,
812 2469 974 2526 fructuarius
993 2477 1021 2525 et
1038 2477 1136 2540 pactus
1154 2476 1240 2538 esset,
1264 2485 1298 2526 ne
1316 2473 1435 2540 peteret,
1458 2483 1554 2524 seruus

130 2565 211 2614 actem
230 2559 398 2614 munatius
417 2559 609 2629 pacisceretur,
629 2567 659 2613 ut
677 2565 795 2628 peteret:
814 2557 947 2614 beneficio
964 2560 1046 2628 pacti,
1065 2559 1138 2628 quod
1156 2574 1253 2614 seruus
1271 2557 1486 2628 interposuisset,
1503 2556 1555 2612 uti·
1574 2573 1602 2614 ιι

130 2646 182 2702 liter
197 2649 233 2702 ad
250 2649 411 2718 petitionem
430 2647 595 2704 admittetun
960 2637 962 2644 ’

90 2738 116 2796 ii
173 2737 249 2792 loru
267 2736 339 2792 libro
357 2742 435 2792 sexto
454 2736 491 2790 cd
509 2737 655 2792 blinicium.
685 2735 714 2792 Si
731 2736 898 2804 conuenerit,
917 2749 951 2790 ne
969 2735 1096 2791 dominus
1114 2752 1131 2791 a
1149 2737 1244 2792 colono
1258 2735 1323 2806 quid
1335 2751 1382 2805 pe·
1399 2726 1555 2818 Q
1574 2744 1594 2799 s

129 2830 198 2895 teret,
215 2833 244 2880 et
263 2827 339 2880 iusta
356 2839 440 2880 causa
458 2826 647 2880 conuentionis
665 2823 759 2880 inerit:
778 2825 861 2880 nihilo
879 2825 969 2880 minus
987 2825 1098 2880 colonus
1117 2841 1134 2878 a
1152 2825 1262 2880 domino
1279 2831 1373 2894 petere
1390 2829 1489 2894 potest.

89 2917 116 2972 ti
174 2914 386 2970 mammons
407 2913 475 2970 libro
493 2921 591 2970 octauo
610 2913 818 2970 institutionum.
856 2913 908 2979 Qui
925 2915 953 2967 in
971 2911 1090 2970 ictorum
1109 2929 1206 2968 usuras
1225 2929 1242 2966 ιι
1259 2911 1381 2970 debitore
1415 2906 1555 2994 1311ζῇ
1574 2923 1595 2976 s

106 3009 278 3072 rmemmt,
303 3003 386 3058 tacite
410 3007 509 3072 pactus
530 3002 652 3070 uidetur,
676 3017 710 3058 ne
730 3003 801 3058 intra
817 3003 846 3057 id
863 3009 973 3072 tempus
991 3007 1091 3058 sortem
1110 3009 1194 3072 potat.
1231 3001 1259 3058 si
1278 3017 1313 3056 cx
1331 3002 1416 3058 altera
1433 2989 1556 3071 partein
1575 3017 1603 3058 so

128 3105 185 3160 rem,
203 3107 239 3146 ex
257 3092 347 3146 altera
364 3091 392 3146 in
410 3107 555 3162 personam
574 3096 685 3161 pactum
705 3097 866 3161 conceptum
885 3090 974 3160 luerit,
993 3092 1078 3146 ueluti
1096 3107 1130 3146 ne
1149 3107 1201 3160 ego
1219 3095 1311 3160 petam
1330 3091 1374 3144 uel
1392 3105 1426 3145 ne
1440 3094 1496 3145 ato
1509 3103 1555 3158 pe·
1627 3155 1635 3170 ·

129 3183 204 3234 tatur:
228 3180 312 3235 beses
336 3195 413 3234 meus
436 3179 472 3236 ab
496 3179 622 3236 omnibus
645 3179 725 3236 uobis
749 3180 907 3248 petitionem
931 3179 1043 3235 babebit
1068 3187 1096 3234 et
1115 3179 1149 3236 ab
1168 3179 1267 3236 herede
1285 3183 1333 3236 tuo
1351 3193 1445 3234 omnes
1462 3183 1556 3248 petere

48 3285 50 3289 ’
128 3270 278 3336 poterimus.

90 3361 115 3418 53
174 3358 329 3412 Nsnsrros
346 3356 415 3412 libro
433 3357 515 3412 tertio
527 3357 753 3414 membranarum.
782 3357 827 3412 Ab
840 3358 977 3428 emptione
989 3358 1155 3426 conditione,
1173 3357 1308 3414 locatione
1320 3372 1382 3414 con·
1401 3349 1596 3439 We

129 3443 247 3501 ductione
267 3445 421 3516 caterbam
440 3445 574 3502 similibus
592 3445 804 3515 obligationibus
822 3447 886 3515 quia
898 3447 1011 3514 integris
1023 3446 1149 3504 omnibus
1161 3461 1296 3502 consensu
1307 3461 1410 3514 eorum,
1428 3431 1557 3516 quffiter
1576 3461 1604 3504 ιι

129 3549 154 3586 sc
170 3535 285 3605 obligati
304 3535 366 3604 sint,
385 3535 477 3590 recedi
495 3537 590 3604 possit,
608 3534 721 3592 dubium
740 3551 795 3590 non
812 3540 863 3590 est.
891 3535 1013 3590 Aristoni
1026 3535 1078 3591 hoc
1090 3536 1208 3606 amplius
1219 3533 1372 3604 cudebatur,
1391 3534 1415 3590 si
1426 3549 1467 3604 ea,
1486 3549 1556 3604 quac

130 3637 166 3676 ne
182 3639 217 3678 ex
234 3629 331 3694 empto
349 3628 490 3692 praestare
507 3623 557 3679 tibi
575 3629 722 3694 oporteret,
743 3625 940 3694 praestitissem
960 3629 1068 3680 etcum
1086 3629 1116 3680 tu
1135 3623 1200 3678 mibi
1217 3623 1334 3694 pretium
1352 3622 1476 3692 deberes,
1493 3637 1556 3678 cou-

130 3714 242 3768 aenisset
260 3711 329 3767 mibi
346 3717 453 3780 mcum,
478 3717 510 3766 ut
527 3729 621 3768 rursus
639 3714 778 3782 praestitis
797 3713 862 3768 mibi
880 3731 897 3768 a
915 3718 942 3768 te
961 3715 988 3768 in
1006 3729 1036 3768 re
1054 3711 1167 3768 uendite
1184 3711 1323 3782 omnibus,
1347 3727 1418 3781 qnae
1437 3711 1558 3780 egotibi

130 3803 335 3869 mamea,
358 3801 476 3870 pretium
500 3800 564 3856 mihi
582 3817 637 3856 non
655 3801 736 3856 dares
754 3807 838 3870 tuque
857 3802 921 3856 mibi
939 3817 973 3856 ea
990 3803 1187 3871 praestitisses:
1212 3803 1329 3871 pretium
1347 3807 1375 3856 te
1393 3799 1493 3856 debere
1510 3799 1557 3856 do·

129 3889 223 3960 sinere,
247 3891 316 3960 quia
332 3889 422 3946 bonae
439 3887 517 3960 fidei,
539 3889 574 3944 ad
593 3905 674 3958 qrrarn
693 3892 784 3946 omnia
801 3890 869 3946 haec
886 3891 1060 3960 redigrmtur,
1078 3891 1265 3960 interpretatio
1283 3889 1352 3945 banc
1370 3903 1557 3959 quoqueocn·
1576 3907 1605 3946 ιι

131 4005 245 4074 reto)

304 4125 496 4132 ——u—---—-
518 4125 529 4130 -
598 4125 607 4132 a
650 4128 656 4134 .
688 4127 693 4132 .
714 4127 720 4130 -
818 4126 867 4132 .--.
925 4127 1031 4132 —----
1066 4127 1095 4132 ---
1195 4126 1209 4132 -
1229 4123 1558 4132 ..η-...μψ-

132 4191 194 4246 isis
212 4191 295 4246 Pl'U
346 4191 559 4245 3existimabas
579 4191 630 4244 PU
681 4193 815 4246 icousti·
869 4190 974 4246 fruotus
993 4193 1031 4244 P·
1086 4192 1402 4267 restauratricem:
1423 4189 1557 4251 ricbol-

131 4263 230 4317 tntioF
268 4263 398 4330 esuum]
416 4267 495 4316 tuum
508 4263 541 4314 Ρ·
588 4264 683 4318 desso
698 4263 815 4331 aliquem
871 4264 1125 4333 ιυγφρογκτογὰριυι
1144 4263 1193 4316 RS
1211 4263 1321 4332 (Sept.)
1337 4265 1341 4329 1
1357 4267 1454 4332 pactus
1474 4261 1557 4330 essct]

132 4347 185 4386 snm
208 4333 285 4388 cauit
305 4333 345 4386 Ρ·
399 4334 615 4401 Spignoratum
633 4335 712 4402 quasi
731 4334 815 4390 credi·
870 4351 896 4404 p.
910 4335 1043 4388 estPl'U
1085 4335 1285 4402 repeteretis
1302 4336 1305 4400 Ι
1321 4333 1558 4402 interposuisetffl

131 4408 207 4458 tarem
230 4405 365 4460 debitoris
388 4405 527 4472 negotium
551 4420 646 4472 gerere
669 4419 759 4460 emere
776 4407 816 4458 Ρ·
870 4407 903 4458 tl
923 4405 1065 4460 munitium
1080 4405 1129 4458 PU
1143 4409 1147 4470 Ι
1163 4403 1562 4474 siconucn.1sicutuoc.P·ll

133 4477 161 4529 10
182 4475 255 4546 iecit}
278 4476 372 4544 coepit
397 4475 436 4530 Ρ·
501 4478 532 4530 11
561 4476 677 4545 pignori]
704 4477 751 4540 g‘ni
776 4477 815 4529 Ρ·
870 4477 904 4530 28
923 4480 951 4530 et
969 4477 1065 4530 om.P·
1081 4479 1084 4543 Ι
1101 4477 1190 4531 minus
1202 4477 1261 4530 colo
1276 4495 1323 4528 om.
1334 4477 1373 4529 P·
1425 4477 1461 4530 30
1478 4475 1557 4542 intral

133 4549 161 4600 13
176 4548 287 4616 acturis]
302 4547 369 4611 ΗΡ,
382 4547 552 4610 acmrosl’·,
565 4546 816 4610 transmutat,
870 4547 940 4601 inter
958 4547 996 4599 P·
1041 4549 1074 4601 31
1095 4555 1208 4615 noego
1226 4548 1265 4600 Ρ·
1309 4548 1344 4601 32
1362 4547 1451 4615 hores]
1470 4551 1499 4602 et
1513 4545 1559 4600 he·

134 4624 173 4670 inc.
193 4619 223 4670 l'·
248 4622 251 4686 Ι
278 4619 331 4687 eis}
361 4618 408 4672 ei..
434 4619 480 4680 Ρ·,
514 4619 539 4672 ei
566 4617 686 4682 P*V‘U‚
715 4628 762 4674 inc.
782 4618 816 4670 Ρ·
870 4634 913 4672 res
931 4618 1033 4684 Pi'Ul
1055 4618 1159 4686 omnes]
1178 4634 1247 4674 onus
1264 4619 1302 4672 Ρ·
1365 4619 1400 4672 35
1418 4617 1493 4686 quini
1513 4617 1559 4686 oui

135 4689 162 4741 ll
178 4695 332 4757 praestatur
357 4691 399 4753 Ρ·,
423 4689 501 4742 dmet
525 4689 556 4754 P,
578 4695 730 4758 praestaret
747 4721 767 4740 ..
786 4689 815 4752 V,
870 4691 909 4757 ΡΙ
925 4689 996 4742 inter
1013 4689 1053 4758 sel
1073 4691 1186 4744 interest
1203 4691 1241 4744 Ρ·
1291 4691 1326 4743 36
1344 4689 1409 4758 sintl
1428 4693 1493 4744 sunt
1510 4689 1557 4758 ΡΙ

134 4767 275 4838 praestaret
297 4761 339 4828 Ul
361 4759 407 4828 ad}
427 4777 444 4814 a
462 4761 508 4824 Ρ·,
528 4769 574 4814 inc.
588 4761 621 4814 ll·
676 4763 709 4815 io
727 4775 816 4828 noqrrc
869 4760 965 4828 possit}
991 4776 1072 4830 posse
1094 4761 1149 4814 ΡΥ
1198 4762 1232 4815 'di
1257 4760 1393 4830 emptione
1415 4761 1463 4826 ΡΙ
1485 4759 1558 4828 cum]

135 4831 193 4898 uro]
210 4849 245 4886 ne
261 4833 323 4888 inre
336 4833 378 4885 P·
394 4833 398 4898 Ι
413 4831 535 4898 nequ'a'e
553 4847 612 4900 aeq.
626 4833 652 4885 F
684 4833 716 4886 17
735 4839 816 4886 utem·
870 4847 931 4886 enm
951 4831 989 4884 Ρ·
1005 4835 1009 4897 Ι
1025 4833 1199 4887 conuenisset
1215 4832 1290 4901 mihi]
1309 4832 1496 4886 concepissem
1512 4832 1559 4894 Ρ·,

135 4901 166 4954 ria
186 4903 242 4968 F‘t
267 4904 398 4958 restiatur
421 4904 447 4954 F
508 4903 540 4955 19
571 4903 748 4970 ρἰιίιιιιιιίιιιο
775 4916 816 4956 se·
870 4903 1031 4957 conuenisse
1049 4902 1155 4958 mibiU
1205 4905 1240 4958 38
1258 4919 1315 4958 rem
1333 4901 1472 4957 conditam
1490 4901 1543 4956 PU
1552 4901 1557 4970 Ι

137 4973 214 5028 cundo
241 4976 274 5038 F,
303 4973 378 5028 xxxii
405 4974 432 5026 P
490 4975 524 5026 21
551 4975 646 5044 teneri]
674 4977 751 5028 tenet
776 4973 817 5026 P·
870 4973 930 5042 tibi]
949 4974 1124 5028 temihiP·‘l
1178 4976 1212 5030 39
1231 4973 1432 5040 sacmPVUl
1450 4971 1559 5042 'q'prac-

137 5041 165 5096 ei
184 5043 249 5099 libro
275 5065 324 5100 orn
337 5043 365 5098 P
424 5045 459 5098 33
486 5043 632 5113 paciscitur
653 5047 692 5099 Ρ·
719 5048 724 5112 Ι
750 5061 816 5100 usus
870 5046 985 5100 stitisset
1003 5048 1029 5099 F
1041 5051 1136 5108 t—ses
1155 5067 1187 5100 m.
1200 5047 1228 5111 3)
1281 5045 1317 5100 40
1335 5044 1422 5099 banc
1440 5043 1476 5097 F*
