3696 5568
958 281 984 337 ll

254 418 322 474 liber
345 419 441 474 eadem
465 425 555 474 aetate
579 437 633 490 qua
657 422 773 490 scriptus
797 427 839 475 est
861 423 925 476 item
950 425 1109 489 perpetuam
1128 419 1344 474 emendationem
1369 417 1451 472 subiit
1473 417 1508 471 ad
1531 417 1687 485 exemplum

254 508 421 576 digestorum
446 510 662 578 antiquissimum
687 515 714 563 et
737 512 882 578 optimum,
912 510 1019 564 utiam
1043 524 1113 562 unius
1135 509 1203 563 liber
1231 508 1345 562 duorum
1369 508 1454 561 instar
1477 505 1525 560 sit:
1555 505 1583 558 id
1612 503 1687 572 quod

254 612 417 664 quamquam
443 603 505 652 ante
529 614 578 651 nos
602 614 773 667 nequaquam
792 599 980 668 ignorabatur,
1003 604 1094 652 mmeu
1113 601 1248 666 quatenus
1265 597 1399 665 pertineat
1417 607 1488 649 none
1511 593 1620 647 demum
1646 592 1687 646 in·

254 685 399 754 tellegitur,
418 701 480 740 cum
499 701 533 739 er
552 686 786 741 emendationibus
806 704 901 741 manus
920 687 1056 741 secundae
1074 687 1219 755 pleraeque
1238 697 1341 752 eaeque
1359 684 1477 752 optimae
1496 683 1569 752 apud
1582 682 1688 750 priores

254 772 371 827 editores
395 775 477 828 tacite
501 775 589 843 magis
613 775 748 832 admissae
772 777 827 830 sint
850 792 931 844 quam
956 775 1057 829 diserte
1082 775 1235 828 adnotatae.
1270 771 1319 827 ssd
1347 787 1417 841 quae
1443 772 1511 826 ratio
1535 769 1689 826 intercedat

254 860 324 914 inter
347 861 407 914 libri
430 863 589 932 scriptorem
608 870 636 918 et
654 865 855 919 emendatorem
874 869 902 918 et
920 871 982 918 utra
1000 863 1147 917 auctoritas
1166 863 1255 932 potior
1272 862 1321 930 sit,
1346 866 1404 915 tum
1424 875 1600 930 quaeremus,
1624 874 1688 912 curn

254 948 373 1003 editione
394 949 446 1003 hac
469 950 605 1006 adfinem
627 954 760 1022 perducta
786 954 914 1007 uniuersa
942 953 1017 1007 uaria
1043 953 1123 1006 lectio
1152 950 1259 1020 publice
1286 950 1426 1019 proposita
1451 949 1515 1003 erit:
1544 953 1587 1001 est
1613 947 1689 1000 euim

254 1038 378 1105 quaestio
403 1054 504 1107 anceps
525 1045 553 1093 et
571 1041 718 1094 admodum
737 1039 863 1095 difficilis.
891 1056 962 1095 nune
985 1040 1036 1094 hoe
1060 1044 1164 1094 tautum
1184 1038 1336 1093 obseruabo
1359 1038 1508 1092 secundnm
1527 1037 1689 1105 scriptorem

255 1126 376 1194 plurimis
399 1127 508 1197 quidem
531 1129 598 1183 locis
621 1130 776 1198 primariam
794 1129 954 1197 scripturam
974 1129 1163 1183 emendauisse
1182 1143 1217 1181 ex
1234 1127 1302 1182 libro
1321 1127 1422 1196 scripto
1442 1124 1689 1196 praestantissimo,

254 1219 285 1266 ut
307 1213 381 1281 quod
404 1215 512 1283 digesta
530 1218 557 1271 in
576 1219 733 1272 uniuersum
753 1217 879 1286 expedite
903 1218 1030 1286 leguntur
1053 1224 1081 1272 et
1102 1218 1182 1271 solita
1199 1216 1368 1270 librariorum
1386 1219 1513 1285 portenta
1530 1227 1640 1282 perraro
1660 1213 1690 1266 in

255 1307 383 1357 contestu
402 1311 547 1374 apparent,
571 1306 599 1359 id
617 1307 735 1361 maxime
754 1305 857 1360 factum
875 1306 911 1360 sit
928 1312 1039 1375 propter
1057 1305 1273 1359 emendationem
1292 1305 1365 1359 illam
1384 1303 1613 1372 antiquissimam:
1638 1300 1691 1354 sed

254 1390 371 1444 eundem
389 1391 526 1447 librarium
546 1395 696 1449 secundum
715 1395 774 1449 aliis
793 1395 859 1449 locis
878 1410 966 1464 neque
985 1395 1017 1448 iis
1036 1395 1130 1463 paucis
1148 1393 1276 1448 traditam
1289 1394 1431 1448 lectionem
1444 1406 1586 1461 perperam
1601 1406 1636 1444 ex
1648 1390 1691 1444 in-

254 1480 335 1547 genio
354 1495 415 1534 cum
435 1481 580 1536 emendare
604 1483 687 1536 uellet
705 1484 925 1552 interpolauisss‚
944 1489 975 1537 ut
993 1497 1075 1551 saepe
1094 1481 1194 1537 dubius
1212 1482 1338 1550 haereas,
1357 1487 1446 1536 utram
1465 1480 1627 1548 scripturam
1646 1493 1691 1533 se-

254 1583 346 1637 quare.
374 1585 440 1624 sane
463 1571 537 1638 quod
560 1570 641 1626 hodie
665 1571 751 1626 critici
774 1571 965 1627 commendare
987 1572 1076 1626 solent
1096 1572 1224 1640 quodque
1247 1571 1342 1639 utique
1363 1571 1522 1638 plerumque
1545 1571 1692 1623 consenta-

253 1670 344 1725 neum,
363 1662 437 1712 certe
455 1674 564 1727 semper
580 1659 753 1714 commodum
772 1667 822 1730 est,
841 1665 872 1715 ut
890 1676 974 1715 unum
993 1661 1110 1728 aliquem
1128 1664 1266 1714 auctorem
1284 1665 1423 1727 tamquam
1438 1657 1535 1712 ducem
1554 1656 1604 1711 tibi
1623 1656 1692 1710 deli·

253 1760 317 1813 gas,
336 1760 418 1813 quem
438 1762 491 1801 non
508 1748 646 1817 relinquas
664 1749 716 1802 nisi
734 1753 845 1816 propter
862 1749 989 1804 idoneam
1008 1764 1133 1818 causam,
1151 1748 1180 1803 id
1198 1762 1363 1816 magnopere
1381 1762 1491 1814 uereor,
1515 1749 1547 1799 ut
1564 1745 1601 1799 ad
1618 1744 1693 1800 hanc

253 1835 441 1901 quaestionem
464 1836 535 1890 inter
552 1836 737 1891 Florentinum
760 1837 877 1905 priorem
901 1843 929 1892 et
947 1838 1124 1907 posteriorem
1143 1842 1218 1891 certa
1234 1837 1338 1891 ratione
1357 1849 1486 1904 umquam
1504 1837 1691 1888 concertatur.

253 1922 380 1990 equidem
395 1923 512 1991 ingenue
525 1923 614 1979 fateor
626 1939 708 1994 saepe
721 1939 764 1979 ms
776 1925 804 1979 in
816 1941 851 1980 ca
862 1925 1054 1982 diiudicatione
1067 1926 1200 1980 incertum
1213 1925 1347 1980 haesisse:
1366 1938 1530 1994 quamquam
1542 1922 1570 1976 in
1583 1937 1694 1976 summa

253 2024 283 2064 re
306 2011 489 2068 emendatoris
513 2014 662 2068 auctoritas
688 2013 763 2082 apud
790 2029 834 2069 me
860 2015 950 2084 potior
976 2013 1030 2070 furit
1055 2015 1146 2068 multis
1172 2014 1240 2068 locis
1267 2013 1365 2068 iniuria
1392 2015 1485 2082 spreta
1511 2025 1528 2066 a
1553 2009 1694 2080 prioribus

253 2098 413 2166 editoribus.
1635 2139 1637 2146 .

306 2187 455 2244 Florentini
476 2188 538 2244 libri
561 2189 608 2244 uix
631 2190 771 2259 estquod
795 2205 955 2248 moneamus
976 2191 1109 2260 integram
1133 2190 1237 2245 nariam
1260 2190 1404 2246 lectionem
1428 2188 1473 2244 hic
1500 2187 1558 2256 edi,
1586 2190 1618 2242 ut
1645 2186 1695 2242 uel

253 2275 464 2346 orthographica
487 2277 579 2332 omnia
601 2293 672 2347 quae
694 2278 723 2334 in
745 2283 851 2334 textum
875 2294 930 2335 non
947 2283 1012 2334 annt
1030 2283 1141 2348 recepta
1164 2279 1265 2348 (recepi
1283 2283 1375 2333 autem
1393 2289 1573 2347 quaeeunque
1590 2275 1614 2330 si
1636 2290 1696 2330 non

253 2379 321 2420 uera
338 2371 367 2419 at
385 2371 459 2429 certe
475 2365 629 2422 tolerabilia
646 2366 820 2435 uidebantur)
838 2369 895 2424 suis
913 2369 980 2423 locis
998 2367 1183 2424 iudicarentur
1205 2367 1234 2423 in
1256 2367 1445 2422 adnotatione:
1469 2364 1522 2420 nisi
1545 2362 1619 2433 quod
1636 2377 1696 2418 uon

254 2452 463 2523 adscripsimus,
481 2455 608 2523 quotiens
625 2455 786 2512 emendator
803 2457 831 2512 in
849 2456 1034 2513 numeralibus
1052 2457 1133 2526 quale
1150 2459 1194 2511 est
1212 2464 1364 2512 uicmdmaa
1380 2475 1398 2508 n
1413 2453 1532 2510 litteram
1550 2452 1698 2508 sustulerit

255 2557 272 2596 a
288 2542 376 2611 primo
393 2541 503 2598 librario
521 2547 654 2613 perpetuo
672 2543 730 2600 iere
744 2545 871 2616 positam,
890 2561 940 2601 nee
958 2545 1048 2614 magis
1066 2545 1258 2602 adnotauimua
1276 2559 1390 2615 prauam
1408 2541 1604 2599 uocabulorum
1623 2539 1696 2596 diui·

254 2631 359 2686 sionem
377 2646 461 2701 saepe
478 2631 515 2687 ab
533 2632 708 2688 emendatore
726 2633 762 2688 ad
780 2649 874 2689 ueram
892 2633 1007 2689 formam
1025 2638 1191 2690 reuocatam.
1219 2633 1337 2704 deniqne
1349 2633 1384 2689 de
1396 2632 1525 2688 librorum
1537 2629 1696 2698 inscriptio

254 2717 335 2775 nibus
346 2719 444 2775 melius
456 2724 554 2790 agetur
564 2720 593 2776 iu
605 2722 696 2791 operis
707 2719 885 2794 praefatione,
902 2722 950 2779 ubi
960 2728 1147 2792 proponentur
1158 2723 1327 2780 eoniumtae.
1349 2722 1378 2778 in
1390 2721 1549 2778 Florentius
1558 2718 1699 2789 scriptura

253 2806 398 2864 reserenda
414 2807 571 2882 significari

289 2897 327 2950 F·
360 2897 526 2966 primitiuam
544 2898 707 2968 scripturam
726 2903 860 2955 mutatam
878 2915 961 2954 mauu
980 2899 1091 2956 eadem:

289 2986 328 3040 F*
362 2985 581 3048 emendationem
599 2985 702 3042 librarii
720 2987 815 3057 primi:

290 3074 326 3128 Ρ
359 3075 526 3145 primitiuam
545 3075 706 3144 scripturam
726 3091 780 3131 non
799 3090 817 3132 a
834 3075 923 3146 prima
940 3091 1022 3132 manu
1040 3079 1183 3144 mutam,
1201 3074 1251 3130 sed
1269 3073 1439 3132 saecunda:

290 3163 327 3218 F’
362 3165 581 3220 emendationem
599 3164 702 3220 librarii
719 3164 834 3220 secundi
852 3164 1036 3220 emendatoris
1054 3163 1195 3220 ordinarii:

290 3251 328 3304 F³
361 3251 579 3308 emendationem
598 3251 749 3322 proiectam
768 3251 804 3308 ab
823 3254 937 3323 antiqua
954 3253 1064 3321 quidem
1084 3267 1180 3321 manu,
1203 3251 1253 3306 sed
1272 3265 1327 3308 non
1344 3250 1505 3308 correctoris
1522 3249 1652 3306 ordinarii
1660 3253 1697 3318 1);

288 3344 315 3415 s
361 3340 580 3396 emendationem
599 3343 698 3398 aetatis
715 3342 883 3411 recentioris,
902 3342 931 3396 id
949 3345 993 3396 est
1009 3341 1203 3398 Bononiensis:

290 3429 338 3482 β’
361 3429 510 3486 Florentiui
528 3429 589 3486 libri
606 3431 760 3500 lectionem,
779 3430 868 3500 qualis
885 3427 938 3486 suit
955 3435 1101 3500 autequam
1121 3429 1312 3486 emendaretur
1329 3443 1443 3484 amauu
1456 3427 1569 3497 antiqua
1581 3427 1697 3496 incerta,

362 3518 421 3572 siue
439 3533 473 3574 ea
489 3519 570 3589 primi
587 3519 689 3574 librarii
706 3517 759 3575 suit
776 3519 836 3574 siue
854 3519 1039 3576 emendatoris
1057 3521 1170 3590 antiqui.

291 3607 342 3660 F‘·
363 3606 466 3662 indicat
483 3607 633 3662 Florentini
650 3607 712 3664 libri
728 3608 874 3662 lectionem
892 3608 1067 3664 emendatam
1085 3624 1103 3664 a
1121 3623 1203 3663 namu
1221 3607 1334 3676 antiqua
1351 3605 1463 3660 incerta

292 3694 298 3710 “
318 3692 324 3709 “
360 3695 388 3750 ἰιι
407 3695 439 3752 iis
457 3709 529 3764 quae
547 3696 698 3751 afferuntur
715 3711 750 3752 er
768 3696 924 3752 Florentino
942 3696 1011 3752 libro
1030 3697 1135 3754 litteras
1153 3693 1389 3766 comprehendunt
1400 3697 1499 3763 postes
1510 3691 1624 3761 deleme,
1642 3692 1697 3748 sei·

362 3784 427 3838 licet
444 3784 492 3840 ubi
510 3785 633 3854 sequitur
644 3784 689 3848 Fi,
707 3800 819 3840 amsnu
831 3786 928 3855 prima,
946 3785 994 3840 uhi
1007 3787 1131 3856 sequitur
1144 3787 1189 3851 F’,
1208 3799 1319 3840 amans
1331 3780 1461 3850 secunda,
1479 3781 1526 3836 nbi
1539 3781 1663 3850 sequitur
1676 3782 1707 3833 F

363 3873 480 3943 nudum,
505 3891 523 3930 a
540 3889 623 3929 manu
640 3873 753 3943 antiqua
771 3874 882 3928 incerta.
910 3875 1028 3944 exempli
1047 3891 1132 3930 causa
1147 3873 1246 3946 po'ts'rt
1261 3873 1298 3927 pr
1316 3871 1420 3926 iudicat
1436 3870 1538 3926 codicis
1555 3869 1698 3924 librarium

363 3963 506 4032 scripsisse
523 3969 613 4034 potest,
632 3963 722 4031 ipsum
740 3961 902 4018 emendasse
916 3970 992 4036 post:
1008 3962 1107 4035 po'le'st
1118 3964 1156 4018 Ρ
1167 3962 1271 4018 indicat
1287 3959 1426 4016 librarium
1438 3957 1540 4014 codicis
1552 3957 1699 4028 scripsisse

359 4059 451 4123 potest,
470 4050 673 4106 emendatorem
691 4051 755 4106 inde
773 4049 871 4108 iecisse
887 4058 955 4122 post.

292 4144 328 4172 Η
362 4140 390 4194 in
409 4140 442 4194 iis
460 4155 532 4210 quae
550 4139 701 4196 ailemutur
719 4155 754 4196 ex
772 4140 928 4196 Florentino
946 4138 1015 4196 libro
1034 4139 1156 4196 similiter
1169 4140 1274 4195 litteras
1286 4135 1521 4207 comprehendunt
1533 4139 1631 4205 postea
1648 4134 1699 4190 ad·

362 4228 448 4284 lectas
466 4229 525 4284 siue
543 4243 561 4282 a
579 4244 662 4284 mauu
679 4228 768 4299 prima
785 4229 844 4284 siue
863 4243 880 4283 a
897 4243 981 4284 manu
999 4227 1121 4284 secunda
1138 4228 1198 4284 siue
1216 4243 1234 4282 a
1252 4242 1334 4283 manu
1353 4226 1466 4295 antiqua
1484 4225 1595 4293 incerta,
1615 4227 1701 4292 prout

364 4317 488 4384 sequitur
505 4320 555 4370 aut
570 4315 609 4370 pa
628 4322 677 4372 aut
693 4319 732 4372 F’
749 4321 798 4372 aut
816 4317 842 4370 F
854 4316 967 4372 nudum.

312 4529 322 4563 ¹
341 4529 432 4578 Errare
450 4545 506 4579 meo
525 4529 617 4580 iactum
636 4541 682 4591 est,
702 4541 730 4580 nt-
747 4531 773 4580 in
792 4531 878 4596 primis
897 4529 1005 4596 plagulis
1024 4529 1090 4581 male
1108 4529 1210 4580 daretur
1258 4546 1304 4596 pro
1322 4528 1360 4581 F⁸
1377 4528 1438 4579 locis
1458 4527 1510 4577 his:
1530 4543 1555 4592 p.
1569 4525 1624 4586 4,2
1643 4525 1701 4589 (ubi

259 4597 1699 4738 :fluctuataereuectus.⁰:r

258 4685 340 4790 ἱῗΠΙΟ.
353 4740 396 4790 35.
415 4759 440 4805 p.
453 4740 496 4800 44,
513 4741 544 4790 12
564 4742 620 4806 (sed
640 4743 767 4794 dubitatur
786 4744 818 4794 de
836 4691 931 4812 margi).
950 4709 980 4812 Ιρ.
989 4692 1037 4806 125,
1048 4711 1076 4796 '4‚
1090 4746 1114 4796 6.
1125 4692 1169 4796 ῗὸ.
1183 4711 1225 4794 dl.
1244 4761 1270 4810 p.
1283 4708 1325 4802 td,
1339 4707 1382 4794 40..
1400 4689 1483 4807 1¹:45.
1496 4705 1545 4790 27⁸.
1558 4705 1640 4805 12:50,
1654 4705 1700 4790 31:

260 4828 285 4878 p.
298 4811 341 4871 bl,
355 4809 397 4860 38.
410 4811 453 4860 39.
473 4828 497 4875 p.
511 4811 554 4870 52,
571 4813 610 4862 19.
629 4831 654 4879 p.
668 4815 711 4874 53,
728 4815 767 4866 19.
787 4833 812 4880 p.
826 4815 869 4876 55,
886 4816 926 4866 la.
946 4833 971 4882 p.
984 4815 1028 4876 57,
1042 4815 1066 4867 Β.
1083 4815 1123 4867 10.
1139 4817 1179 4866 12.
1192 4815 1235 4864 24.
1248 4813 1291 4864 28.
1304 4813 1346 4863 32.
1368 4831 1393 4879 p.
1407 4813 1450 4874 59,
1464 4813 1489 4862 3.
1502 4813 1527 4862 4.
1544 4811 1583 4860 13.
1598 4809 1641 4860 26.
1654 4811 1700 4861 31.

260 4879 547 4948 p.60‚2.11.21.35.
573 4899 598 4946 p.
612 4883 654 4942 61,
668 4883 711 4934 33.
736 4901 761 4950 p.
775 4887 817 4946 63,
832 4887 857 4936 2.
876 4903 902 4951 p.
915 4887 959 4946 64,
972 4885 997 4937 7.
1027 4889 1143 4937 Ceterum
1162 4885 1350 4937 emendationes
1369 4885 1417 4933 hae
1437 4883 1531 4942 abiis,
1552 4898 1617 4946 quae
1636 4897 1700 4946 pro·

260 4952 403 5002 ficiscuntur
421 4971 437 5002 a
454 4961 595 5003 correctore
613 4954 754 5016 ordinario,
773 4958 922 5007 auctoritate
939 4975 991 5008 non
1009 4957 1114 5008 multum
1131 4959 1249 5009 uidentur
1268 4957 1382 5007 differre:
1401 4953 1496 5006 seilicet
1518 4952 1583 5004 aliae
1601 4953 1702 5018 petitae

260 5022 377 5074 uidentur
395 5037 425 5072 ox
444 5023 559 5090 exemplo
576 5025 658 5090 magis
677 5026 819 5088 emendate,
838 5027 902 5078 alise
921 5045 952 5080 er
971 5030 1122 5082 coniectura.
