3848 5536
863 247 1008 316 Lxxvli

220 419 325 478 istium
348 423 434 478 exiles
451 423 582 494 reliquiae
599 427 725 479 seruatae
749 423 778 478 in
795 424 886 495 legum
905 423 995 480 ludiee
1013 428 1078 480 noto
1096 422 1149 480 sub
1166 423 1275 481 nomine
1293 424 1412 495 Tipuoiti
1433 425 1466 493 (ri
1486 425 1536 487 roi
1555 426 1653 497 κεῖτιι),

220 527 287 584 alibi
304 529 386 599 plane
403 527 546 600 definiant,
570 529 730 600 saepissime
752 545 819 587 uero
843 530 953 586 scholiis
976 531 1095 602 antiquis
1118 530 1300 587 destituamur
1317 545 1405 602 neque
1423 531 1503 602 eopia
1520 531 1599 588 nobis
1617 532 1663 589 sit'

219 635 276 691 nisi
297 636 432 692 uersionis
450 635 590 708 Anonymi
611 636 787 708 imperfectae
809 643 838 694 et
861 652 945 708 ssepe
967 635 1085 709 sabaeis,
1109 637 1137 694 in
1161 653 1261 709 maffia
1284 643 1363 708 parte
1387 639 1448 694 uiae
1474 654 1528 695 nou
1553 639 1653 710 breuis,

219 758 304 813 quam
321 743 513 815 percurrimus,
530 743 761 815 progrediendum
779 742 832 801 fuit
843 745 902 801 aine
914 743 1031 801 duelbus
1049 744 1099 814 his,
1118 759 1232 816 quorum
1246 761 1410 817 quamquam
1422 743 1556 803 lallaeiam
1570 761 1653 817 saepe

218 851 327 922 experti
351 867 474 922 eramus,
497 855 590 909 temen
612 851 660 908 ubi
677 850 840 923 dedeereut,
861 851 959 922 ingens
977 850 1142 908 desiderium
1165 867 1216 908 noa
1238 852 1323 922 oepit:
1345 867 1395 908 neo
1413 851 1526 909 dubium
1544 835 1588 909 est
1605 868 1653 910 ess

218 956 390 1028 digestorum
408 964 515 1030 partes,
538 975 607 1030 quas
625 959 660 1016 sd
679 958 799 1016 Graeoas
824 959 964 1016 uersiones
988 959 1098 1030 exigere
1119 959 1273 1032 potuimus,
1297 958 1377 1016 hodie
1400 960 1454 1031 legi
1477 959 1587 1032 reliquie
1606 959 1652 1016 ali·

218 1069 352 1136 qnantum
371 1065 579 1124 emendatiores.

272 1280 338 1336 Dixi
350 1279 385 1337 de
400 1278 539 1350 subsidiis,
556 1277 656 1350 quibus
674 1279 823 1336 imtrnotus
840 1278 912 1336 hano
929 1278 1099 1350 digestorum
1116 1279 1328 1350 recognitionem
1342 1277 1452 1350 perleui,
1464 1280 1651 1352 enamauique,
1672 1287 1792 1364 orthogra-

219 1385 287 1457 qnid
304 1391 417 1444 seoutus
435 1387 485 1444 sim
504 1386 687 1458 inapparatu
704 1385 856 1458 oolligendo
874 1391 904 1443 et
921 1385 1080 1458 digerendo.
1111 1389 1204 1456 restat,
1222 1391 1255 1441 ut
1271 1387 1367 1459 paneis
1385 1401 1521 1458 exponam
1539 1388 1574 1444 de
1591 1405 1652 1459 par·
1706 1353 1760 1412 phu

218 1493 294 1550 tubus
312 1494 354 1565 iis,
372 1509 444 1566 qaae
461 1508 513 1550 suo
530 1493 642 1550 arbitrio
660 1493 748 1565 magis
766 1509 848 1565 quam
867 1493 902 1550 ad
921 1499 1083 1565 apparatum
1094 1492 1193 1550 editori
1205 1493 1364 1550 mordenda
1375 1498 1448 1550 sunt.
1476 1493 1549 1550 etde
1562 1494 1652 1552 ortho-

219 1600 335 1672 graphia
356 1601 466 1672 quidem
485 1616 575 1672 psuea
592 1599 739 1657 suffieieut
767 1601 795 1656 in
813 1617 921 1657 summa
939 1615 968 1656 re
986 1600 1085 1658 retinui
1103 1599 1206 1656 oodiois
1223 1601 1386 1672 Florentini,
1410 1605 1441 1657 ut
1459 1599 1506 1658 ubi
1524 1602 1547 1657 is
1566 1601 1652 1673 dupli·

220 1722 279 1764 eem
302 1708 448 1765 leetiouem
471 1709 581 1766 offerret
603 1708 721 1780 priorem
745 1713 774 1765 et
795 1708 986 1780 posteriorem,
1010 1707 1038 1763 ln
1062 1707 1278 1779 orthographicis
1301 1707 1370 1765 haee
1390 1707 1455 1764 mihi
1472 1707 1562 1778 potior
1578 1712 1653 1764 emet

219 1819 314 1886 utpote
335 1813 461 1886 proieeta
480 1815 516 1872 ab
533 1812 689 1872 hominibus
707 1814 874 1872 doelioribne
892 1815 966 1872 etin
984 1815 1140 1872 uniuersum
1158 1816 1304 1887 propiora
1322 1830 1396 1872 uera.
1429 1814 1651 1886 aequabilitatem

219 1922 247 1977 in
264 1921 482 1994 orthographioia
499 1938 554 1980 non
573 1938 633 1979 sum
653 1927 773 1994 seoutus,
790 1922 841 1979 sed
859 1921 996 1994 ancipitia,
1014 1927 1047 1978 ut
1064 1926 1129 1979 aunt
1146 1929 1232 1980 enters
1244 1926 1273 1979 et
1285 1930 1391 1990 artare,
1409 1923 1547 1996 inprobare
1562 1929 1590 1980 et
1603 1932 1649 1978 tm·

217 2029 341 2100 probare,
365 2037 479 2102 optinere
495 2034 525 2086 et
542 2025 667 2094 obtinere,
689 2037 727 2086 sel
745 2035 773 2086 ei
789 2032 835 2086 esd
851 2030 959 2100 alisque
977 2031 1130 2102 templum,
1154 2035 1187 2086 ut
1203 2029 1305 2086 tradita
1321 2029 1492 2102 adhepimutl,
1510 2030 1549 2086 ita
1567 2029 1649 2086 edidi.

218 2135 268 2190 sed
285 2140 379 2192 tsmen
398 2152 469 2208 quae
487 2137 516 2194 in
532 2137 690 2194 Florentino
708 2135 881 2194 inueniebam
898 2137 979 2210 plane
996 2135 1190 2208 intolerabilia,
1209 2137 1237 2193 in
1255 2137 1406 2208 marginem
1424 2137 1523 2208 amoui,
1541 2142 1573 2194 ut
1590 2153 1650 2210 per·

217 2247 328 2313 petuam
345 2244 497 2300 litterarum
516 2245 531 2300 b
549 2250 579 2302 et
597 2265 621 2312 a,
639 2260 695 2302 non
711 2261 800 2302 raram
819 2245 922 2301 uenalis
940 2265 953 2301 ι
971 2261 1033 2301 oum
1052 2243 1222 2316 diphthongo
1239 2265 1270 2300 as
1288 2242 1473 2302 confusionem
1492 2244 1601 2315 aliaque
1617 2259 1651 2301 es

218 2354 309 2407 aetate
326 2351 412 2422 nugo
432 2357 544 2424 reeepta
565 2357 662 2424 aperte
678 2351 803 2410 barbara
835 2351 908 2409 unde
926 2356 1018 2409 nmen
1036 2367 1071 2409 ue
1090 2351 1203 2423 oolligas
1220 2367 1254 2408 eu
1271 2367 1343 2423 quse
1362 2351 1459 2424 reliqui
1476 2351 1568 2409 omnis
1585 2351 1651 2409 miri

218 2452 335 2530 probari,
353 2458 402 2529 qui
418 2475 474 2516 nou
489 2459 613 2531 ignorem
632 2475 687 2517 uon
705 2475 795 2532 pauos
811 2460 893 2516 etiam
912 2459 1083 2530 reliotorum,
1101 2464 1133 2515 ut
1150 2461 1216 2515 sunt
1231 2467 1400 2532 prompsisse,
1419 2461 1571 2526 inclusum,
1588 2480 1649 2532 rup-

216 2567 303 2637 peltes,
319 2585 478 2638 suppressas
486 2571 575 2641 spru
590 2567 628 2640 pl·
645 2567 673 2624 in
692 2566 812 2638 Graeoia,
832 2567 906 2624 nullo
922 2567 1074 2638 patrocinio
1092 2563 1202 2622 delendi
1219 2580 1314 2638 posse:
1335 2564 1386 2622 sed
1404 2581 1439 2622 ue
1456 2566 1570 2622 ulterius
1588 2583 1649 2638 pro-

191 2713 195 2720 .
218 2671 343 2728 cederem
361 2673 390 2728 in
407 2687 475 2730 uera
491 2673 685 2746 orthographia
702 2673 867 2745 reuocanda,
886 2672 988 2730 laetum
1007 2677 1050 2730 est
1065 2677 1179 2745 propter
1194 2672 1265 2729 duas
1283 2688 1390 2730 osusus.
1417 2673 1534 2744 primum
1550 2688 1649 2744 eorpus

217 2778 283 2835 iuris
300 2778 410 2838 edimus
431 2786 511 2839 sexto
530 2786 594 2852 poet
610 2780 746 2838 Christum
770 2781 880 2838 aaeeulo
899 2781 1135 2852 Constantinopoli
1152 2780 1346 2853 oonsoriptum,
1363 2781 1441 2838 ouius
1459 2781 1649 2852 oompllatores

218 2885 336 2944 dubitari
354 2902 410 2944 non
426 2889 515 2959 possit
532 2889 560 2945 in
578 2887 794 2960 orthographiois
812 2903 896 2960 saepe
914 2887 1057 2945 aberrasse
1075 2903 1093 2944 a
1110 2902 1176 2945 uero
1194 2887 1276 2945 modo
1293 2886 1449 2958 ignorantia
1466 2888 1548 2946 modo
1563 2905 1650 2961 praua

218 2993 341 3051 doctrina
358 2994 536 3053 seholastiea:
555 3001 585 3053 at
602 2997 674 3052 ultra
691 2999 831 3053 auetorem
855 3010 953 3065 sapere
976 2995 1107 3052 editorem
1129 3010 1184 3052 uon
1202 2999 1318 3067 oportet
1355 2994 1454 3052 deinde
1478 2993 1649 3066 aliquatenus

216 3101 299 3158 etism
317 3117 432 3173 paruere
449 3102 524 3159 nolui
541 3102 650 3158 teotonis
667 3103 816 3174 patientiae
833 3103 960 3175 nequest
973 3100 1112 3159 fastidium
1125 3117 1236 3159 mouere
1248 3102 1392 3158 oumulatis
1404 3101 1434 3158 iu
1445 3102 1522 3159 uaria
1532 3103 1649 3160 leotioue

217 3213 259 3264 tot
281 3207 520 3266 obsemaliombus
543 3209 655 3266 miuuh‘s
677 3209 712 3268 de
735 3209 942 3282 orthographia,
966 3224 1036 3279 quaa
1058 3224 1121 3265 eum
1144 3209 1314 3282 supprimere
1337 3224 1392 3265 nou
1413 3209 1509 3266 lioeret
1530 3209 1558 3266 ln
1577 3215 1649 3266 teste

216 3319 311 3373 tantae
329 3321 358 3372 et
375 3316 546 3373 auctoritatis
567 3322 597 3374 et
620 3317 760 3389 utilitatis,
782 3323 875 3374 tamen
898 3332 980 3388 quam
1001 3315 1199 3388 simplieissime
1216 3331 1367 3388 proponere
1390 3316 1501 3387 plaoult.
1537 3321 1650 3388 propter

216 3423 331 3479 similem
355 3439 467 3480 oausam
489 3422 725 3482 innumeralibus
749 3440 819 3496 quae
842 3445 859 3480 a
879 3425 998 3481 litteram
1021 3427 1116 3480 antes
1137 3422 1220 3480 modo
1238 3423 1395 3480 adsoiaount
1412 3421 1494 3480 modo
1511 3423 1648 3496 omittunt,

216 3529 423 3588 emendatorum
441 3531 661 3605 mutationesex
676 3533 754 3588 uaria
770 3531 887 3589 leotioue
904 3531 933 3588 in
951 3547 1013 3588 eum
1031 3531 1121 3588 loeum
1140 3531 1230 3588 amoui
1247 3533 1342 3603 (supra
1358 3546 1386 3601 p.
1400 3530 1519 3602 XXlll),
1538 3529 1585 3588 ubi
1602 3545 1648 3588 ne·

216 3637 281 3693 mini
299 3638 431 3694 molestae
450 3642 538 3694 eruut
566 3654 698 3710 quasnam
717 3643 810 3696 autem
827 3640 903 3711 leges
920 3640 949 3695 iu
960 3637 1155 3710 orthographia
1165 3637 1314 3696 llorendui
1325 3636 1386 3694 librl
1398 3638 1546 3710 seriptorea
1558 3652 1648 3694 emen·

215 3743 381 3816 dawresque
402 3746 491 3802 soouti
514 3751 581 3803 sant
599 3761 704 3818 quasue
722 3744 895 3818 infregerint,
920 3745 955 3802 de
973 3760 1006 3802 eo
1024 3751 1072 3803 aut
1088 3743 1241 3802 tenebimus
1258 3751 1307 3803 aut
1325 3744 1525 3817 disputabimus
1541 3747 1602 3802 loeo
1620 3748 1649 3802 et

215 3857 339 3924 tempore
356 3853 558 3925 opportuniore.

269 3959 339 4017 (lum
360 3961 465 4018 nudum
486 3962 600 4018 Latinae
622 3961 792 4018 litteraturae
812 3975 881 4032 opus
904 3961 943 4017 ita
964 3959 1087 4030 indigeat
1110 3963 1187 4015 reeta
1207 3963 1236 4016 et
1258 3958 1402 4016 eommoda
1421 3959 1648 4031 interpunetione,
1666 3967 1819 4028 interpunctio

216 4069 248 4122 ut
273 4067 399 4139 indigent
425 4083 460 4126 ea
486 4067 595 4140 digesta
621 4065 746 4140 proiecta
773 4065 808 4124 ab
836 4065 993 4124 auctoribus
1028 4065 1110 4122 rebus
1139 4065 1228 4136 ιιιιςίι
1254 4065 1366 4122 inbutis
1393 4081 1476 4138 quam
1503 4065 1648 4124 uerborum

217 4177 371 4230 shueturse
389 4179 546 4246 securatae,
569 4175 665 4232 ourani
685 4178 817 4245 quantum
834 4173 911 4245 potui
929 4177 961 4230 ut
978 4173 1079 4230 hadda
1097 4173 1287 4229 emendaretur
1308 4173 1496 4244 nitereturque
1520 4175 1649 4246 soopuius

216 4285 339 4352 uterque,
357 4285 415 4337 tam
433 4296 504 4352 quae
521 4282 683 4354 indigestis
701 4281 790 4338 adhue
808 4279 926 4337 obtinuit
942 4279 1064 4352 prolusio
1081 4279 1251 4351 incisionum,
1270 4295 1341 4351 quae
1359 4280 1424 4338 dum
1443 4281 1569 4353 oopulam
1586 4297 1647 4353 par-

216 4386 382 4458 tieulamque
400 4389 500 4445 nndm
519 4388 631 4446 missam
650 4387 717 4446 iaoit
734 4389 794 4445 eine
811 4388 918 4458 uirgula
936 4388 1048 4457 eomite,
1073 4387 1236 4444 seutentiam
1256 4403 1311 4444 uon
1328 4388 1461 4460 eoueetit,
1478 4387 1528 4444 sed
1547 4387 1647 4445 disner-

215 4494 269 4565 plt,
292 4509 376 4566 quam
398 4496 513 4566 penuria
534 4497 595 4569 ills,
618 4511 690 4568 quse
713 4499 806 4554 nosho
828 4498 953 4566 tempore
970 4500 1086 4570 regnat,
1106 4509 1160 4566 quo
1179 4499 1282 4567 quanto
1300 4495 1387 4551 rarius
1410 4495 1438 4552 in
1462 4495 1586 4553 oratione
1608 4496 1648 4552 in·

216 4599 323 4673 eiduut,
344 4607 423 4660 unte
444 4603 534 4676 magis
557 4602 688 4676 philologi
712 4602 765 4660 sibi
787 4617 848 4660 esse
871 4601 1008 4660 uidentur.
1039 4601 1204 4674 quibusdam
1222 4602 1289 4660 leole
1306 4617 1387 4674 opem
1404 4600 1475 4659 ierre
1493 4602 1571 4674 potui
1589 4603 1649 4660 sola

216 4849 275 4904 iuris
295 4852 319 4914 l,
337 4851 355 4902 2
372 4859 453 4905 tetum
469 4853 524 4906 fers
542 4853 693 4923 (Heimhaeh
710 4853 820 4924 6126),
838 4871 955 4922 magnam
973 4863 1071 4924 partem
1089 4854 1154 4908 tituli
1172 4856 1205 4908 de
1222 4853 1272 4907 ritu
1290 4853 1433 4922 nuptiarum
1450 4853 1494 4918 23,
1511 4853 1529 4906 2
1548 4852 1646 4922 (Helm-

217 4939 280 4993 bseh
298 4941 323 5004 6,
341 4942 401 5010 63),
423 4943 544 5012 pleraque
562 4961 626 5011 quse
644 4944 772 5014 pertinent
789 4945 823 4997 ad
841 4945 1002 5008 decuriones,
1021 4945 1138 5014 quonism
1155 4945 1210 5013 ipse
1227 4943 1280 4996 Leo
1298 4943 1398 4998 nouella
1416 4944 1451 4998 46
1468 4944 1549 4996 euriae
1568 4944 1646 4996 deeu-

219 5030 348 5099 rionesque
366 5031 478 5084 aboleuit
495 5033 645 5100 (Heinsbsoh
665 5034 690 5100 6,
711 5035 780 5102 126),
799 5035 897 5103 aliaque
916 5035 951 5104 (ιι.
971 5035 1005 5088 ibi
1024 5037 1049 5100 6,
1064 5034 1122 5089 126.
1137 5033 1195 5088 128.
1213 5033 1245 5087 oi.
1261 5034 1330 5103 112).
