3664 5570
140 319 335 367 meremus
773 275 881 376 ’269
1345 302 1557 371 unse-s

139 471 208 511 unsa
230 455 357 526 imposita
379 455 444 524 erit,
468 457 541 510 sotio
564 453 643 510 nobis
667 457 810 526 oompetit,
834 461 866 512 ut
889 462 918 512 et
941 471 1026 512 onera
1042 455 1113 512 ierat
1131 462 1160 512 et
1176 456 1301 514 amiticia
1317 455 1423 514 refluat
1439 457 1475 514 ad
1493 473 1555 514 eum

138 543 243 611 nodum,
261 545 307 613 qui
325 544 458 599 seruitute
475 543 604 614 imposita
621 543 833 612 eomprehensus
852 551 902 600 est.
929 551 958 600 et
970 545 1065 600 Gallus
1083 550 1162 615 putat
1179 561 1234 601 non
1252 559 1335 616 posse
1345 548 1385 602 ita
1395 547 1555 602 seruitutem

137 631 232 700 inponi,
251 635 281 685 ut
298 633 360 702 quis
377 630 468 686 faeere
485 631 588 702 aliquid
606 635 758 700 tegeretur,
777 631 827 686 sed
845 647 880 687 ne
899 647 943 687 me
955 631 1045 688 taoere
1057 633 1226 702 prohiberet:
1245 649 1308 688 nam
1321 634 1349 688 in
1361 632 1488 693 omnibu
1500 647 1554 688 eer-

137 717 256 774 nitutibue
272 718 385 774 ιιιοοιιο
403 719 440 774 ad
457 733 520 774 eum
538 720 664 788 pertinet,
683 720 730 788 qui
742 719 795 774 sibi
807 721 967 775 seruitutem
981 721 1092 790 adserit,
1111 737 1165 776 non
1177 721 1297 790 adeum,
1316 721 1393 776 ouius
1406 735 1449 776 res
1462 721 1554 774 seruit.

136 807 175 862 sed
190 807 292 862 eualuit
308 807 386 863 Serui
404 807 550 876 sententia,
566 808 596 862 in
613 807 755 878 proposita
772 808 863 878 speeie
881 813 913 862 ut
928 809 1017 878 possit
1028 810 1090 877 quie
1103 808 1250 864 defendere
1263 810 1306 864 ius
1319 809 1370 864 sibi
1383 823 1444 864 osse
1457 823 1554 878 eogere
1573 819 1588 862 o

135 895 307 950 stluersarium
326 893 437 950 relinere
454 895 586 965 parietem
605 895 641 950 ad
659 909 743 950 onera
760 909 812 949 sua
829 895 997 951 sustinenda
1025 897 1118 952 Labeo
1137 903 1229 952 autem
1245 897 1315 952 bano
1327 897 1487 952 semiustam
1500 912 1554 952 non

111 983 258 1038 tbomlnem
281 983 395 1052 debere,
419 983 469 1038 sed
486 997 558 1052 rem,
582 982 700 1052 denique
717 983 799 1038 lioere
817 983 928 1038 domiuo
946 999 1003 1040 rem
1021 985 1208 1055 derelinquere
1227 985 1329 1040 scribit
1367 985 1443 1038 Haeo
1462 988 1553 1038 autem

134 1071 194 1126 aetio
214 1071 244 1126 in
267 1085 323 1127 rem
346 1071 435 1140 magis
458 1075 501 1126 est
522 1087 605 1140 quem
629 1073 657 1126 ln
678 1086 822 1142 personam
840 1077 869 1126 et
887 1085 941 1126 non
959 1073 1004 1128 alii
1022 1075 1154 1142 oompetit
1171 1089 1252 1143 quam
1272 1072 1382 1128 domino
1400 1073 1508 1128 aedium
1526 1076 1555 1126 et

109 1157 255 1214 itinerans
277 1158 428 1228 dominum,
451 1159 532 1214 siouti
555 1165 708 1216 oeterarum
731 1158 904 1214 seruitutium
927 1160 1049 1216 intentio.
1086 1160 1115 1216 Si
1140 1161 1223 1216 aedes
1247 1161 1365 1230 plurium
1382 1160 1553 1216 dominorum
1574 1173 1587 1213 a

132 1248 189 1315 sint,
210 1263 247 1302 an
268 1248 295 1302 in
312 1246 428 1302 solidum
446 1253 558 1317 agatem
581 1248 747 1318 Papinianus
766 1244 777 1316 l
796 1247 865 1302 lib'ro
882 1247 963 1302 tertio
980 1249 1172 1316 quaestionum
1191 1253 1303 1303 traotat:
1329 1255 1357 1304 et
1375 1250 1414 1304 sit
1431 1251 1553 1318 singulos
1571 1257 1588 1304 t.
1599 1257 1644 1304 ιιι

132 1334 246 1392 dominos
264 1335 424 1390 insolidum
442 1349 533 1404 agere,
551 1335 632 1390 aienti
651 1335 801 1390 denoteris
819 1334 997 1390 seruitntsbus
1015 1340 1130 1406 exeepto
1149 1351 1201 1391 usu
1219 1334 1317 1392 frustm
1346 1336 1395 1391 sed
1414 1352 1468 1392 non
1480 1337 1552 1392 idem

107 1423 338 1493 srespondendum
360 1423 461 1492 inquit,
486 1425 510 1478 si
531 1437 690 1478 communes
712 1423 796 1478 aedes
819 1429 924 1492 essem,
948 1438 1019 1493 quse
1043 1438 1127 1480 onera
1144 1423 1227 1479 uieini
1245 1423 1418 1479 mutinerent.
1455 1424 1552 1480 Modus

131 1518 211 1567 mmm
233 1511 389 1566 retentionis
410 1511 440 1566 in
462 1510 514 1566 heo
536 1511 643 1566 ιοιιοιιο
662 1511 777 1566 adeum
796 1511 908 1566 modum
926 1513 1056 1580 pertinet,
1081 1513 1175 1580 quiin
1192 1511 1324 1566 seruitute
1343 1513 1472 1581 impositu
1489 1526 1552 1568 oon·

130 1601 232 1654 inetur:
252 1598 322 1655 torte
338 1605 371 1654 ut
387 1597 493 1654 retioiat
509 1599 602 1669 lapide
619 1599 752 1668 quadrato
770 1599 815 1654 uel
833 1599 924 1670 lapide
942 1601 1058 1655 structili
1076 1601 1120 1655 uel
1139 1600 1237 1669 quouis
1257 1601 1311 1655 alio
1328 1615 1419 1670 opere,
1437 1599 1512 1668 quod
1525 1600 1552 1654 in

105 1688 251 1742 taemitute
269 1683 371 1742 dietum
390 1691 441 1742 eet
477 1685 598 1742 Ueniunt
616 1691 645 1741 et
661 1685 766 1744 fruetus
783 1687 812 1742 in
829 1685 882 1742 hae
898 1689 1019 1757 actione,
1041 1687 1069 1742 id
1087 1694 1131 1742 eat
1148 1687 1320 1744 eommodum
1339 1687 1412 1757 quod
1430 1686 1551 1756 baberet,
1573 1699 1601 1742 ss

105 1775 149 1830 tal
163 1791 243 1830 onera
262 1775 368 1830 aedium
387 1776 446 1830 eius
464 1775 571 1829 uicinus
589 1775 744 1830 sustineret.
772 1775 907 1830 Parietem
926 1780 1017 1830 sutem
1036 1776 1174 1830 meliorem
1192 1775 1311 1846 quidem,
1329 1791 1412 1844 quam
1427 1775 1455 1829 in
1467 1775 1551 1830 serui·

128 1869 178 1918 tute
194 1863 351 1932 impositum
370 1869 420 1932 est,
439 1861 529 1918 laoere
547 1862 624 1918 lieet:
643 1863 805 1918 deteriorem
823 1863 847 1918 ei
864 1861 939 1932 feeit,
958 1869 1007 1918 sut
1024 1863 1161 1933 perbene
1179 1863 1314 1920 aetlomm
1334 1868 1382 1917 aut
1399 1877 1448 1932 per
1460 1862 1552 1932 operia

128 1953 184 2006 noni
200 1952 398 2006 nuntiationem
416 1949 583 2020 prohibetur.

101 2033 114 2088 ι
173 2039 291 2094 Pennus
308 2037 376 2093 libro
394 2039 545 2094 uieenaimo
563 2040 650 2108 primo
667 2038 703 2093 ad
715 2037 842 2094 edietum.
870 2039 974 2093 flamm
987 2039 1122 2094 sotionem
1135 2045 1251 2094 euentus
1269 2011 1553 2122 [W
1570 2045 1598 2100 E

128 2126 165 2182 bio
181 2133 230 2197 eet,
250 2131 283 2182 ut
298 2127 395 2181 uiatori
412 2125 504 2183 affinio
521 2127 618 2182 iudicis
637 2130 686 2181 aut
703 2143 747 2182 res
764 2129 919 2196 praestetur
936 2131 985 2181 eut
1002 2127 1102 2181 oantio.
1130 2143 1173 2182 res
1191 2126 1253 2196 ipse
1264 2127 1332 2182 haee
1344 2132 1396 2195 est,
1414 2131 1446 2180 ut
1457 2125 1551 2182 iubeat
1572 2139 1600 2179 so

127 2215 305 2271 aduersarium
328 2214 411 2270 iudex
433 2215 579 2270 emendare
601 2215 699 2270 uitium
721 2216 834 2284 parietis
856 2221 885 2270 et
906 2214 1034 2270 idoneum
1057 2219 1205 2284 praestare.
1242 2215 1334 2270 osuio
1352 2213 1420 2270 haee
1438 2219 1495 2282 eat,
1520 2219 1552 2269 ut

127 2319 182 2359 eum
202 2303 299 2360 iubeat
320 2301 356 2358 de
373 2301 520 2358 refioiendo
537 2303 642 2373 pariete
659 2317 758 2358 oauere
776 2317 865 2372 neque
883 2318 913 2358 se
931 2317 1020 2372 neqtm
1038 2317 1210 2357 euooeeeores
1229 2318 1294 2358 snos
1312 2301 1496 2372 prohibituros
1513 2303 1551 2358 at·

125 2395 173 2447 tina
189 2393 286 2448 tollere
303 2388 495 2460 spoletumque
512 2389 627 2447 babere:
645 2395 675 2446 et
691 2391 715 2446 si
733 2392 845 2460 canerit,
863 2387 1029 2446 sbeoluetur.
1056 2391 1163 2446 moero
1182 2405 1270 2460 neque
1288 2405 1346 2445 rem
1363 2394 1486 2460 praestet
1504 2404 1550 2445 ne

125 2496 171 2549 qne
188 2481 351 2550 osntionem,
369 2481 439 2535 tanti
456 2480 627 2548 eondemnet,
646 2479 741 2548 quanti
758 2482 835 2534 sotor
853 2479 881 2533 in
898 2479 973 2535 litem
991 2479 1131 2534 iurauerit.
1571 2489 1601 2529 st

96 2561 110 2618 ιι
171 2568 323 2624 ιιιιιιιιυε
345 2567 415 2624 libro
437 2568 553 2638 septimo
576 2567 683 2622 decimo
705 2567 742 2621 ed
764 2567 893 2622 edietum.
929 2565 1007 2622 Siout
1028 2571 1120 2622 autem
1139 2565 1251 2622 mieotio
1270 2560 1551 2650 [umbe-mi
1569 2571 1597 2626 li

124 2657 228 2726 parietis
247 2656 285 2712 ad
301 2656 421 2712 uioiunm
438 2657 568 2726 pertinet,
591 2655 630 2710 ite
647 2653 749 2710 fultura
766 2653 950 2710 aedificiorum
967 2655 1051 2711 uioini
1069 2656 1114 2710 eui
1132 2655 1251 2710 senium
1268 2654 1397 2723 debetur,
1419 2654 1550 2724 quamdiu

123 2746 205 2814 paries
222 2743 357 2814 refieitur,
376 2745 413 2799 ed
429 2742 584 2799 inferiorem
602 2743 722 2798 uioinum
740 2757 795 2798 non
813 2741 896 2798 debet
913 2743 1063 2812 pertinere:
1087 2759 1150 2798 nam
1169 2743 1193 2798 si
1211 2759 1265 2798 non
1283 2743 1343 2798 uult
1360 2743 1483 2812 superior
1500 2739 1550 2796 fisl-

124 2833 180 2902 eine,
197 2831 330 2903 deponet,
348 2836 377 2886 et
394 2831 527 2902 restituet,
546 2847 608 2886 oum
626 2831 717 2900 paries
734 2829 817 2886 tuerit
834 2830 984 2886 restitutus.
1011 2835 1041 2886 et
1057 2831 1101 2886 bio
1119 2845 1228 2900 qnoque
1246 2831 1319 2886 sieut
1336 2831 1364 2884 in
1383 2829 1481 2884 oeterie
1494 2843 1550 2884 ser·

98 2921 251 2976 lnttutibus
271 2921 342 2976 aetio
360 2921 496 2975 oontrmia
513 2918 631 2989 dabitur,
650 2919 702 2974 hoo
719 2918 823 2974 estius
840 2917 890 2972 tibi
908 2935 963 2973 non
981 2935 1042 2974 esse
1060 2934 1104 2974 me
1116 2933 1223 2988 eogere.
1253 2917 1466 2988 competitmihi
1478 2917 1552 2972 aetio

123 3010 251 3064 aduersus
270 3023 345 3078 oum,
370 3009 417 3078 qui
435 3009 519 3062 eessit
536 3007 602 3063 mihi
618 3009 702 3062 talem
721 3006 895 3075 seruitutem,
913 3008 990 3062 utin
1007 3007 1140 3076 parietem
1158 3007 1217 3062 eius
1235 3007 1313 3076 tigna
1329 3005 1466 3060 inmittere
1485 3003 1551 3060 mibi
1571 3014 1600 3055 so

122 3097 196 3152 liceat
213 3111 354 3166 supraque
371 3111 406 3150 ee
423 3097 500 3165 tigna
517 3095 593 3150 uerbi
611 3096 701 3165 gratia
718 3095 852 3164 porticum
870 3093 1078 3150 ambulatorium
1091 3092 1182 3150 iaeere
1195 3109 1331 3164 superque
1343 3109 1407 3148 eum
1418 3093 1551 3162 parietem

97 3187 258 3241 toolnmnss
277 3183 414 3239 etrnotiles
431 3184 578 3254 imponere,
597 3199 668 3253 qnae
685 3187 789 3238 metum
807 3183 928 3252 portiom
941 3181 1136 3238 ambulatorius
1149 3183 1309 3238 sustineant.
1336 3183 1448 3236 Distant
1459 3185 1552 3236 autem

122 3273 167 3329 bse
184 3275 310 3330 sationes
327 3272 398 3326 inter
415 3286 454 3340 ae,
473 3271 545 3340 quod
564 3271 688 3342 superior
705 3271 816 3341 quidem
834 3271 923 3326 looum
943 3269 1026 3325 babet
1044 3271 1127 3325 otiam
1145 3270 1180 3325 ad
1199 3269 1415 3340 oompellendum
1432 3269 1562 3324 uioiuum*

120 3361 224 3417 misere
247 3361 382 3431 parietem
406 3375 510 3427 meum,
534 3359 603 3416 bueo
622 3375 688 3414 uero
706 3359 796 3414 looum
815 3358 899 3413 babet
916 3358 953 3412 ed
970 3358 1022 3414 boo
1040 3359 1142 3428 solum,
1165 3359 1292 3428 attigua
1310 3357 1455 3428 etssoipint,
1478 3356 1552 3426 quod

96 3455 168 3503 tnon
185 3454 229 3504 est
248 3453 346 3503 eontra
362 3451 480 3516 genera¹
499 3447 681 3502 seruitutium.
710 3446 764 3502 Sed
779 3447 803 3502 si
816 3447 963 3516 quaeritur,
981 3447 1043 3515 quis
1055 3447 1231 3516 possessoris,
1249 3447 1312 3514 quis
1324 3445 1448 3514 petitoris
1460 3448 1552 3514 partos
1571 3453 1600 3496 so

120 3537 263 3604 sustineat,
287 3535 428 3590 solendum
447 3541 490 3590 eet
507 3536 673 3606 possessoris
691 3541 783 3605 partes
802 3535 951 3605 sustinere,
982 3535 1005 3589 ei
1023 3535 1135 3605 quidem
1152 3535 1231 3604 tigna
1247 3533 1369 3588 immisse
1387 3533 1455 3603 sint,
1480 3547 1551 3603 eum,

94 3624 165 3691 tqui
182 3625 347 3678 seruitutem
365 3623 417 3678 sibi
434 3623 528 3694 deberi
545 3625 593 3692 alt,
611 3623 635 3678 si
653 3637 719 3678 nero
737 3637 791 3677 non
808 3626 874 3676 sunt
891 3622 1021 3692 immissa,
1040 3637 1103 3678 eum
1120 3623 1168 3692 qni
1185 3625 1277 3690 negat
1304 3621 1341 3676 Et
1358 3622 1382 3676 si
1399 3621 1510 3691 quidem
1528 3622 1552 3676 ia

121 3712 275 3780 optinuerit,
292 3711 340 3781 qui
357 3712 517 3768 seruitutem
535 3711 588 3766 sibi
606 3709 736 3780 defendit,
754 3725 810 3765 non
828 3709 911 3766 debet
928 3711 954 3764 ei
972 3711 1091 3766 sentitus
1103 3709 1172 3780 cedi,
1190 3711 1250 3765 siue
1261 3712 1337 3764 reete
1347 3710 1551 3779 pronuntiatum

120 3805 165 3868 est,
182 3801 251 3869 quis
268 3797 361 3868 babet,
379 3799 438 3854 siue
456 3814 608 3870 perperam,
627 3799 692 3870 quia
709 3813 758 3868 per
776 3799 939 3854 moeream
958 3813 1013 3854 non
1030 3799 1114 3854 debet
1130 3799 1249 3854 seruitus
1265 3798 1402 3868 constitui,
1420 3797 1469 3852 sed
1481 3812 1552 3867 quae

119 3893 158 3941 est
173 3887 318 3944 deeimari.
345 3887 425 3956 plane
444 3887 467 3942 ei
486 3903 541 3943 non
558 3887 661 3942 utendo
680 3886 771 3941 amisit
789 3885 852 3941 tiolo
870 3888 943 3942 malo
962 3887 1065 3942 domini
1077 3885 1185 3942 aedium
1197 3890 1262 3956 post
1272 3885 1348 3940 litem
1361 3889 1551 3954 contestatam,
1571 3893 1600 3935 so

94 3981 105 4026 t
119 3977 220 4030 restitui
239 3977 267 4030 ei
280 3979 395 4046 oportet,
414 3975 644 4045 quemadmodum
657 3973 748 4046 plaoet
759 3974 787 4029 iu
799 3973 927 4030 domino·
939 3974 1056 4030 sedium.
1083 3973 1177 4030 Aristo
1190 3973 1305 4030 ceretio
1319 3971 1401 4028 Uitnll
1412 3971 1553 4042 respondit

120 4203 275 4274 megerae
344 4202 494 4258 ’dominio
512 4203 613 4270 (aaut

120 4325 226 4380 lmtio
251 4343 300 4378 ona
314 4325 355 4377 P·
376 4325 382 4392 l
401 4323 479 4392 serat]
504 4323 607 4380 terrant
628 4325 666 4377 ιιιι
720 4325 807 4393 iqui
860 4329 948 4379 stetur
965 4326 1011 4389 Fi,
1029 4328 1212 4395 praestaremur
1230 4323 1271 4390 Ul
1287 4327 1336 4378 aut
1347 4321 1390 4377 'ui'
1402 4320 1550 4390 oautioFl

119 4395 500 4462 eulstlaeruitntem'P‘L
553 4393 742 4464 tangeretur]
762 4409 806 4450 eo·
860 4409 890 4449 re
916 4395 977 4464 ipsa
1003 4394 1072 4450 haee
1098 4399 1127 4450 et
1152 4397 1184 4448 ut
1209 4393 1251 4446 P·
1311 4395 1345 4448 21
1371 4393 1491 4463 parietes
1514 4391 1551 4444 1¹⁸¹

118 4471 193 4530 gutur
210 4465 300 4530 PVL,
371 4469 446 4520 retur
467 4465 510 4533 Ul
526 4465 575 4520 sed
592 4479 627 4520 ue
647 4481 690 4520 me
710 4463 807 4520 'lacere
860 4466 895 4519 22
914 4479 1003 4534 neque
1016 4481 1046 4520 se
1059 4483 1108 4520 om.
1120 4465 1161 4518 P·
1176 4465 1181 4531 t
1196 4463 1380 4534 prohibiturus
1392 4464 1433 4517 P·
1477 4463 1554 4517 eset

119 4535 214 4604 aliquid
227 4479 461 4604 eogerfffisrer,
477 4535 527 4590 sed
543 4533 806 4595 nemeiaotnmhl
861 4535 894 4602 si]
920 4539 949 4590 et
969 4535 993 4589 is
1010 4535 1048 4588 P
1070 4536 1074 4601 l
1094 4533 1212 4589 absoluit
1229 4534 1269 4586 P·
1322 4535 1357 4589 ib
1377 4533 1463 4588 sieutt
1476 4531 1551 4600 PU!

118 4606 294 4661 wmitntibus
312 4623 360 4660 om.
373 4605 429 4659 PV
467 4607 547 4660 ires
560 4606 646 4661 seruit
663 4605 711 4660 sed
729 4621 807 4676 prae·
861 4611 952 4660 autem
971 4623 1020 4658 om.
1033 4605 1089 4658 PV
1138 4606 1172 4659 at
1189 4602 1342 4658 retioi'e'tur
1359 4605 1415 4658 F²:'
1428 4601 1469 4665 ἐφ’
1488 4601 1551 4656 icoa

118 4675 525 4748 ualuitsP⁶VLU,reaeaiP·
556 4676 670 4731 boemii
725 4677 805 4730 8im-
862 4673 1089 4729 bairmarizarB
1130 4675 1166 4728 30
1201 4674 1399 4744 uigoaaitF“
1444 4674 1480 4728 32
1511 4687 1552 4726 ar·

117 4761 258 4812 personam
275 4747 311 4798 ιι
328 4748 332 4813 Ι
347 4749 376 4799 et
391 4745 465 4815 adu]
481 4746 613 4800 atiuPV
651 4749 666 4800 1
698 4747 811 4801 sioutP
859 4746 931 4800 tious
954 4745 990 4799 F¹
1049 4745 1085 4800 33
1108 4743 1169 4814 hee]
1284 4745 1357 4798 Μ
1378 4746 1383 4810 ι
1407 4689 1553 4810 οιιιιιιιΓοι

120 4815 149 4871 12
164 4816 417 4885 essent1aiutPV
467 4817 501 4870 13
518 4816 769 4886 semitutempoeita
784 4818 811 4870 F
859 4815 926 4870 itam
944 4816 971 4870 P
1020 4817 1056 4870 35
1078 4815 1240 4870 semitutum
1264 4815 1316 4868 PU
1365 4815 1401 4868 36
1419 4813 1542 4866 immissa

118 4887 252 4962 (cuppis)
309 4887 342 4941 14
360 4885 503 4956 quadrato]
523 4891 611 4941 strato
627 4887 700 4954 PVl
720 4893 806 4942 struo-
859 4886 888 4940 in
905 4901 998 4940 massa
1014 4886 1056 4939 Ρ·
1100 4886 1136 4940 38
1154 4885 1231 4940 aime⁴
1249 4890 1324 4939 reete
1341 4885 1381 4936 Ρ
1424 4883 1459 4937 39
1496 4881 1543 4936 ule

118 4955 159 5008 ιιι
182 4957 229 5022 ΡΙ
251 4955 419 5026 ιιιιοιοφθιο
440 4955 479 5009 F’
532 4959 567 5012 15
590 4956 695 5012 ιιιιιιιιιι
709 4956 767 5011 ‘s'in
785 4957 813 5010 F
878 4955 906 5010 ui
924 4956 1018 5010 P⁰VL
1066 4957 1102 5011 40
1120 4971 1155 5011 ne
1173 4957 1197 5011 si
1215 4970 1270 5010 nou
1287 4952 1389 5010 uwudo
1407 4897 1551 5008 emh.

120 5027 149 5079 16
165 5033 261 5083 autem
280 5027 393 5082 0qu
434 5028 466 5081 l‘t
485 5025 537 5096 eet]
551 5028 618 5082 etP
658 5029 693 5083 it)
709 5034 806 5098 prae
900 5026 1009 5084 sedium
1027 5028 1067 5082 tta
1085 5028 1131 5080 i*
1147 5029 1153 5096 Ι
1168 5025 1280 5094 domini]
1298 5023 1408 5080 domino
1425 5024 1453 5078 P
