3738 5550
290 271 377 338 XVII
400 275 415 337 1
439 279 518 334 3-6
957 262 1045 342 480
1427 278 1435 293 '
1560 212 1716 389 usnam

258 438 271 482 1
291 429 409 484 deterior
425 442 492 483 uero
510 442 667 496 numquam.
703 427 740 480 Et
756 425 866 496 quidem
885 424 909 479 si
926 424 1056 479 mandaui
1073 423 1136 494 tibi,
1160 428 1192 479 ut
1215 423 1332 494 aliquam
1355 438 1413 479 rem
1435 423 1501 480 mibi
1523 437 1643 494 meres,
1663 439 1714 480 nec

258 527 272 570 a
291 517 326 572 de
343 517 430 588 pretio
448 517 594 586 quicquam
613 515 697 570 statui
714 520 798 584 tuque
816 513 919 583 emisti,
942 514 1078 582 utrimque
1101 513 1173 568 actio
1196 513 1325 568 nascitur.
1361 513 1481 579 Quodsi
1498 514 1615 584 pretium
1634 513 1715 568 statui

290 611 375 676 tuque
392 605 477 676 pluris
495 606 592 674 emisti,
611 604 722 675 quidam
740 607 909 672 negauerunt
926 608 954 658 te
972 601 1093 657 mandati
1111 601 1211 657 babere
1230 602 1372 672 actionem,
1391 603 1498 659 etiamsi
1511 607 1624 673 paratus
1641 616 1715 656 esses

290 696 320 750 id
337 696 411 766 qnod
428 695 537 750 excedit
553 694 704 749 remittere:
723 707 839 762 namque
856 691 978 760 iniquum
996 695 1111 746 estnon
1129 706 1191 746 esse
1210 691 1275 746 mibi
1293 707 1355 746 cum
1372 691 1417 747 illo
1436 692 1581 764 actionem,
1600 691 1624 746 si
1641 690 1714 762 nolit,

290 785 328 840 illi
346 800 420 855 uero,
439 785 463 839 si
480 783 554 852 uelit,
573 798 679 837 mecum
698 797 768 836 esse.
1284 795 1286 804 ·
1616 804 1624 826 .
1731 791 1743 831 s

253 871 273 929 4
344 873 437 930 Gerus
459 873 528 928 libro
551 870 672 926 secundo
694 885 784 925 rerum
807 869 1024 926 cottidianarum.
1061 867 1116 924 Sed
1133 869 1265 924 Proculus
1289 875 1367 926 reete
1386 885 1447 925 eum
1471 883 1559 940 nsque
1577 846 1715 954 Q
1731 874 1760 932 s·

291 962 327 1018 ad
344 964 460 1033 pretinm
479 965 612 1017 statutum
630 965 754 1014 acturum
772 959 918 1029 existimat,
937 973 1008 1027 quae
1026 958 1163 1012 sententia
1181 974 1246 1013 sane
1265 958 1407 1029 benignior
1424 963 1474 1015 est

254 1047 272 1106 5
343 1052 461 1107 Pronus
477 1050 546 1106 libro
564 1049 722 1118 trigensimo
740 1048 861 1104 secundo
880 1047 916 1103 ad
934 1047 1061 1102 edictum.
1089 1045 1241 1116 Diligenter
1258 1048 1341 1117 igitur
1358 1047 1426 1104 fines
1438 1047 1561 1103 mandati
1593 1051 1750 1116 ulmeri
1845 1087 1846 1108 r

258 1148 271 1192 1
290 1140 461 1196 custodiendi
478 1145 553 1196 sunt:
572 1156 635 1195 nam
653 1139 700 1208 qni
718 1137 848 1207 excessit,
867 1135 940 1192 aliud
958 1135 1024 1205 quid
1042 1134 1132 1190 iacere
1149 1135 1259 1191 uidetur
1276 1143 1317 1208 et,
1336 1137 1360 1192 si
1377 1143 1534 1207 susceptum
1552 1120 1716 1207 non-imffiess

258 1236 273 1280 t
291 1229 369 1300 norit,
387 1234 503 1286 tenetur.
539 1228 635 1297 ltaque
654 1227 677 1282 si
695 1226 862 1281 mandauero
879 1225 937 1296 tibi,
956 1231 988 1281 ut
1006 1225 1116 1281 domum
1135 1223 1262 1281 Seianam
1281 1230 1391 1282 centum
1408 1241 1512 1282 emeres
1529 1229 1616 1296 tuque
1634 1225 1715 1280 litia·
1731 1235 1756 1276 ιο

291 1333 354 1373 nam
372 1319 470 1373 emeris
487 1318 568 1386 longe
586 1316 697 1372 maioris
714 1315 807 1385 pretii,
831 1321 940 1370 centum
963 1319 1055 1369 tamur
1077 1318 1126 1368 aut
1149 1315 1231 1369 etiam
1250 1315 1374 1384 minoris,
1397 1330 1452 1370 non
1469 1315 1572 1370 uideris
1591 1315 1716 1383 implesse

259 1406 457 1462 amandatum.
494 1407 564 1462 Item
586 1406 610 1460 si
626 1403 792 1459 mandauero
810 1403 873 1474 tibi,
896 1408 927 1458 ut
944 1402 1057 1459 fundum
1081 1417 1172 1457 meum
1196 1409 1305 1458 eentum
1325 1402 1459 1460 uenderes
1475 1407 1561 1473 tuque
1581 1398 1716 1487 [ᾗ-ῖοῖοξ

291 1511 354 1551 eum
372 1495 522 1564 nonaginta
539 1493 694 1550 uendideris
713 1497 740 1548 et
756 1496 849 1562 petam
868 1489 995 1562 fundum,
1018 1507 1073 1548 non
1091 1489 1212 1547 obstabit
1229 1492 1294 1547 mibi
1312 1493 1450 1563 exceptio,
1468 1493 1521 1548 nisi
1539 1497 1568 1548 et
1585 1494 1716 1563 reliquum

291 1585 369 1655 mibi,
392 1584 467 1655 quod
490 1583 570 1638 deest
591 1582 722 1638 mandatu
745 1596 820 1651 meo,
845 1585 968 1650 praestes
992 1586 1020 1636 et
1042 1581 1195 1636 indemnem
1219 1595 1264 1635 me
1287 1597 1337 1651 por
1359 1583 1451 1638 omnia
1467 1597 1625 1638 conserues.
1644 1577 1717 1667 [ἰῇ

257 1677 273 1723 4
289 1673 377 1730 Seruo
395 1687 503 1744 quoque
521 1671 647 1728 dominus
665 1671 689 1726 si
705 1671 875 1740 praeceperit
893 1673 968 1725 certa
985 1685 1092 1725 summa
1114 1685 1172 1724 rem
1195 1669 1329 1741 uendere,
1354 1671 1400 1726 ille
1421 1670 1533 1726 minoris
1555 1670 1716 1742 uendiderit,
1733 1678 1758 1720 ¹⁵

290 1763 415 1819 similiter
431 1761 572 1817 uindicare
595 1776 655 1815 eam
680 1759 806 1815 dominus
829 1764 921 1830 potest
942 1774 993 1814 nec
1016 1759 1071 1814 ulla
1088 1759 1249 1828 exceptione
1266 1760 1457 1830 summoueri¹,
1479 1759 1533 1814 nisi
1554 1759 1717 1816 indemnitas

259 1853 317 1908 tei
333 1855 496 1922 praestetur.
531 1850 626 1905 blelior
649 1851 741 1904 autem
763 1863 847 1903 cansa
868 1848 1024 1904 mandantis
1046 1846 1104 1902 fieri
1126 1852 1232 1918 potest,
1257 1849 1293 1919 si,
1317 1864 1379 1904 cnm
1402 1847 1453 1904 tibi
1476 1849 1665 1921 mandassem,
1688 1847 1725 1904 nt*

291 1939 413 1997 Stichum
431 1940 526 1994 decem
545 1953 658 2007 emeres,
676 1943 707 1992 tn
725 1953 788 1993 eum
806 1937 917 1993 minoris
935 1939 1032 1994 emeris
1050 1937 1095 1992 uel
1111 1936 1254 2007 tantidem,
1272 1943 1303 1992 ut
1320 1936 1393 1996 aliud
1412 1937 1558 2007 quicquam
1577 1953 1658 1994 seruo
1676 1953 1717 1994 ac

291 2030 414 2086 coderet:
430 2034 547 2098 utroque
565 2027 636 2082 enim
655 2041 721 2082 casu
739 2030 787 2081 aut
804 2042 859 2082 non
876 2027 947 2084 ultra
964 2027 1081 2097 pretium
1099 2031 1149 2084 aut
1166 2026 1238 2081 intra
1254 2027 1371 2097 pretium
1389 2023 1488 2082 iecisti.
1733 2033 1758 2075 rs

255 2111 273 2169 6
344 2118 494 2174 Unnmrrus
510 2115 579 2171 libro
596 2115 757 2185 trigsnsimo
773 2115 860 2184 pn'mo
881 2115 917 2171 sd
935 2115 1062 2171 edictum.
1099 2114 1129 2172 Si
1151 2115 1341 2185 remunerandi
1363 2115 1452 2186 grstia
1474 2113 1562 2171 bonor
1580 2111 1752 2200 [BT—rfferi

259 2210 271 2256 1
291 2207 449 2276 interuenit,
473 2205 525 2261 erit
547 2203 669 2260 mandati
691 2203 772 2259 aetio.
809 2202 838 2259 si
861 2204 905 2259 eui
928 2202 1011 2259 fuerit
1034 2203 1206 2276 mandatum,
1234 2209 1266 2259 ut
1292 2205 1403 2274 negotia
1426 2202 1643 2276 administraret,
1670 2205 1718 2259 bac
1733 2205 1801 2256 tttl'

292 2297 398 2352 actions
416 2294 468 2350 erit
481 2295 491 2367 ll
503 2291 706 2352 conueniendns
723 2305 775 2347 nee
791 2297 866 2348 recte
884 2293 1054 2363 negotiorum
1073 2298 1213 2364 gestorum
1231 2308 1294 2348 cnm
1312 2306 1346 2347 eo
1364 2298 1475 2362 agetur:
1497 2307 1549 2348 neo
1567 2294 1642 2350 enim
1660 2293 1718 2350 ideo

293 2389 336 2441 est
352 2383 489 2454 obligatus
506 2382 581 2453 quod
599 2383 711 2452 negotis
727 2381 822 2452 gessit,
840 2396 937 2438 uerum
955 2381 1055 2441 idcireo
1073 2383 1147 2452 quod
1161 2381 1319 2439 mandatnm
1332 2382 1496 2453 susceperit:
1514 2380 1635 2454 denique
1647 2387 1718 2438 tene·

259 2479 337 2530 atur
353 2479 382 2531 et
399 2474 423 2528 si
440 2487 494 2528 non
512 2472 652 2542 gessisset
689 2469 719 2526 Si
741 2485 841 2540 passus
864 2471 915 2526 sim
939 2471 1055 2541 adquam
1078 2487 1128 2542 pro
1151 2487 1196 2528 me
1218 2469 1367 2526 fideiubere
1389 2472 1435 2527 nel
1457 2471 1525 2527 alias
1547 2473 1719 2542 interuenire,

292 2563 414 2620 mandati
435 2566 531 2617 teneor
552 2564 593 2631 et,
620 2559 673 2614 nisi
695 2574 745 2629 pro
766 2559 853 2615 inuito
876 2559 937 2629 quis
958 2561 1142 2617 intercesserit
1164 2565 1213 2616 aut
1235 2559 1355 2616 donandi
1378 2561 1468 2617 animo
1492 2565 1542 2616 ant
1562 2563 1760 2632 negotiumue

259 2657 403 2723 agerem,
430 2651 483 2706 erit
505 2649 626 2704 mandati
650 2649 729 2704 sotio.
769 2649 820 2704 Rei
842 2650 930 2720 turpis
951 2651 1054 2706 nnllum
1078 2650 1237 2706 mandatnm
1260 2653 1304 2704 est
1324 2654 1353 2704 et
1375 2649 1437 2706 ideo
1459 2648 1511 2704 hso
1534 2652 1644 2706 actione
1667 2666 1721 2706 non

258 2745 274 2791 4
292 2744 398 2811 agetur.
434 2738 464 2794 Si
480 2737 531 2794 tibi
548 2736 715 2794 mandauoro
732 2737 806 2808 qnod
823 2752 886 2794 moa
903 2753 958 2794 non
974 2739 1116 2811 intererat,
1139 2739 1224 2795 ueluti
1244 2743 1276 2793 ut
1292 2753 1342 2808 pro
1360 2737 1424 2794 Seio
1441 2739 1610 2796 mumoniae
1628 2741 1674 2795 nel
1691 2744 1721 2794 ut

291 2829 365 2885 Τιίἰο
382 2827 492 2898 eredas,
515 2827 567 2882 erit
588 2825 655 2882 mibi
676 2830 769 2883 tecum
791 2827 913 2882 mandati
937 2827 1020 2898 actio,
1044 2833 1076 2883 ut
1093 2827 1189 2884 (lelsus
1206 2827 1276 2884 libro
1294 2828 1410 2896 septimo
1428 2827 1598 2898 digestorum
1617 2828 1720 2899 scribit,

259 2925 273 2972 o
292 2923 321 2975 et
338 2933 390 2990 ego
407 2916 458 2972 tibi
475 2931 535 2972 sum
554 2914 699 2986 obligatus.
727 2915 811 2972 Plane
824 2915 848 2972 si
865 2915 915 2972 tibi
932 2917 1099 2973 mandauero
1118 2917 1191 2988 qnod
1208 2922 1257 2972 tua
1274 2917 1417 2987 intererat,
1436 2917 1510 2972 nulla
1528 2919 1581 2972 erit
1598 2917 1721 2973 mandati

292 3008 371 3078 actio,
390 3007 443 3062 nisl
460 3019 523 3062 moa
539 3019 648 3076 quoque
665 3003 801 3061 interfuit:
820 3010 876 3076 aut,
895 3006 919 3060 si
936 3019 991 3062 non
1009 3021 1085 3062 esses
1102 3005 1304 3090 iacturushnisi
1322 3021 1375 3075 ego
1392 3005 1576 3078 mandassem,
1595 3007 1648 3063 etsi
1659 3021 1722 3062 mea
1739 3015 1764 3056 tt

259 3104 347 3154 tucn
364 3093 498 3165 interfuit,
521 3098 614 3150 umen
638 3093 690 3149 erit
713 3093 835 3149 mandati
857 3095 937 3151 actio.
973 3094 1057 3166 Apnd
1073 3095 1207 3151 Iulianum
1230 3094 1298 3151 libro
1321 3097 1401 3151 tertio
1426 3095 1532 3151 decimo
1551 3095 1722 3166 digestorum

292 3185 444 3258 quaeritur:
467 3183 491 3238 si
513 3182 639 3239 dominus
660 3183 771 3238 iusserit
791 3189 993 3254 procuratorem
1018 3200 1097 3239 snum
1120 3191 1223 3240 certam
1245 3185 1389 3256 pecuniam
1408 3199 1515 3240 sumere
1534 3190 1563 3240 et
1580 3183 1722 3241 lacrimare

291 3275 412 3346 periculo
430 3287 480 3329 suo
498 3273 544 3344 ita,
562 3275 595 3327 ut
611 3277 701 3327 certas
718 3287 817 3327 usuras
835 3272 944 3329 domino
961 3273 1093 3344 penderet
1110 3273 1262 3343 dumtaxat,
1281 3273 1305 3329 si
1322 3273 1407 3344 pluris
1423 3271 1565 3330 faenerare
1576 3274 1722 3344 potuisset,

291 3365 351 3435 ipse
367 3363 529 3432 lucraretur,
547 3360 575 3416 in
594 3360 742 3416 creditsm⁸
759 3362 904 3431 pecuniam
922 3362 1044 3434 uidetur,
1063 3363 1162 3432 inquit,
1182 3362 1329 3431 accepisse.
1356 3361 1437 3431 plane
1455 3363 1479 3418 si
1497 3363 1619 3418 omnium
1638 3377 1722 3433 nego

290 3452 390 3509 tiorum
409 3456 468 3508 erat
485 3451 511 3506 ei
528 3448 727 3505 administratio
745 3449 887 3522 mandata,
912 3451 1034 3508 mandati
1057 3466 1164 3522 qnoque
1187 3466 1250 3506 eum
1273 3451 1373 3522 teneri,
1397 3451 1629 3521 quemadmodum
1653 3453 1724 3508 solet
1739 3458 1765 3502 ⁸⁵

259 3548 274 3595 ι
292 3541 414 3598 mandati
430 3539 518 3595 teneri
535 3538 649 3610 debitor,
667 3539 715 3608 qui
732 3539 874 3595 creditoris
891 3540 934 3596 sui
951 3541 1063 3611 negotia
1073 3540 1168 3612 gessit
1195 3540 1297 3596 itarius
1307 3539 1409 3595 Paulus
1424 3539 1535 3610 qnidam
1549 3540 1724 3597 fideiusserat

292 3646 341 3701 pro
359 3627 503 3700 Daphnide
521 3627 675 3684 mercedem
692 3632 790 3698 paotrrs
808 3628 844 3684 ob
861 3644 940 3685 suam
957 3628 1159 3686 fideiussionem
1179 3633 1209 3685 et
1225 3628 1277 3686 snb
1295 3630 1404 3686 nomine
1426 3630 1538 3685 alterius
1561 3643 1597 3684 ex
1620 3635 1724 3686 euentu

292 3725 453 3798 ιἿΡΠἯΗ

293 3861 302 3896 ¹
321 3857 556 3914 summouebiturl
626 3858 735 3913 ’snum
753 3865 801 3914 tas.
820 3861 855 3928 (a
868 3861 895 3928 ι’.)
966 3859 1129 3916 ⁸creditum
1148 3859 1246 3930 (sodli

293 3983 416 4052 iststui]
429 3982 473 4048 Εὖ,
487 3983 579 4038 statim
591 3984 637 4048 Ρ,
652 3987 726 4038 statu
738 3983 799 4038 1²⁶?
814 3984 818 4051 Ι
834 3985 979 4053 utrumqne
1031 3985 1300 4040 cettossmsscludont
1333 3984 1368 4038 26
1380 3981 1449 4039 baec
1461 3983 1585 4038 aetioP·
1621 3984 1724 4038 iinon

292 4055 338 4120 Ρ,
357 4055 464 4123 utrique
479 4054 505 4108 U
541 4055 728 4119 tesserae
747 4059 822 4110 esset
836 4055 870 4109 Ut
904 4055 978 4111 tac·
1030 4055 1169 4124 intererat]
1182 4055 1312 4110 intererat
1323 4055 1414 4109 P·U·:
1431 4055 1531 4126 spissa
1544 4053 1579 4108 sd
1596 4055 1723 4125 aractpcs

292 4125 464 4182 nonemF’
479 4126 483 4193 Ι
499 4126 575 4182 nollit
592 4126 619 4179 F
662 4125 741 4181 bille
759 4126 830 4181 ΡΨ
877 4127 981 4182 booti-
1032 4146 1074 4182 ιιοι
1093 4128 1142 4182 BS
1160 4125 1225 4196 (nl.)
1278 4127 1312 4180 29
1335 4125 1473 4196 intererat]
1498 4127 1667 4195 integeraret
1687 4127 1724 4179 Ρ

293 4196 435 4252 dianetum
444 4197 502 4264 (stc)
512 4198 557 4261 1⁹²,
570 4197 766 4252 cotidianarum
779 4197 822 4252 uel
835 4213 979 4253 aureorum
1032 4199 1068 4253 30
1085 4199 1157 4252 actio
1170 4198 1252 4253 ‘luera
1269 4197 1342 4268 apud
1360 4198 1490 4253 lulianum
1508 4196 1585 4252 libro’
1597 4198 1652 4252 nisi
1667 4197 1723 4266 Pl

292 4269 317 4322 F
318 4268 363 4334 ²P,
382 4267 578 4324 cotidianarum
595 4273 624 4323 et
634 4283 778 4324 aureorum
794 4270 830 4324 U:
849 4271 926 4344 efod
936 4270 980 4324 ta
1032 4284 1142 4339 qnoque
1154 4284 1216 4323 mea
1227 4269 1254 4324 P
1266 4271 1271 4337 Ι
1287 4273 1334 4324 aut
1346 4269 1369 4323 si
1381 4285 1436 4325 non
1449 4282 1525 4324 esses
1536 4267 1555 4324 i.
1568 4286 1596 4324 n.
1609 4283 1634 4324 e.
1648 4285 1725 4324 man-

293 4338 348 4393 lul-
393 4340 551 4394 lucturum
564 4359 611 4394 om.
627 4341 665 4394 P·
709 4342 743 4395 13
755 4341 903 4410 nonaginta
914 4355 980 4396 uem·
1033 4340 1182 4396 dassemet
1195 4341 1349 4406 (etomffl)
1362 4340 1452 4409 sicet]
1466 4341 1545 4405 ιἰΓογιι
1559 4339 1607 4402 οῩκ
1620 4339 1652 4393 ἄη
1666 4340 1724 4394 ‘ert-

293 4409 366 4465 derls
384 4411 423 4464 P⁶
476 4411 511 4465 14
528 4411 657 4467 mandato
675 4412 767 4466 F'PU
816 4413 851 4466 18
871 4416 980 4468 tantun-
1034 4410 1229 4485 pmc'enoiucac,
1249 4409 1316 4465 slot
1330 4409 1497 4466 {ueteratorie
1510 4411 1575 4477 trdu-
1593 4412 1657 4467 τότε
1671 4413 1725 4484 rip,

293 4480 356 4536 dem
374 4481 455 4535 PVU
471 4483 476 4550 1
496 4481 641 4551 quisquam
659 4483 695 4536 i*
712 4481 869 4552 {accederit
886 4483 917 4549 P,
936 4499 980 4540 aa·
1033 4484 1056 4538 ei
1076 4485 1114 4538 sal
1133 4483 1215 4538 ussto
1228 4501 1269 4538 uos
1286 4484 1408 4554 triceps,
1427 4483 1598 4554 ὲκιχθὴοοιιιι
1612 4484 1645 4554 τῇ
1658 4503 1726 4538 aas·

293 4551 396 4608 uideret
410 4551 443 4606 U*
488 4553 523 4607 25
540 4555 680 4624 negotium
698 4569 797 4624 gerens
814 4555 927 4624 (gersnd
938 4575 979 4610 re-
1033 4555 1089 4608 bdrr
1108 4555 1155 4610 BS
1169 4553 1242 4624 (ub),
1261 4555 1326 4608 unde
1343 4558 1538 4627 supplementum
1557 4575 1574 4608 o
1592 4555 1659 4608 m.2
1677 4557 1727 4610 od·

291 4632 385 4695 posuit,
403 4642 461 4677 mos
476 4639 575 4693 gerens
586 4633 697 4680 restitnit
707 4627 765 4696 F²)]
784 4627 849 4680 urire
866 4629 980 4697 sparat-
1034 4635 1123 4682 iactum
1136 4631 1308 4701 imper-sectam
1319 4627 1524 4698 uideripotestet
1533 4627 1659 4681 excidisse
1666 4633 1729 4699 post

293 4713 349 4750 τωιι
373 4693 453 4756 uiro?
475 4695 599 4750 broisscrs
622 4696 744 4767 rrpa'rrrou
768 4698 795 4752 B
819 4699 939 4769 (Aaou),
964 4698 979 4751 ἢ
1034 4696 1207 4752 mandassem
1218 4697 1297 4750 uerba
1308 4700 1374 4750 tuno
1389 4698 1460 4752 euim
1473 4703 1501 4752 ot
1546 4697 1673 4751 31librn
1686 4697 1729 4752 Ρ·

293 4763 408 4821 ῒιιιοοτοο
429 4764 477 4821 rtis
501 4764 591 4830 &rrius
612 4767 749 4829 Ῡπειοιῖλθε
767 4767 815 4822 rtis
834 4769 897 4840 Ῠιιὲρ
916 4768 980 4831 tuot
1033 4769 1069 4823 34
1084 4769 1112 4822 in
1124 4767 1255 4823 creditam
1268 4767 1323 4836 cet]
1342 4767 1448 4823 adustos
1466 4767 1532 4838 npdc
1543 4767 1591 4822 rds
1609 4787 1726 4838 nposoq-

292 4837 343 4893 RS
369 4836 448 4907 (ul.):
480 4839 621 4907 negotium
648 4853 728 4894 suum
754 4855 853 4910 gerens
878 4843 980 4897 uidebar
1034 4839 1138 4911 pdrmpo
1157 4839 1270 4904 res'ecilar
1289 4839 1361 4893 Δοκεῖ
1372 4839 1420 4894 Rs
1430 4839 1495 4909 (ul.)
1538 4839 1574 4892 35
1591 4839 1729 4907 quemad-

292 4909 981 5056 ffqlqffiqzlffgss⁰3lgzffi⁸gztitgl
1033 4909 1729 5054 s⁰lslz10i⁶rullttl⁰¹dttffi

606 5021 614 5046 Ι
1237 5021 1246 5046 2
1498 5021 1508 5047 Ι

294 5051 384 5107 eadam
401 5051 425 5107 si
441 5066 541 5122 passus
558 5052 610 5107 sim
626 5059 672 5108 est.
684 5060 842 5126 sepottomm
851 5061 980 5127 pratorum
1032 5052 1222 5110 fideiussiones
1239 5052 1288 5119 1²⁸,
1304 5051 1325 5107 fi
1344 5053 1505 5109 eiussionom
1528 5051 1554 5106 U
