3696 5568
927 257 1075 330 xxvlu·

282 440 360 511 qrrasi
379 456 428 511 per
446 444 567 497 saturam
587 440 731 496 collectum
751 443 779 494 et
796 439 862 494 utile
881 454 942 494 curm
962 437 1104 494 inutilibus
1124 439 1253 508 mixtum,
1277 437 1396 493 maxima
1418 442 1496 507 parte
1514 435 1654 492 inutilibus
1672 437 1716 492 de·

281 534 386 600 putata.
417 531 445 584 in
469 529 591 585 secundo
615 535 706 585 autem
726 543 797 584 anno
815 533 991 601 praepostera
1008 527 1179 584 ordinatione
1197 527 1292 582 habita
1309 528 1398 598 prima
1415 542 1479 596 pars
1496 527 1589 596 legum
1607 527 1648 582 eis
1664 529 1716 582 tra·

281 617 411 687 debatur,
436 618 600 687 quibusdam
624 619 706 673 certis
727 618 813 673 titulis
833 616 867 672 ab
886 633 921 673 ea
938 617 1076 688 exceptis:
1100 632 1163 671 cum
1181 622 1242 672 erat
1259 631 1370 672 enorme
1388 618 1452 685 post
1470 615 1653 670 institutiones
1672 615 1715 670 ali·

280 707 370 778 quod¹
395 707 500 777 legere,
528 722 609 776 quam
636 706 709 776 quod
738 708 764 762 in
791 705 899 775 legibus
925 710 954 761 et
980 707 1096 776 primum
1124 706 1244 775 positum
1269 711 1312 760 est
1332 711 1361 759 et
1384 706 1464 759 istam
1489 705 1716 775 nuncupationem

281 796 417 852 meruerit.
454 799 519 866 post
545 811 638 850 eorum
663 811 729 851 uero
752 797 896 850 lectionem
923 797 1023 863 (neque
1047 795 1119 851 illam
1144 795 1316 864 continuam,
1344 793 1394 848 sed
1418 793 1609 864 particularem
1633 797 1661 848 et
1684 805 1747 847 ero

280 902 382 957 magna
399 891 477 956 parte
496 884 618 940 inutilem
638 885 827 948 constitutam)
846 884 917 938 tituli
936 885 981 940 alii
1000 885 1040 940 eis
1058 883 1238 940 madebantur
1256 888 1311 938 tam
1332 898 1366 938 ex
1381 883 1427 938 illa
1438 887 1516 952 parte
1529 881 1629 952 legum,
1648 895 1717 952 quae

280 977 315 1031 de
339 975 447 1032 indiciis
471 979 645 1044 nuncupatur
665 975 705 1040 (et
723 973 790 1044 ipsis
809 988 863 1028 non
881 975 1054 1043 continuam,
1079 975 1128 1029 sed
1147 989 1235 1030 raram
1253 973 1360 1028 utilium
1380 971 1568 1026 recitationem
1586 970 1717 1042 praehen-

279 1065 368 1134 tibus,
393 1064 471 1134 quasi
496 1069 587 1119 cetero
611 1067 670 1118 toto
689 1062 699 1131 ll
718 1064 858 1117 uolumine
876 1063 964 1117 inutili
982 1064 1143 1130 constituto)
1164 1079 1247 1134 quam
1267 1077 1301 1116 ex
1319 1062 1365 1116 illa
1382 1075 1453 1130 quae
1472 1061 1507 1116 de
1526 1058 1608 1115 rebus
1627 1061 1717 1131 appel·
1733 1064 1797 1116 t.13'

279 1158 359 1224 latur,
379 1159 483 1225 septem
502 1152 577 1208 libris
597 1153 720 1218 (semotis
739 1158 768 1206 et
785 1153 814 1206 in
832 1151 874 1206 his
893 1152 985 1207 multis
1004 1152 1128 1222 partibus
1147 1150 1301 1221 legentibus
1319 1151 1409 1220 inuiis,
1428 1155 1525 1221 utpote
1543 1164 1597 1205 non
1613 1148 1717 1205 idoneis

280 1258 369 1314 neque
387 1242 536 1314 aptissimis
555 1239 590 1295 ad
608 1240 788 1296 eruditionem
808 1241 984 1307 constitutis).
1015 1241 1042 1296 in
1061 1242 1141 1296 tertio
1160 1245 1252 1296 autem
1272 1256 1344 1296 auno
1362 1239 1436 1310 quod
1454 1255 1489 1294 ex
1507 1244 1624 1308 utroque
1642 1239 1716 1294 uolu-
1735 1251 1761 1291 ro

280 1333 361 1402 mine,
380 1332 408 1387 id
427 1337 470 1387 est
487 1331 522 1386 de
542 1329 624 1386 rebus
642 1332 687 1385 nel
706 1329 740 1384 de
758 1329 879 1398 iudiciis,
898 1330 927 1385 in
945 1330 1066 1385 secundo
1085 1345 1157 1386 anno
1175 1345 1230 1386 non
1249 1334 1308 1385 erat
1325 1329 1466 1398 traditum,
1484 1326 1658 1398 accipiebant
1675 1343 1716 1384 se·

280 1422 400 1480 cundum
422 1419 640 1477 uicissitudinem
660 1419 802 1488 utriusque
820 1420 980 1475 uoluminis:
1005 1426 1034 1474 et
1052 1419 1087 1475 ad
1105 1419 1328 1475 sublimissimum
1346 1419 1525 1489 Papinianum
1544 1417 1658 1488 eiusque
1676 1431 1716 1472 re·

280 1527 381 1582 sponsa
398 1511 450 1565 iter
468 1511 508 1564 eis
527 1508 715 1580 aperiebatur:
736 1513 765 1562 et
783 1523 817 1562 cx
835 1508 978 1578 praedicta
995 1523 1187 1580 responsorum
1206 1509 1456 1577 consummatione,
1475 1521 1546 1576 quae
1565 1505 1672 1562 decimo
1689 1512 1717 1563 ct

280 1615 352 1657 nouo
375 1599 443 1656 libro
467 1597 693 1667 concludebatur,
718 1601 782 1652 octo
803 1597 995 1653 tantummodo
1017 1597 1101 1654 libros
1119 1597 1304 1668 accipiebant,
1329 1613 1380 1652 uec
1398 1611 1492 1652 eorum
1511 1599 1600 1651 totum
1618 1611 1717 1666 corpus

279 1691 320 1746 cie
343 1687 516 1756 tradebatur,
540 1687 590 1742 sod
614 1701 704 1756 pauca
725 1701 759 1740 ex
777 1685 870 1740 multis
889 1692 918 1740 et
936 1685 1099 1742 breuissima
1117 1703 1151 1742 cx
1170 1687 1358 1757 amplissimis,
1383 1691 1413 1742 ut
1430 1684 1521 1741 adhuc
1538 1685 1664 1741 sitientes
1682 1685 1717 1742 ab
1736 1695 1763 1735 rs

280 1779 320 1834 eis
344 1776 511 1832 recederent.
542 1774 584 1830 his
606 1776 689 1844 igitur
706 1775 772 1830 solis
791 1791 808 1828 a
825 1773 1025 1845 professoribus
1043 1776 1151 1831 traditis
1170 1777 1301 1832 Pauliana
1319 1790 1519 1846 responsaper
1537 1779 1625 1830 semet
1641 1775 1717 1846 ipsos

278 1866 446 1935 recitabant,
471 1879 560 1933 neque
582 1863 651 1919 haec
674 1864 701 1918 iu
725 1864 858 1932 solidum,
881 1864 931 1919 sed
954 1879 1003 1934 per
1024 1863 1204 1935 inperfectum
1224 1870 1252 1919 et
1269 1865 1324 1919 iam
1343 1863 1547 1933 quodammodo
1564 1865 1635 1919 maie
1653 1879 1716 1919 con·

279 1962 388 2012 suetum
412 1954 653 2033 inconsequentiae
672 1967 791 2008 orimum.
824 1957 853 2008 et
870 1953 895 2007 is
912 1959 971 2008 erat
989 1955 1016 2008 iu
1035 1961 1162 2023 quartum
1181 1969 1282 2008 annum
1301 1953 1390 2008 omnis
1408 1952 1537 2022 antiquae
1554 1953 1716 2023 prudentiae

278 2045 354 2101 linis:
373 2045 451 2115 ’quin
470 2059 504 2098 ea
521 2057 592 2113 quae
610 2040 764 2097 recitabant
782 2056 942 2098 enumcrare
960 2044 1052 2113 malet,
1071 2043 1275 2113 computatione
1293 2040 1388 2097 habita
1406 2041 1527 2097 inueniet
1545 2057 1579 2097 ex
1597 2047 1653 2096 tam
1667 2042 1715 2096 im·

279 2149 375 2190 mensa
392 2134 483 2204 legum
503 2131 678 2187 multitudine
696 2131 743 2184 uix
761 2144 889 2185 uersuum
909 2133 1054 2201 sexaginta
1066 2133 1141 2187 milia
1153 2147 1201 2188 cos
1212 2147 1278 2187 cuae
1291 2131 1409 2186 notionis
1421 2131 1571 2200 perlegere,
1590 2130 1717 2186 omuibus
1736 2141 1765 2181 ao

280 2224 339 2278 aliis
357 2222 446 2277 deuiis
464 2227 493 2276 et
510 2220 658 2291 incognitis
676 2220 833 2274 constantis
851 2227 880 2275 et
896 2226 963 2276 tunc
982 2221 1172 2276 tantummodo
1191 2236 1225 2275 ex
1243 2221 1335 2290 aliqua
1347 2221 1459 2275 minima
1470 2227 1548 2290 parte
1561 2220 1716 2291 recitandis,

280 2312 407 2381 quotiens
426 2311 469 2366 uel
489 2309 650 2364 iudiciorum
669 2323 736 2364 usus
755 2308 807 2363 hoc
824 2307 883 2364 fieri
902 2311 1024 2379 coegerit
1040 2311 1085 2364 uel
1104 2311 1156 2380 ipsi
1175 2310 1299 2380 magistri
1318 2311 1409 2378 legum
1429 2308 1532 2379 aliquid
1550 2324 1584 2364 ex
1602 2307 1644 2362 his
1656 2323 1718 2378 per·

279 2402 371 2471 legere
390 2398 572 2468 festinabatis,
590 2403 621 2453 nt
639 2398 676 2453 sit
687 2396 767 2452 uobis
780 2397 883 2468 aliquid
895 2399 1011 2470 amplius
1024 2399 1218 2470 discipulorum
1231 2399 1337 2471 peritia.
1365 2398 1473 2454 ethaeo
1485 2397 1595 2468 quidem
1608 2395 1718 2453 fuerant

248 2491 410 2558 aaudquae
432 2488 594 2544 eruditionis
617 2489 808 2555 monrrmenta,
832 2488 983 2544 secundnm
1007 2489 1082 2559 quod
1105 2495 1134 2544 et
1154 2495 1247 2544 uestro
1264 2488 1421 2544 testimonio
1439 2485 1624 2543 confirmatur.
1660 2487 1718 2542 Nos

280 2594 347 2635 uero
364 2583 470 2634 tantm
488 2578 630 2648 penuriam
648 2577 741 2646 legum
760 2577 932 2632 inuenientes
950 2583 979 2632 et
995 2577 1048 2634 hoc
1067 2579 1247 2633 miserrimum
1265 2577 1419 2632 iudicantes
1436 2577 1574 2646 legitimos
1589 2576 1717 2632 thensau·
1738 2589 1767 2630 se

280 2683 325 2725 ros
348 2667 505 2724 uolentibus
527 2667 679 2736 aperimus,
702 2664 801 2736 quibus
824 2682 874 2737 per
897 2672 1017 2723 uestram
1040 2667 1213 2738 prudentiam
1231 2667 1435 2737 quodammodo
1453 2667 1572 2736 erogatis
1590 2666 1719 2722 ditissimi

280 2759 370 2831 lepum
393 2761 516 2814 oratores
539 2754 694 2812 efficiantur
715 2755 852 2826 discipuli.
883 2760 913 2811 et
934 2757 1023 2826 primo
1041 2756 1151 2827 quidem
1170 2773 1243 2814 anno
1261 2763 1369 2813 naahas
1387 2757 1514 2812 hauriant
1531 2757 1718 2813 institutiones

280 2861 315 2902 ex
333 2847 407 2904 omni
424 2859 512 2916 paene
530 2851 654 2900 ueterum
674 2845 875 2901 institutionum
894 2861 1008 2917 corpore
1027 2847 1152 2902 elimatas
1170 2853 1199 2902 et
1216 2846 1252 2902 ab
1270 2845 1397 2902 omnibus
1415 2843 1532 2901 turbidis
1548 2839 1671 2903 tontibus
1690 2847 1719 2902 in

279 2952 364 2992 unum
382 2935 516 3006 liquidum
536 2939 664 3004 stagnum
682 2935 839 2990 conriuatas
856 2940 913 2991 tam
931 2951 981 3007 per
992 2935 1189 2992 Tribouiauum
1207 2936 1296 2991 uirum
1315 2934 1490 3006 magnifieum
1509 2936 1670 3005 magistrum
1690 2940 1720 2992 et

280 3041 315 3080 ex
337 3029 484 3095 quaestore
502 3024 573 3080 sacri
591 3023 685 3094 palatii
705 3024 790 3079 nostri
808 3029 838 3079 et
854 3039 890 3080 ex
908 3026 1021 3081 consule
1039 3040 1122 3095 quam
1140 3024 1210 3081 duos
1228 3040 1244 3080 e
1262 3024 1357 3093 uobis,
1382 3025 1410 3080 id
1428 3031 1472 3080 est
1489 3024 1670 3095 Theophilum
1689 3028 1719 3082 et
1740 3033 1772 3075 ³⁰

280 3112 448 3170 Dorotheum
467 3111 680 3169 facundissimos
697 3117 894 3170 antecessores.
926 3114 954 3170 in
972 3115 1103 3184 reliquam
1123 3129 1189 3170 uero
1208 3115 1271 3169 anni
1289 3120 1396 3184 partem
1415 3113 1566 3170 seeundum
1584 3114 1719 3185 optimam

280 3203 504 3272 consequentiam
522 3203 638 3272 primam
656 3202 748 3272 legum
767 3207 873 3272 partem
892 3203 933 3259 eis
947 3203 1018 3260 tradi
1030 3204 1177 3274 sancimus,
1196 3218 1267 3273 quae
1280 3202 1387 3260 Graeco
1400 3203 1535 3259 uocabulo
1546 3204 1638 3274 πρῶτα
1650 3219 1719 3260 nun-

280 3297 409 3362 cupatur,
432 3305 489 3361 qna
511 3291 577 3347 nihil
601 3297 645 3346 est
668 3293 805 3362 anterius,
829 3291 893 3361 quia
911 3293 985 3362 quod
1003 3295 1120 3363 primum
1139 3297 1183 3348 est
1200 3291 1275 3348 aliud
1293 3297 1356 3348 ante
1375 3308 1405 3348 se
1423 3291 1525 3348 habere
1543 3308 1598 3349 uon
1615 3295 1719 3363 potest

279 3381 394 3438 ethaeo
411 3381 451 3436 eis
470 3380 611 3436 exordium
631 3385 660 3436 et
677 3379 759 3436 linem
779 3381 940 3437 eruditionis
957 3381 1038 3452 primi
1055 3381 1120 3437 anni
1138 3397 1200 3439 esse
1211 3382 1393 3438 decernimus.
1420 3382 1498 3438 cuins
1510 3381 1650 3437 auditores
1662 3396 1720 3437 non

280 3471 407 3526 uolumus
425 3475 519 3526 uetere
536 3475 593 3525 mm
611 3468 710 3526 iriuolo
729 3485 811 3540 quam
829 3469 945 3526 ridiculo
962 3471 1126 3541 cognomine
1144 3469 1299 3542 dupondics
1318 3471 1463 3542 appellari,
1483 3470 1534 3526 scd
1551 3470 1720 3527 Iustinianos
1739 3479 1772 3522 ³⁵

279 3573 368 3615 nouos
385 3559 546 3629 nuncupari,
565 3563 594 3614 et
611 3557 664 3613 hoc
681 3559 709 3614 in
728 3573 807 3614 omne
825 3557 947 3614 futurum
965 3574 1065 3615 aeuum
1083 3559 1207 3630 optinere
1225 3575 1379 3631 censemus,
1399 3566 1432 3616 nt
1448 3560 1485 3631 hi,
1503 3561 1551 3632 qui
1568 3560 1652 3618 rudes
1670 3561 1721 3618 ad·

280 3647 334 3703 hue
351 3648 491 3718 legitimae
509 3646 646 3703 scientiae
658 3647 800 3718 adspirent
817 3652 846 3702 et
864 3647 934 3704 setta
951 3648 1050 3718 prioris
1068 3649 1132 3704 anni
1150 3649 1276 3720 aceipere
1293 3650 1451 3719 maluerint,
1474 3653 1597 3706 nostrum
1618 3665 1722 3706 nomen

281 3741 417 3806 mereant,
440 3737 505 3806 qnia
525 3736 588 3792 ilico
605 3737 769 3792 tradendum
789 3737 829 3792 eis
847 3741 890 3792 est
906 3737 1024 3807 primum
1044 3738 1185 3809 uolumen,
1203 3737 1278 3808 quod
1296 3737 1375 3810 mobis
1393 3739 1533 3794 emanauit
1551 3737 1721 3795 auctoribus.

281 3831 364 3881 autea
384 3826 456 3881 enim
476 3825 590 3896 dignum
609 3825 722 3896 antiqua
740 3824 901 3882 contusione
919 3827 1010 3896 legum
1030 3841 1183 3898 cognomen
1201 3826 1354 3884 habebant:
1377 3843 1438 3884 enm
1459 3833 1550 3884 autem
1568 3829 1645 3899 leges
1662 3829 1722 3884 iam

282 3941 359 4010 ΝΟ)

282 4119 291 4153 ¹
311 4115 385 4171 aliud
405 4117 508 4186 (Ham
578 4119 589 4154 ²
607 4120 701 4192 itaque
719 4121 742 4176 si
760 4123 888 4178 similinus
906 4131 954 4178 ina.

282 4288 441 4340 lsaturum
461 4287 496 4340 F¹
513 4287 648 4356 {mixtum
663 4291 873 4360 marimaparte
891 4291 973 4347 inati-
1026 4291 1100 4348 tione
1113 4292 1150 4345 F*
1198 4292 1233 4347 20
1252 4293 1469 4348 eosnareuart
1516 4293 1552 4348 33
1568 4290 1723 4348 t'est‘ra'na·

280 4355 353 4412 libus
377 4375 426 4410 om.
439 4359 475 4410 F¹
533 4361 753 4432 ipraespotora
775 4363 819 4428 ΕΙ,
843 4378 973 4434 praespo·
1026 4362 1099 4418 batis
1116 4363 1154 4416 F’
1208 4363 1243 4419 24
1261 4363 1409 4434 antiquae
1429 4365 1465 4417 Ρ
1518 4365 1553 4419 25
1571 4363 1724 4420 iudicantis

281 4431 342 4482 tera
367 4429 402 4480 F’
422 4433 427 4494 Ι
446 4429 536 4499 prima
559 4433 619 4485 add.
633 4433 670 4486 Fi
726 4435 879 4490 3anorme
904 4435 970 4504 F¹l
1026 4435 1062 4488 1⁸¹
1083 4437 1088 4500 Ι
1110 4433 1291 4490 thensauros⁴
1315 4435 1350 4488 F’
1406 4437 1441 4491 36
1463 4434 1647 4491 uolentimbus
1672 4436 1721 4505 Fi

280 4503 363 4586 post*¹
375 4501 411 4552 Ρ
427 4504 431 4567 l
448 4501 567 4570 aliquod]
584 4504 626 4568 F¹,
646 4505 748 4574 ahquid
765 4507 800 4559 ps
851 4508 972 4562 duunc—
1026 4506 1147 4576 eragatis
1165 4507 1192 4559 F
1244 4507 1279 4562 23
1301 4508 1390 4563 lecum
1411 4509 1455 4576 Fi
1475 4507 1662 4564 institutiones
1684 4523 1723 4562 ex

282 4577 446 4640 cupatrouem
466 4575 608 4628 mestuerit
622 4575 658 4627 5¹
711 4577 971 4646 apertissimam
1026 4578 1100 4634 omni
1112 4591 1183 4647 pene
1195 4583 1319 4634 ueterum
1332 4580 1441 4633 ader*
1476 4579 1653 4648 291iquidem
1665 4580 1720 4646 ΡΙ

282 4643 445 4728 diegauFi
494 4645 576 4699 'laon
590 4647 697 4700 ew
712 4649 716 4715 Ι
733 4650 831 4719 raram]
844 4649 971 4721 parari*¹
1025 4648 1211 4704 tribonianum
1233 4651 1269 4702 F‘
1326 4651 1362 4705 30
1382 4666 1417 4706 ex
1438 4654 1566 4720 questore
1586 4652 1627 4720 Fi
1643 4650 1725 4720 pala-

281 4715 416 4769 arsurus
436 4715 471 4768 ps
524 4717 558 4770 10
571 4717 770 4774 eruditionem
783 4720 820 4773 F³
874 4723 908 4776 13
920 4721 972 4776 iter
1024 4720 1100 4776 ti'ni’i
1118 4721 1163 4789 Fi
1184 4720 1334 4791 theopilum
1354 4722 1379 4774 F
1429 4723 1464 4777 33
1482 4723 1546 4793 qua]
1564 4736 1636 4791 quae
1654 4723 1721 4783 Fit

281 4785 322 4840 eis
330 4785 513 4856 aperiebatur]
525 4785 634 4858 Filaic),
644 4789 795 4846 reriebatnr
805 4793 840 4846 F¹
859 4793 971 4847 ittam-
1025 4797 1090 4847 aute
1108 4790 1148 4860 se]
1162 4791 1207 4857 Fi,
1220 4809 1256 4847 an
1269 4799 1333 4849 aute
1345 4809 1379 4848 ae
1392 4795 1427 4848 F¹
1484 4796 1520 4849 34
1531 4795 1610 4850 cuius
1622 4813 1672 4847 cns.
1682 4796 1722 4848 ΡΙ

281 4857 423 4912 tummodo
442 4859 468 4910 F
517 4859 551 4913 15
569 4858 607 4928 et]
625 4874 659 4914 ex
672 4863 836 4929 (οοοοοηἸ
886 4865 919 4918 17
931 4864 971 4918 in·
1025 4865 1060 4920 35
1078 4863 1146 4932 tam]
1167 4869 1216 4919 tau
1234 4865 1270 4917 1³¹
1290 4867 1296 4934 Ι
1316 4865 1481 4936 dupondios]
1507 4864 1662 4936 dupondics
1682 4867 1722 4919 F¹
1822 4873 1823 4890 ¹

281 4926 501 4999 perlectumllii,
520 4928 691 4999 inperfectus
705 4933 739 4984 F¹
795 4935 829 4989 te
846 4934 971 4990 inconse-
1024 4937 1060 4991 36
1089 4935 1180 5005 omne]
1212 4936 1302 4992 omine
1333 4937 1358 4991 F
1428 4938 1464 4993 38
1493 4938 1652 4994 emanabit
1684 4937 1725 4991 F³

282 5001 428 5070 quentiae*
441 5002 479 5053 F²
494 5001 499 5069 Ι
514 5001 548 5071 is]
566 5002 610 5068 Fi,
629 5003 674 5058 ine
691 5003 727 5056 Ρ
782 5006 816 5060 19
834 5007 905 5075 quis]
926 5007 971 5072 F1,
1024 5007 1060 5063 39
1078 5011 1178 5062 antea
1197 5007 1235 5060 Ρ

281 5077 313 5128 ut
330 5073 393 5142 quis
411 5072 448 5125 Fi
463 5073 468 5142 Ι
484 5073 577 5130 mallet
594 5073 723 5146 eompu'ti
737 5091 854 5148 eaquae
866 5077 971 5134 recita·
