3856 5616
979 777 1034 874 V.

394 1009 572 1086 UARJAE
599 1009 860 1087 LEOTIONES
888 1008 1130 1086 LIBRORUM
1157 1008 1301 1087 INFRA
1328 1007 1627 1087 SCRIPTORUM

852 1142 1162 1220 DETERIORUM
1186 1165 1189 1172 ’

744 1289 806 1358 (so
829 1291 904 1347 nic.
923 1293 992 1348 sle.
1010 1291 1132 1349 xxvm
1148 1291 1220 1348 ιιι.
1239 1291 1276 1359 ι).

322 1455 349 1507 F
366 1475 399 1502 =
418 1454 557 1506 Florentini
574 1453 631 1504 libri
649 1453 782 1504 lectionem
800 1471 877 1520 supre
894 1452 970 1520 plene
989 1453 1092 1507 allatum
1108 1453 1150 1506 hic
1167 1453 1211 1504 ubi
1228 1471 1291 1520 opus
1310 1469 1367 1505 esse
1385 1450 1519 1504 uidebatur
1535 1451 1708 1519 repetiuimus.

321 1541 399 1596 W:
418 1544 476 1594 Uat.
492 1543 559 1594 1407
579 1559 645 1594 saec.
658 1541 715 1593 XII.

322 1632 351 1685 D
365 1653 398 1681 =
417 1632 500 1684 Berol.
513 1631 569 1684 Lat.
583 1631 625 1683 fol.
639 1630 691 1682 268
710 1647 776 1682 seco.
789 1629 859 1682 XIII.

325 1721 349 1788 Q
366 1697 400 1770 ἷ-.
419 1721 500 1773 rare.
512 1721 583 1772 4454
601 1737 667 1773 ..ss
680 1719 751 1771 xm.

323 1810 351 1864 Ε
364 1831 398 1858 .·.-.
416 1810 506 1862 Bamb.
519 1809 584 1861 D.I.
598 1809 632 1860 10
649 1827 715 1861 seeo.
727 1809 798 1861 XIII.

322 1900 341 1953 Ι
365 1920 398 1948 =
416 1899 505 1950 Bamb.
518 1899 550 1949 D.
563 1899 583 1950 I.
599 1899 631 1950 12
650 1915 716 1950 seeo.
728 1898 798 1950 XIII.

325 1988 349 2043 O
366 2009 398 2036 =
419 1987 612 2040 Colledonicnus
631 1989 720 2054 (supra
736 2007 761 2055 p.
777 1986 835 2054 l'l')
854 2003 921 2040 esee.
933 1985 1004 2038 XIII.

321 2076 347 2130 l.
365 2097 398 2125 =
417 2077 555 2143 Lipsiensis
568 2077 735 2129 bibliothecae
748 2076 870 2128 Psnlinec
882 2075 969 2128 n.874
982 2091 1029 2126 scr.
1042 2093 1065 2128 a.
1078 2073 1155 2135 1226,
1167 2075 1264 2124 habens
1276 2081 1425 2140 sppsratum
1438 2071 1730 2142 Hegelini(†c.1233)

449 2165 504 2199 cum
523 2149 707 2215 subscriptione
725 2149 786 2200 hcc:
806 2147 879 2198 'anno
893 2146 986 2198 domini
998 2145 1155 2197 Mccxxvl
1170 2145 1245 2196 indic.
1256 2144 1332 2196 XIIII
1349 2145 1390 2196 die
1400 2145 1437 2196 Vl
1448 2145 1559 2198 iuuante
1572 2146 1691 2198 Octnbris
1703 2147 1731 2198 in

448 2218 601 2286 'Arsigncno
618 2221 644 2271 in
663 2220 770 2271 ecclesie
788 2229 876 2270 ssocte
891 2219 971 2270 Maris
990 2219 1022 2270 sd
1041 2218 1161 2269 bonorem
1179 2217 1273 2269 domini
1289 2215 1376 2268 lscobi
1392 2216 1540 2269 Florentini.
1566 2217 1731 2270 Wisardinns

448 2289 555 2356 ‘scripsit
569 2292 617 2343 boc
629 2289 709 2358 opus.
737 2292 875 2358 scripturae
894 2290 1022 2357 specimen
1038 2289 1109 2340 dedit
1121 2288 1265 2356 Kriegelius
1276 2288 1303 2339 in
1315 2287 1525 2340 commentatione
1542 2305 1622 2355 supra
1640 2307 1666 2356 p.
1678 2289 1730 2342 85⁹

448 2363 531 2414 citata.

323 2450 399 2504 S:
417 2451 556 2518 Lipsiensis
580 2450 748 2502 bibliothecae
772 2459 875 2503 senatus
893 2450 959 2516 Rep.
971 2449 1047 2500 ns.
1060 2447 1090 2510 2,
1112 2463 1180 2499 saec.
1191 2446 1268 2510 xm,
1290 2448 1387 2500 habens
1406 2447 1483 2500 hodie
1487 2448 1612 2533 glossam
1629 2448 1731 2500 Accur-

448 2523 545 2574 sisnam
563 2539 610 2574 ser.
625 2539 691 2574 saec.
705 2522 767 2574 XIV
786 2532 813 2574 et
829 2539 923 2588 magns
941 2537 972 2572 ex
991 2529 1064 2586 psrte
1083 2519 1278 2604 superscriptam
1301 2519 1345 2570 alii
1362 2537 1458 2572 erosae.
1486 2520 1511 2571 in
1530 2521 1586 2588 ipso
1604 2520 1732 2588 principio

448 2594 565 2645 edsnnt
557 2595 733 2660 inscriptiones
752 2593 847 2660 aliquot
864 2594 964 2660 plesse.
992 2592 1131 2659 scripturae
1149 2591 1276 2658 specimen
1294 2591 1366 2642 dedit
1382 2591 1450 2642 idem
1468 2591 1623 2658 Kriegelins
1630 2592 1685 2644 lc.

322 2683 399 2736 R:
418 2682 577 2734 Infortistum
596 2683 636 2736 ed.
650 2683 741 2735 Uenet.
757 2681 824 2734 14⁷7
844 2699 875 2733 ex
894 2682 995 2733 officina
1012 2681 1098 2732 Iecobi
1117 2679 1207 2732 Gallici
1226 2696 1257 2731 ex
1274 2679 1420 2732 Rubeorum
1436 2679 1541 2732 ismilia.

324 2771 399 2826 M-
418 2772 576 2824 Infertistnm
601 2772 642 2823 ed.
659 2772 798 2824 Mediolani
822 2769 915 2823 1482‘
916 2787 962 2837 per
986 2770 1089 2821 eximios
1113 2769 1228 2821 doctores
1252 2768 1407 2821 enucleatius
1429 2769 1581 2854 castigstum
1604 2769 1731 2822 emendo-

448 2853 551 2909 tumque
569 2844 595 2894 in
614 2844 715 2895 ciuitate
729 2845 750 2910 (l
752 2845 762 2910 )
739 2842 913 2896 lMediolcni
931 2859 977 2908 per
995 2841 1133 2894 Iohannem
1144 2841 1282 2892 Antonium
1301 2841 1333 2892 de
1349 2841 1476 2892 Honste
1469 2841 1590 2908 impensis
1607 2834 1733 2893 nobilium

447 2915 558 2967 uirorum
575 2915 646 2966 Petri
663 2916 713 2966 An.
732 2915 765 2966 de
784 2914 935 2966 Castelliono
953 2921 980 2964 et
997 2912 1124 2965 Ambrosii
1141 2913 1174 2963 de
1193 2909 1309 2978 Caymis'.

323 3002 398 3057 H=
417 3003 525 3069 Digesto
542 3003 611 3054 edita
629 3005 661 3055 cb
679 3004 826 3056 Hslocndro
844 3004 1033 3068 Norembergsc
1053 2999 1121 3054 1529
1140 3001 1182 3068 (cs.
1195 3018 1272 3067 snprs
1290 3017 1315 3066 p.
1330 2999 1398 3067 17)

288 3094 327 3145 Ex
351 3093 389 3144 bis
414 3092 484 3143 libris
510 3093 629 3144 scribenti
652 3093 714 3143 mihi
737 3092 770 3142 sd
793 3109 883 3143 manus
906 3100 965 3142 sunt
982 3091 1032 3158 ipsi
1050 3087 1292 3145 DEIOLSRMH.
1316 3089 1421 3142 collatos
1440 3089 1518 3141 hebui
1534 3086 1605 3142 We
1621 3088 1732 3156 Msycro

287 3165 349 3216 setis
368 3163 511 3229 diligenter,
533 3162 584 3228 Qs
596 3164 729 3226 Ksuslero,
748 3180 860 3229 quorum,
879 3164 986 3214 maxime
1004 3163 1078 3213 buius
1096 3161 1153 3212 libri
1172 3169 1275 3227 propter
1288 3160 1434 3212 collatorum
1452 3159 1579 3213 silentium
1596 3179 1647 3212 non
1666 3163 1732 3214 sati·

288 3236 366 3288 lidum
383 3235 510 3286 interdurn
528 3235 614 3286 deficit
631 3235 774 3287 auctoritas.
802 3243 912 3286 ceterum
936 3251 1000 3312 quac
1026 3251 1103 3299 suprs
1125 3233 1254 3300 prsesstus
1278 3250 1333 3283 sum
1358 3232 1392 3284 ad
1409 3231 1515 3284 similem
1533 3241 1685 3316 apparatum
1705 3233 1732 3286 in

287 3307 386 3358 titulum
405 3306 437 3358 de
455 3307 603 3358 hereditatis
622 3307 743 3372 petitione
762 3323 792 3358 ex
809 3305 903 3358 ueteris
916 3287 1015 3371 Digesti
1032 3303 1103 3355 libris
1121 3303 1289 3370 compilatum,
1307 3320 1339 3355 es
1356 3303 1510 3370 perueniunt
1521 3305 1598 3356 etiam
1610 3303 1644 3356 sd
1662 3303 1731 3356 alte-

288 3395 343 3430 rum
360 3378 409 3430 hoc
427 3377 563 3460 specimen,
583 3396 631 3444 qno
650 3377 779 3429 declarare
798 3377 866 3430 uolui
877 3377 996 3429 librorum
1009 3375 1134 3428 infortinti
1145 3373 1287 3441 uulgarium
1298 3391 1344 3440 per
1357 3375 1459 3428 saccula
1470 3375 1644 3428 mutationem.
1669 3393 1731 3427 nam

288 3449 453 3515 antiquissimi
472 3449 563 3515 quique
580 3449 647 3511 libri,
664 3449 771 3500 maxime
791 3447 948 3514 WDQEIO
964 3448 1073 3500 comita
1091 3455 1227 3513 sequantur
1244 3461 1374 3498 commune
1395 3445 1536 3514 uulgarium
1554 3447 1731 3513 archetypum,

287 3530 316 3573 ut
334 3519 416 3572 nullus
434 3520 460 3571 id
479 3520 624 3587 simpliciter
642 3521 740 3582 reddet,
759 3519 805 3571 sed
823 3519 880 3586 plns
891 3519 973 3572 minus
986 3519 1139 3570 adsciuerint
1151 3517 1242 3584 singuli
1259 3518 1333 3569 modo
1345 3535 1377 3568 ex
1389 3517 1538 3570 coniecturis
1550 3517 1663 3570 florentis
1674 3529 1731 3570 tum

289 3591 390 3644 scholae
408 3591 575 3644 Bononiensis
594 3591 732 3654 doctorum,
750 3591 824 3642 modo
843 3609 873 3642 ex
892 3590 1037 3641 Florentino
1055 3589 1119 3641 libro
1138 3588 1275 3640 identidem
1294 3606 1309 3640 ι
1327 3587 1441 3656 pluribus
1458 3589 1519 3641 uiris
1538 3589 1619 3641 doctis
1638 3589 1677 3654 (ut
1696 3591 1730 3642 ab

288 3665 465 3724 Hominebono
475 3663 649 3716 Cremonensi:
662 3681 688 3714 u.
701 3681 726 3730 p.
737 3663 798 3724 817,
808 3661 853 3729 40)
866 3662 988 3728 inspecto,
1001 3671 1053 3712 tam
1065 3660 1235 3727 Hugolinicna
1247 3660 1360 3712 recensio
1370 3660 1416 3727 (l.)
1431 3679 1505 3727 quam
1517 3660 1675 3712 Accursiana
1685 3661 1729 3728 (S)

288 3736 391 3803 propria
410 3735 542 3801 qusedsm,
562 3735 608 3786 sed
626 3744 652 3786 et
669 3735 725 3800 ipsa
744 3734 857 3786 eiusdem
874 3735 928 3784 lere
940 3733 1041 3800 generis
1054 3733 1169 3784 efferunt.
1197 3731 1319 3783 editiones
1336 3731 1430 3783 deinde
1446 3731 1541 3784 saeersli
1552 3731 1602 3782 XV
1614 3732 1731 3783 nituntur

288 3807 464 3867 Accnrsianis,
483 3807 529 3858 sed
546 3805 642 3857 hebent
660 3806 761 3872 etipse
779 3823 824 3856 sua
842 3804 966 3871 quaedam
985 3803 1034 3856 slis
1053 3821 1084 3854 ex
1102 3803 1246 3854 Florentino
1264 3803 1328 3854 libro
1346 3803 1441 3869 petits,
1465 3803 1515 3854 alia
1533 3819 1564 3854 ex
1583 3803 1730 3856 coniectura

288 3879 331 3930 nel
348 3877 551 3944 interpolatione,
570 3895 645 3943 qnam
662 3876 881 3943 interpolationem
900 3877 942 3942 qni
960 3873 1094 3928 contulerit
1111 3891 1167 3926 cum
1185 3874 1271 3940 glossa
1289 3874 1423 3937 crdinsria,
1442 3874 1502 3926 inde
1513 3874 1662 3941 plenumque
1675 3875 1728 3927 ori-

288 3950 374 4018 ginem
385 3949 478 4000 ducere
489 3947 628 4015 intelleget.
655 3948 852 4000 Mediolanensis
865 3956 948 3998 sutem
961 3946 1018 4014 (M)
1031 3963 1181 4013 quamquam
1192 3963 1313 4012 erpresss
1325 3955 1364 3996 est
1375 3955 1420 3996 sut
1431 3963 1462 3996 es
1474 3947 1531 4013 ipsa
1542 3945 1669 3997 Rubecna
1680 3945 1729 4014 (R)

288 4029 333 4073 ant
350 4038 382 4072 ex
400 4020 537 4082 simillima,
562 4029 647 4072 ιιιιιιιι
670 4019 736 4070 1111ιιι
755 4019 836 4070 editor
854 4018 978 4086 qusedam
995 4019 1102 4069 mutauit
1125 4017 1198 4069 modo
1221 4017 1364 4068 coniectura
1386 4017 1489 4079 doctus,
1513 4016 1589 4069 modo
1607 4017 1729 4069 librorum

289 4092 445 4144 suctoritcte.
473 4091 620 4142 Hnlcander
639 4091 747 4157 deniqne
765 4109 821 4141 cum
839 4109 870 4142 ex
888 4089 1034 4141 Florentino
1057 4089 1121 4140 libro
1146 4087 1295 4155 quemquam
1318 4089 1465 4155 imperfecte
1489 4089 1537 4140 sibi
1555 4095 1616 4140 note
1635 4089 1728 4141 multos

1087 1764 1201 1816 Diximus
1220 1763 1252 1816 de
1270 1763 1310 1816 bis
1327 1761 1397 1816 libris
1415 1763 1441 1814 in
1459 1762 1627 1830 praefatione.

191 4183 192 4186 ¹
288 4165 357 4216 locos
376 4163 409 4214 ad
428 4163 556 4228 antiquam
574 4164 678 4214 sormam
697 4163 861 4225 reuocsucrit,
880 4161 942 4212 alios
960 4161 1020 4211 item
1037 4159 1128 4211 multos
1146 4177 1215 4212 more
1228 4178 1273 4212 suo
1285 4161 1566 4226 grammaticammsgis
1578 4177 1655 4226 quam
1667 4161 1728 4212 iuris

289 4244 371 4287 artem
388 4252 478 4285 curans
496 4241 591 4285 temere
610 4234 728 4301 cormpit,
747 4235 772 4283 in
792 4232 918 4300 plerisque
937 4241 1021 4284 autem
1040 4232 1176 4282 editionum
1189 4232 1346 4297 sntiqnsrom
1358 4248 1456 4283 errores
1469 4231 1552 4282 denuo
1565 4232 1727 4298 propagauit.

288 4325 348 4358 nam
365 4313 466 4373 prester
484 4304 656 4358 Florentinum
678 4322 740 4371 qnos
764 4304 841 4356 libros
860 4303 975 4356 adhibuit
998 4303 1030 4354 sd
1053 4304 1190 4355 secundum
1214 4303 1366 4369 digestorum
1389 4299 1508 4355 uolumen
1531 4301 1727 4364 emendandum,

288 4376 557 4500 1111111111
567 4373 1357 4507 1111111111111111111111111111
1369 4373 1579 4499 111111111143
1576 4374 1729 4498 ,11111

289 4465 555 4572 ιιοιιι1011ιιοι11ι1ιιιο
574 4519 608 4570 ad
625 4519 748 4570 decimum
766 4527 864 4572 sextum
882 4518 981 4584 digesta
1004 4517 1164 4583 recognorint
1186 4524 1212 4568 et
1235 4463 1392 4569 einendariin
1409 4517 1504 4586 optime
1525 4517 1669 4580 declarent,
1692 4518 1728 4570 ad

289 4591 370 4657 ipssm
388 4590 463 4642 crisin
481 4591 523 4641 uix
542 4591 704 4657 perueniunt:
729 4609 787 4641 nam
805 4608 851 4657 per
869 4599 949 4642 totum
966 4589 1033 4640 hunc
1051 4588 1163 4650 titulum,
1182 4605 1230 4654 quo
1252 4605 1300 4656 ego
1318 4588 1483 4642 difficiliorem
1501 4597 1527 4641 et
1544 4590 1727 4656 corruptiorsm

289 4661 409 4714 nullum'
402 4679 428 4712 ιιι
447 4661 551 4728 digestis
575 4660 699 4714 uniuersis
723 4663 782 4714 noni
807 4661 900 4728 quique
923 4668 1050 4726 tamquam
1072 4627 1241 4712 concleinatus
1263 4661 1311 4712 tuit
1332 4660 1374 4712 uel
1391 4659 1588 4714 Bononiensium
1612 4669 1727 4728 tempore

290 4731 349 4798 (hic
368 4733 456 4784 Gallus
474 4733 565 4785 rodit'
558 4747 674 4784 iuuenem
693 4741 718 4785 et
736 4733 873 4799 quemlibet
891 4727 951 4784 odit
969 4731 1124 4797 adscriptum
1141 4732 1225 4782 ested
1242 4731 1343 4784 129ιιι
1357 4733 1443 4786 codice
1454 4733 1504 4800 D),
1521 4731 1617 4784 nullam
1635 4732 1724 4785 lectio·

289 4821 348 4854 nem
364 4804 484 4870 reperies,
503 4821 567 4870 quse
586 4805 619 4856 ad
638 4806 800 4872 archetypum
820 4805 896 4856 ducet
913 4802 1085 4855 sFlorentino
1098 4803 1235 4854 diuersum:
1255 4803 1363 4870 deniqne
1381 4805 1539 4856 coniectores
1557 4821 1623 4870 quae
1640 4805 1726 4857 insunt

289 4891 393 4925 numero
418 4875 557 4941 permultae
581 4884 625 4927 sut
648 4886 707 4927 sunt
730 4893 761 4928 ex
778 4893 882 4928 numero
901 4891 1000 4938 esrum,
1023 4891 1086 4941 quas
1104 4875 1185 4942 quinis
1203 4875 1330 4943 excogitet
1351 4893 1402 4928 non
1420 4875 1518 4928 bebetis
1535 4875 1637 4942 plane
1630 4876 1726 4944 ingenii

289 4945 439 5012 recognitor,
457 4955 501 4998 aut
519 4947 606 5000 sslsae.

877 5070 1139 5081 ———-—-—-
