<?xml version="1.0" encoding="UTF-8"?>
<!DOCTYPE html PUBLIC "-//W3C//DTD XHTML 1.0 Transitional//EN"
    "http://www.w3.org/TR/xhtml1/DTD/xhtml1-transitional.dtd">
<html xmlns="http://www.w3.org/1999/xhtml" xml:lang="en" lang="en">
 <head>
  <title>
</title>
<meta http-equiv="Content-Type" content="text/html;charset=utf-8" />
  <meta name='ocr-system' content='tesseract 3.04.00' />
  <meta name='ocr-capabilities' content='ocr_page ocr_carea ocr_par ocr_line ocrx_word'/>
</head>
<body>
  <div class='ocr_page' id='page_1' title='image "./digestaiustinia00mommgoog/digestaiustinia00mommgoog_0615.png"; bbox 0 0 3738 5550; ppageno 0'>
   <div class='ocr_carea' id='block_1_1' title="bbox 277 241 1713 321">
    <p class='ocr_par' dir='ltr' id='par_1_1' title="bbox 277 241 1713 321">
     <span class='ocr_line' id='line_1_1' title="bbox 277 241 1713 321; baseline 0.003 -9"><span class='ocrx_word' id='word_1_1' title='bbox 277 246 337 312; x_wconf 87' lang='lat' dir='ltr'><strong>XV</strong></span> <span class='ocrx_word' id='word_1_2' title='bbox 360 250 373 311; x_wconf 90' lang='grc'>1</span> <span class='ocrx_word' id='word_1_3' title='bbox 399 253 509 306; x_wconf 75' lang='lat'><strong>37—38</strong></span> <span class='ocrx_word' id='word_1_4' title='bbox 947 241 1035 321; x_wconf 87' lang='grc'><strong>446</strong></span> <span class='ocrx_word' id='word_1_5' title='bbox 1665 269 1713 316; x_wconf 87' lang='lat' dir='ltr'><strong>nn</strong></span> 
     </span>
    </p>
   </div>
   <div class='ocr_carea' id='block_1_2' title="bbox 158 400 1816 3394">
    <p class='ocr_par' dir='ltr' id='par_1_2' title="bbox 246 400 1747 1090">
     <span class='ocr_line' id='line_1_2' title="bbox 276 400 1712 475; baseline 0.002 -18"><span class='ocrx_word' id='word_1_6' title='bbox 276 403 371 472; x_wconf 90' lang='lat' dir='ltr'><strong>pronio</strong></span> <span class='ocrx_word' id='word_1_7' title='bbox 391 405 530 471; x_wconf 78' lang='lat' dir='ltr'>ageretur,</span> <span class='ocrx_word' id='word_1_8' title='bbox 550 417 585 455; x_wconf 90' lang='lat' dir='ltr'><strong>an</strong></span> <span class='ocrx_word' id='word_1_9' title='bbox 603 402 662 456; x_wconf 90' lang='lat' dir='ltr'><strong>eius</strong></span> <span class='ocrx_word' id='word_1_10' title='bbox 679 401 794 471; x_wconf 81' lang='lat' dir='ltr'><strong>peculii,</strong></span> <span class='ocrx_word' id='word_1_11' title='bbox 813 400 886 470; x_wconf 87' lang='lat' dir='ltr'><strong>quod</strong></span> <span class='ocrx_word' id='word_1_12' title='bbox 904 401 977 472; x_wconf 85' lang='lat' dir='ltr'><strong>apud</strong></span> <span class='ocrx_word' id='word_1_13' title='bbox 996 418 1040 457; x_wconf 93' lang='lat' dir='ltr'><strong>me</strong></span> <span class='ocrx_word' id='word_1_14' title='bbox 1059 407 1145 471; x_wconf 88' lang='lat' dir='ltr'><strong>esset,</strong></span> <span class='ocrx_word' id='word_1_15' title='bbox 1164 403 1233 457; x_wconf 89' lang='lat' dir='ltr'><strong>ratio</strong></span> <span class='ocrx_word' id='word_1_16' title='bbox 1251 402 1345 459; x_wconf 88' lang='lat' dir='ltr'><strong>haberi</strong></span> <span class='ocrx_word' id='word_1_17' title='bbox 1363 403 1484 460; x_wconf 77' lang='lat' dir='ltr'>deberet.</span> <span class='ocrx_word' id='word_1_18' title='bbox 1512 403 1584 475; x_wconf 84' lang='lat' dir='ltr'>dixi,</span> <span class='ocrx_word' id='word_1_19' title='bbox 1608 404 1631 459; x_wconf 90' lang='lat' dir='ltr'><strong>si</strong></span> <span class='ocrx_word' id='word_1_20' title='bbox 1650 420 1712 460; x_wconf 87' lang='lat' dir='ltr'><strong>anm</strong></span> 
     </span>
     <span class='ocr_line' id='line_1_3' title="bbox 278 489 1712 562; baseline 0.002 -17"><span class='ocrx_word' id='word_1_21' title='bbox 278 489 439 560; x_wconf 84' lang='lat' dir='ltr'><strong>Sempronio</strong></span> <span class='ocrx_word' id='word_1_22' title='bbox 458 494 597 559; x_wconf 87' lang='lat' dir='ltr'><strong>ageretur,</strong></span> <span class='ocrx_word' id='word_1_23' title='bbox 616 505 764 559; x_wconf 85' lang='lat' dir='ltr'><strong>numquam</strong></span> <span class='ocrx_word' id='word_1_24' title='bbox 782 491 916 545; x_wconf 89' lang='lat' dir='ltr'><strong>rationem</strong></span> <span class='ocrx_word' id='word_1_25' title='bbox 934 491 993 545; x_wconf 89' lang='lat' dir='ltr'><strong>eius</strong></span> <span class='ocrx_word' id='word_1_26' title='bbox 1011 491 1123 560; x_wconf 81' lang='lat' dir='ltr'><strong>peculii,</strong></span> <span class='ocrx_word' id='word_1_27' title='bbox 1142 490 1217 560; x_wconf 88' lang='lat' dir='ltr'><strong>quod</strong></span> <span class='ocrx_word' id='word_1_28' title='bbox 1234 493 1308 562; x_wconf 88' lang='lat' dir='ltr'><strong>apud</strong></span> <span class='ocrx_word' id='word_1_29' title='bbox 1327 509 1371 548; x_wconf 92' lang='lat' dir='ltr'><strong>me</strong></span> <span class='ocrx_word' id='word_1_30' title='bbox 1389 497 1471 562; x_wconf 90' lang='lat' dir='ltr'><strong>esset,</strong></span> <span class='ocrx_word' id='word_1_31' title='bbox 1488 491 1584 548; x_wconf 89' lang='lat' dir='ltr'><strong>haberi</strong></span> <span class='ocrx_word' id='word_1_32' title='bbox 1602 491 1712 562; x_wconf 85' lang='lat' dir='ltr'><strong>debere,</strong></span> 
     </span>
     <span class='ocr_line' id='line_1_4' title="bbox 277 577 1714 652; baseline 0.002 -19"><span class='ocrx_word' id='word_1_33' title='bbox 277 580 343 648; x_wconf 86' lang='lat' dir='ltr'><strong>quia</strong></span> <span class='ocrx_word' id='word_1_34' title='bbox 360 580 384 634; x_wconf 89' lang='lat' dir='ltr'><strong>is</strong></span> <span class='ocrx_word' id='word_1_35' title='bbox 402 579 503 634; x_wconf 88' lang='lat' dir='ltr'><strong>nullam</strong></span> <span class='ocrx_word' id='word_1_36' title='bbox 522 577 655 632; x_wconf 89' lang='lat' dir='ltr'><strong>aduersus</strong></span> <span class='ocrx_word' id='word_1_37' title='bbox 679 593 722 633; x_wconf 83' lang='lat' dir='ltr'><strong>sne</strong></span> <span class='ocrx_word' id='word_1_38' title='bbox 747 579 881 633; x_wconf 77' lang='lat' dir='ltr'><strong>actionem</strong></span> <span class='ocrx_word' id='word_1_39' title='bbox 901 578 1026 648; x_wconf 88' lang='lat' dir='ltr'><strong>haberet,</strong></span> <span class='ocrx_word' id='word_1_40' title='bbox 1051 594 1205 649; x_wconf 87' lang='lat' dir='ltr'><strong>perquam</strong></span> <span class='ocrx_word' id='word_1_41' title='bbox 1228 581 1257 634; x_wconf 92' lang='lat' dir='ltr'><strong>id</strong></span> <span class='ocrx_word' id='word_1_42' title='bbox 1280 580 1354 651; x_wconf 89' lang='lat' dir='ltr'><strong>quod</strong></span> <span class='ocrx_word' id='word_1_43' title='bbox 1375 581 1559 652; x_wconf 72' lang='lat' dir='ltr'><strong>praestitisset</strong></span> <span class='ocrx_word' id='word_1_44' title='bbox 1582 582 1714 650; x_wconf 86' lang='lat' dir='ltr'><strong>eonsequi</strong></span> 
     </span>
     <span class='ocr_line' id='line_1_5' title="bbox 277 666 1714 740; baseline 0.002 -19"><span class='ocrx_word' id='word_1_45' title='bbox 277 672 380 738; x_wconf 85' lang='lat' dir='ltr'><strong>posset.</strong></span> <span class='ocrx_word' id='word_1_46' title='bbox 410 667 459 722; x_wconf 88' lang='lat' dir='ltr'><strong>sed</strong></span> <span class='ocrx_word' id='word_1_47' title='bbox 477 674 505 722; x_wconf 92' lang='lat' dir='ltr'><strong>et</strong></span> <span class='ocrx_word' id='word_1_48' title='bbox 523 666 547 720; x_wconf 90' lang='lat' dir='ltr'><strong>si</strong></span> <span class='ocrx_word' id='word_1_49' title='bbox 565 681 627 721; x_wconf 89' lang='lat' dir='ltr'><strong>eum</strong></span> <span class='ocrx_word' id='word_1_50' title='bbox 645 666 719 722; x_wconf 91' lang='lat' dir='ltr'><strong>Titio</strong></span> <span class='ocrx_word' id='word_1_51' title='bbox 739 671 803 735; x_wconf 86' lang='lat' dir='ltr'><strong>post</strong></span> <span class='ocrx_word' id='word_1_52' title='bbox 826 683 927 721; x_wconf 90' lang='lat' dir='ltr'><strong>annum</strong></span> <span class='ocrx_word' id='word_1_53' title='bbox 951 684 1032 738; x_wconf 86' lang='lat' dir='ltr'><strong>quam</strong></span> <span class='ocrx_word' id='word_1_54' title='bbox 1057 669 1242 722; x_wconf 88' lang='lat' dir='ltr'><strong>uendidissem</strong></span> <span class='ocrx_word' id='word_1_55' title='bbox 1266 676 1405 740; x_wconf 78' lang='lat' dir='ltr'><strong>ageretur,</strong></span> <span class='ocrx_word' id='word_1_56' title='bbox 1427 670 1552 725; x_wconf 86' lang='lat' dir='ltr'><strong>similiter</strong></span> <span class='ocrx_word' id='word_1_57' title='bbox 1574 685 1629 726; x_wconf 93' lang='lat' dir='ltr'><strong>non</strong></span> <span class='ocrx_word' id='word_1_58' title='bbox 1652 683 1714 724; x_wconf 86' lang='lat' dir='ltr'><strong>esse</strong></span> 
     </span>
     <span class='ocr_line' id='line_1_6' title="bbox 278 754 1747 827; baseline -0.001 -16"><span class='ocrx_word' id='word_1_59' title='bbox 278 755 491 825; x_wconf 80' lang='lat' dir='ltr'><strong>computandum</strong></span> <span class='ocrx_word' id='word_1_60' title='bbox 509 755 646 825; x_wconf 79' lang='lat' dir='ltr'><strong>peculium</strong></span> <span class='ocrx_word' id='word_1_61' title='bbox 664 755 738 823; x_wconf 89' lang='lat' dir='ltr'><strong>quod</strong></span> <span class='ocrx_word' id='word_1_62' title='bbox 756 754 830 823; x_wconf 89' lang='lat' dir='ltr'><strong>apud</strong></span> <span class='ocrx_word' id='word_1_63' title='bbox 848 770 892 810; x_wconf 88' lang='lat' dir='ltr'><strong>me</strong></span> <span class='ocrx_word' id='word_1_64' title='bbox 911 760 965 825; x_wconf 91' lang='lat' dir='ltr'><strong>est,</strong></span> <span class='ocrx_word' id='word_1_65' title='bbox 990 756 1055 825; x_wconf 89' lang='lat' dir='ltr'><strong>quia</strong></span> <span class='ocrx_word' id='word_1_66' title='bbox 1077 757 1132 811; x_wconf 90' lang='lat' dir='ltr'><strong>iam</strong></span> <span class='ocrx_word' id='word_1_67' title='bbox 1155 771 1262 812; x_wconf 87' lang='lat' dir='ltr'><strong>meeum</strong></span> <span class='ocrx_word' id='word_1_68' title='bbox 1286 758 1331 827; x_wconf 89' lang='lat' dir='ltr'><strong>agi</strong></span> <span class='ocrx_word' id='word_1_69' title='bbox 1353 757 1388 812; x_wconf 92' lang='lat' dir='ltr'><strong>de</strong></span> <span class='ocrx_word' id='word_1_70' title='bbox 1411 757 1518 827; x_wconf 76' lang='lat' dir='ltr'><strong>peculio</strong></span> <span class='ocrx_word' id='word_1_71' title='bbox 1536 771 1591 813; x_wconf 92' lang='lat' dir='ltr'><strong>non</strong></span> <span class='ocrx_word' id='word_1_72' title='bbox 1609 763 1713 826; x_wconf 87' lang='lat' dir='ltr'><strong>posset</strong></span> <span class='ocrx_word' id='word_1_73' title='bbox 1733 769 1747 810; x_wconf 89' lang='lat' dir='ltr'><strong>s</strong></span> 
     </span>
     <span class='ocr_line' id='line_1_7' title="bbox 278 844 1714 917; baseline 0.001 -17"><span class='ocrx_word' id='word_1_74' title='bbox 278 845 321 900; x_wconf 90' lang='lat' dir='ltr'><strong>sin</strong></span> <span class='ocrx_word' id='word_1_75' title='bbox 339 849 431 900; x_wconf 89' lang='lat' dir='ltr'><strong>autem</strong></span> <span class='ocrx_word' id='word_1_76' title='bbox 449 844 522 898; x_wconf 88' lang='lat' dir='ltr'><strong>intra</strong></span> <span class='ocrx_word' id='word_1_77' title='bbox 538 859 639 898; x_wconf 88' lang='lat' dir='ltr'><strong>annum</strong></span> <span class='ocrx_word' id='word_1_78' title='bbox 657 847 792 912; x_wconf 79' lang='lat' dir='ltr'><strong>ageretur,</strong></span> <span class='ocrx_word' id='word_1_79' title='bbox 810 847 877 898; x_wconf 85' lang='lat' dir='ltr'><strong>tuno</strong></span> <span class='ocrx_word' id='word_1_80' title='bbox 895 859 1003 914; x_wconf 87' lang='lat' dir='ltr'><strong>quoque</strong></span> <span class='ocrx_word' id='word_1_81' title='bbox 1021 844 1174 900; x_wconf 87' lang='lat' dir='ltr'><strong>habendam</strong></span> <span class='ocrx_word' id='word_1_82' title='bbox 1192 844 1273 900; x_wconf 86' lang='lat' dir='ltr'><strong>huius</strong></span> <span class='ocrx_word' id='word_1_83' title='bbox 1291 847 1391 916; x_wconf 88' lang='lat' dir='ltr'><strong>peeulii</strong></span> <span class='ocrx_word' id='word_1_84' title='bbox 1408 846 1551 917; x_wconf 85' lang='lat' dir='ltr'><strong>rationem,</strong></span> <span class='ocrx_word' id='word_1_85' title='bbox 1568 853 1714 917; x_wconf 77' lang='lat' dir='ltr'><strong>postquam</strong></span> 
     </span>
     <span class='ocr_line' id='line_1_8' title="bbox 277 931 1715 1006; baseline 0.002 -20"><span class='ocrx_word' id='word_1_86' title='bbox 277 933 381 1002; x_wconf 87' lang='lat' dir='ltr'><strong>plaeuit</strong></span> <span class='ocrx_word' id='word_1_87' title='bbox 398 933 516 988; x_wconf 86' lang='lat' dir='ltr'><strong>alienato</strong></span> <span class='ocrx_word' id='word_1_88' title='bbox 534 931 643 986; x_wconf 88' lang='lat' dir='ltr'><strong>homine</strong></span> <span class='ocrx_word' id='word_1_89' title='bbox 660 932 871 1001; x_wconf 87' lang='lat' dir='ltr'><strong>permittendum</strong></span> <span class='ocrx_word' id='word_1_90' title='bbox 891 933 1017 989; x_wconf 80' lang='lat' dir='ltr'><strong>creditori</strong></span> <span class='ocrx_word' id='word_1_91' title='bbox 1040 939 1069 988; x_wconf 86' lang='lat' dir='ltr'><strong>et</strong></span> <span class='ocrx_word' id='word_1_92' title='bbox 1091 949 1153 988; x_wconf 90' lang='lat' dir='ltr'><strong>eum</strong></span> <span class='ocrx_word' id='word_1_93' title='bbox 1177 933 1320 989; x_wconf 89' lang='lat' dir='ltr'><strong>uenditore</strong></span> <span class='ocrx_word' id='word_1_94' title='bbox 1345 941 1373 991; x_wconf 91' lang='lat' dir='ltr'><strong>et</strong></span> <span class='ocrx_word' id='word_1_95' title='bbox 1395 951 1457 990; x_wconf 86' lang='lat' dir='ltr'><strong>eum</strong></span> <span class='ocrx_word' id='word_1_96' title='bbox 1482 941 1605 1006; x_wconf 77' lang='lat' dir='ltr'><strong>emptore</strong></span> <span class='ocrx_word' id='word_1_97' title='bbox 1622 951 1715 1005; x_wconf 83' lang='lat' dir='ltr'><strong>agere.</strong></span> 
     </span>
     <span class='ocr_line' id='line_1_9' title="bbox 246 1020 1716 1090; baseline 0.005 -18"><span class='ocrx_word' id='word_1_98' title='bbox 246 1020 308 1076; x_wconf 82' lang='lat' dir='ltr'><strong>sSi</strong></span> <span class='ocrx_word' id='word_1_99' title='bbox 326 1026 418 1076; x_wconf 85' lang='lat' dir='ltr'><strong>aetum</strong></span> <span class='ocrx_word' id='word_1_100' title='bbox 437 1021 474 1075; x_wconf 91' lang='lat' dir='ltr'><strong>sit</strong></span> <span class='ocrx_word' id='word_1_101' title='bbox 491 1021 526 1075; x_wconf 89' lang='lat' dir='ltr'><strong>de</strong></span> <span class='ocrx_word' id='word_1_102' title='bbox 544 1021 650 1090; x_wconf 82' lang='lat' dir='ltr'><strong>peculio</strong></span> <span class='ocrx_word' id='word_1_103' title='bbox 669 1035 731 1075; x_wconf 89' lang='lat' dir='ltr'><strong>oum</strong></span> <span class='ocrx_word' id='word_1_104' title='bbox 756 1035 789 1076; x_wconf 88' lang='lat' dir='ltr'><strong>eo</strong></span> <span class='ocrx_word' id='word_1_105' title='bbox 814 1021 860 1089; x_wconf 88' lang='lat' dir='ltr'><strong>qui</strong></span> <span class='ocrx_word' id='word_1_106' title='bbox 882 1021 1105 1077; x_wconf 79' lang='lat' dir='ltr'><strong>usumfructum</strong></span> <span class='ocrx_word' id='word_1_107' title='bbox 1128 1023 1157 1076; x_wconf 92' lang='lat' dir='ltr'><strong>in</strong></span> <span class='ocrx_word' id='word_1_108' title='bbox 1181 1037 1261 1077; x_wconf 88' lang='lat' dir='ltr'><strong>seruo</strong></span> <span class='ocrx_word' id='word_1_109' title='bbox 1284 1021 1369 1078; x_wconf 91' lang='lat' dir='ltr'><strong>habet</strong></span> <span class='ocrx_word' id='word_1_110' title='bbox 1390 1028 1419 1078; x_wconf 89' lang='lat' dir='ltr'><strong>et</strong></span> <span class='ocrx_word' id='word_1_111' title='bbox 1436 1024 1526 1079; x_wconf 87' lang='lat' dir='ltr'><strong>minus</strong></span> <span class='ocrx_word' id='word_1_112' title='bbox 1550 1031 1716 1080; x_wconf 88' lang='lat' dir='ltr'><strong>oonseentus</strong></span> 
     </span>
    </p>

    <p class='ocr_par' dir='ltr' id='par_1_3' title="bbox 277 1108 1816 1446">
     <span class='ocr_line' id='line_1_10' title="bbox 278 1108 1750 1182; baseline -0.001 -18"><span class='ocrx_word' id='word_1_113' title='bbox 278 1111 315 1164; x_wconf 92' lang='lat' dir='ltr'><strong>sit</strong></span> <span class='ocrx_word' id='word_1_114' title='bbox 332 1109 457 1179; x_wconf 84' lang='lat' dir='ltr'><strong>oreditor,</strong></span> <span class='ocrx_word' id='word_1_115' title='bbox 475 1123 530 1163; x_wconf 93' lang='lat' dir='ltr'><strong>non</strong></span> <span class='ocrx_word' id='word_1_116' title='bbox 549 1112 591 1162; x_wconf 90' lang='lat' dir='ltr'><strong>est</strong></span> <span class='ocrx_word' id='word_1_117' title='bbox 607 1108 739 1177; x_wconf 90' lang='lat' dir='ltr'><strong>iniquum,</strong></span> <span class='ocrx_word' id='word_1_118' title='bbox 758 1113 790 1162; x_wconf 89' lang='lat' dir='ltr'><strong>ut</strong></span> <span class='ocrx_word' id='word_1_119' title='bbox 807 1123 842 1163; x_wconf 83' lang='lat' dir='ltr'><strong>ex</strong></span> <span class='ocrx_word' id='word_1_120' title='bbox 860 1110 988 1164; x_wconf 89' lang='lat' dir='ltr'><strong>uniuerso</strong></span> <span class='ocrx_word' id='word_1_121' title='bbox 1006 1111 1067 1165; x_wconf 90' lang='lat' dir='ltr'><strong>eius</strong></span> <span class='ocrx_word' id='word_1_122' title='bbox 1083 1110 1200 1179; x_wconf 90' lang='lat' dir='ltr'><strong>peeulio,</strong></span> <span class='ocrx_word' id='word_1_123' title='bbox 1218 1111 1277 1166; x_wconf 89' lang='lat' dir='ltr'><strong>siue</strong></span> <span class='ocrx_word' id='word_1_124' title='bbox 1290 1110 1364 1181; x_wconf 86' lang='lat' dir='ltr'><strong>apud</strong></span> <span class='ocrx_word' id='word_1_125' title='bbox 1375 1109 1556 1168; x_wconf 77' lang='lat' dir='ltr'><strong>fructuarium</strong></span> <span class='ocrx_word' id='word_1_126' title='bbox 1569 1113 1629 1167; x_wconf 86' lang='lat' dir='ltr'><strong>sine</strong></span> <span class='ocrx_word' id='word_1_127' title='bbox 1641 1113 1716 1182; x_wconf 85' lang='lat' dir='ltr'><strong>apud</strong></span> <span class='ocrx_word' id='word_1_128' title='bbox 1736 1123 1750 1162; x_wconf 87' lang='lat' dir='ltr'><strong>s</strong></span> 
     </span>
     <span class='ocr_line' id='line_1_11' title="bbox 277 1197 1816 1269; baseline 0.001 -17"><span class='ocrx_word' id='word_1_129' title='bbox 277 1198 486 1267; x_wconf 85' lang='lat' dir='ltr'><strong>proprietarium</strong></span> <span class='ocrx_word' id='word_1_130' title='bbox 508 1197 573 1265; x_wconf 90' lang='lat' dir='ltr'><strong>erit,</strong></span> <span class='ocrx_word' id='word_1_131' title='bbox 597 1211 653 1250; x_wconf 91' lang='lat' dir='ltr'><strong>rem</strong></span> <span class='ocrx_word' id='word_1_132' title='bbox 678 1198 688 1266; x_wconf 85' lang='lat' dir='ltr'><strong>i</strong></span> <span class='ocrx_word' id='word_1_133' title='bbox 714 1203 906 1266; x_wconf 80' lang='lat' dir='ltr'><strong>consequatur.</strong></span> <span class='ocrx_word' id='word_1_134' title='bbox 940 1198 1006 1253; x_wconf 92' lang='lat' dir='ltr'><strong>nihil</strong></span> <span class='ocrx_word' id='word_1_135' title='bbox 1029 1200 1156 1269; x_wconf 89' lang='lat' dir='ltr'><strong>interest,</strong></span> <span class='ocrx_word' id='word_1_136' title='bbox 1184 1213 1281 1268; x_wconf 87' lang='lat' dir='ltr'><strong>operas</strong></span> <span class='ocrx_word' id='word_1_137' title='bbox 1305 1215 1369 1254; x_wconf 86' lang='lat' dir='ltr'><strong>suas</strong></span> <span class='ocrx_word' id='word_1_138' title='bbox 1392 1200 1554 1256; x_wconf 85' lang='lat' dir='ltr'><strong>eondnxerit</strong></span> <span class='ocrx_word' id='word_1_139' title='bbox 1577 1215 1676 1256; x_wconf 88' lang='lat' dir='ltr'><strong>seruus</strong></span> <span class='ocrx_word' id='word_1_140' title='bbox 1698 1218 1717 1257; x_wconf 81' lang='lat' dir='ltr'><strong>s</strong></span> <span class='ocrx_word' id='word_1_141' title='bbox 1734 1205 1816 1254; x_wconf 63' lang='lat' dir='ltr'><strong>lass</strong></span> 
     </span>
     <span class='ocr_line' id='line_1_12' title="bbox 278 1284 1716 1356; baseline 0.003 -16"><span class='ocrx_word' id='word_1_142' title='bbox 278 1284 425 1340; x_wconf 83' lang='lat' dir='ltr'><strong>hnetuario</strong></span> <span class='ocrx_word' id='word_1_143' title='bbox 450 1301 485 1340; x_wconf 89' lang='lat' dir='ltr'><strong>an</strong></span> <span class='ocrx_word' id='word_1_144' title='bbox 507 1285 651 1354; x_wconf 82' lang='lat' dir='ltr'><strong>pecuniam</strong></span> <span class='ocrx_word' id='word_1_145' title='bbox 676 1290 798 1339; x_wconf 87' lang='lat' dir='ltr'><strong>mutuam</strong></span> <span class='ocrx_word' id='word_1_146' title='bbox 821 1284 856 1340; x_wconf 87' lang='lat' dir='ltr'><strong>ab</strong></span> <span class='ocrx_word' id='word_1_147' title='bbox 875 1301 908 1341; x_wconf 88' lang='lat' dir='ltr'><strong>eo</strong></span> <span class='ocrx_word' id='word_1_148' title='bbox 926 1289 1064 1356; x_wconf 81' lang='lat' dir='ltr'><strong>acceperit</strong></span> <span class='ocrx_word' id='word_1_149' title='bbox 1072 1291 1089 1342; x_wconf 85' lang='lat'><strong>¹.</strong></span> <span class='ocrx_word' id='word_1_150' title='bbox 1115 1287 1174 1341; x_wconf 88' lang='lat' dir='ltr'><strong>dari</strong></span> <span class='ocrx_word' id='word_1_151' title='bbox 1191 1287 1284 1356; x_wconf 85' lang='lat' dir='ltr'><strong>itaque</strong></span> <span class='ocrx_word' id='word_1_152' title='bbox 1303 1287 1416 1344; x_wconf 88' lang='lat' dir='ltr'><strong>debebit</strong></span> <span class='ocrx_word' id='word_1_153' title='bbox 1435 1289 1507 1344; x_wconf 84' lang='lat' dir='ltr'><strong>aetio</strong></span> <span class='ocrx_word' id='word_1_154' title='bbox 1531 1289 1558 1343; x_wconf 90' lang='lat' dir='ltr'><strong>ei</strong></span> <span class='ocrx_word' id='word_1_155' title='bbox 1581 1289 1716 1346; x_wconf 70' lang='lat' dir='ltr'><strong>adrem</strong></span> 
     </span>
     <span class='ocr_line' id='line_1_13' title="bbox 278 1371 1661 1446; baseline 0.002 -17"><span class='ocrx_word' id='word_1_156' title='bbox 278 1374 418 1429; x_wconf 92' lang='lat' dir='ltr'><strong>dominum</strong></span> <span class='ocrx_word' id='word_1_157' title='bbox 436 1373 609 1444; x_wconf 89' lang='lat' dir='ltr'><strong>proprietatis</strong></span> <span class='ocrx_word' id='word_1_158' title='bbox 628 1371 747 1428; x_wconf 79' lang='lat' dir='ltr'><strong>deducto</strong></span> <span class='ocrx_word' id='word_1_159' title='bbox 766 1389 808 1442; x_wconf 90' lang='lat' dir='ltr'><strong>eo,</strong></span> <span class='ocrx_word' id='word_1_160' title='bbox 827 1375 901 1443; x_wconf 90' lang='lat' dir='ltr'><strong>quod</strong></span> <span class='ocrx_word' id='word_1_161' title='bbox 919 1391 1016 1431; x_wconf 89' lang='lat' dir='ltr'><strong>seruus</strong></span> <span class='ocrx_word' id='word_1_162' title='bbox 1034 1376 1134 1446; x_wconf 90' lang='lat' dir='ltr'><strong>peenlii</strong></span> <span class='ocrx_word' id='word_1_163' title='bbox 1152 1376 1262 1431; x_wconf 90' lang='lat' dir='ltr'><strong>nomine</strong></span> <span class='ocrx_word' id='word_1_164' title='bbox 1280 1376 1354 1446; x_wconf 90' lang='lat' dir='ltr'><strong>apud</strong></span> <span class='ocrx_word' id='word_1_165' title='bbox 1372 1375 1549 1432; x_wconf 75' lang='lat' dir='ltr'><strong>huemarium</strong></span> <span class='ocrx_word' id='word_1_166' title='bbox 1568 1377 1661 1433; x_wconf 83' lang='lat' dir='ltr'><strong>habet</strong></span> 
     </span>
    </p>

    <p class='ocr_par' dir='ltr' id='par_1_4' title="bbox 222 1461 1765 1889">
     <span class='ocr_line' id='line_1_14' title="bbox 222 1461 1758 1550; baseline 0.005 -31"><span class='ocrx_word' id='word_1_167' title='bbox 222 1461 259 1520; x_wconf 84' lang='grc'><strong>38</strong></span> <span class='ocrx_word' id='word_1_168' title='bbox 331 1462 503 1518; x_wconf 76' lang='lat' dir='ltr'><strong>Armosuus</strong></span> <span class='ocrx_word' id='word_1_169' title='bbox 520 1461 589 1516; x_wconf 90' lang='lat' dir='ltr'><strong>libro</strong></span> <span class='ocrx_word' id='word_1_170' title='bbox 608 1464 707 1516; x_wconf 88' lang='lat' dir='ltr'><strong>oetauo</strong></span> <span class='ocrx_word' id='word_1_171' title='bbox 725 1463 925 1531; x_wconf 89' lang='lat' dir='ltr'><strong>quaestionum.</strong></span> <span class='ocrx_word' id='word_1_172' title='bbox 961 1465 1085 1534; x_wconf 77' lang='lat' dir='ltr'><strong>Deposui</strong></span> <span class='ocrx_word' id='word_1_173' title='bbox 1107 1465 1181 1534; x_wconf 88' lang='lat' dir='ltr'><strong>apud</strong></span> <span class='ocrx_word' id='word_1_174' title='bbox 1204 1463 1289 1519; x_wconf 86' lang='lat' dir='ltr'><strong>lilium</strong></span> <span class='ocrx_word' id='word_1_175' title='bbox 1307 1463 1424 1520; x_wconf 77' lang='lat' dir='ltr'><strong>familias</strong></span> <span class='ocrx_word' id='word_1_176' title='bbox 1442 1465 1538 1522; x_wconf 88' lang='lat' dir='ltr'><strong>deeem</strong></span> <span class='ocrx_word' id='word_1_177' title='bbox 1557 1462 1758 1550; x_wconf 46' lang='grc' dir='ltr'><strong>ωδ</strong></span> 
     </span>
     <span class='ocr_line' id='line_1_15' title="bbox 279 1549 1716 1626; baseline 0.003 -20"><span class='ocrx_word' id='word_1_178' title='bbox 279 1555 307 1606; x_wconf 91' lang='lat' dir='ltr'><strong>et</strong></span> <span class='ocrx_word' id='word_1_179' title='bbox 324 1566 378 1621; x_wconf 86' lang='lat' dir='ltr'><strong>ago</strong></span> <span class='ocrx_word' id='word_1_180' title='bbox 396 1551 513 1620; x_wconf 81' lang='lat' dir='ltr'><strong>depositi</strong></span> <span class='ocrx_word' id='word_1_181' title='bbox 532 1549 566 1603; x_wconf 91' lang='lat' dir='ltr'><strong>de</strong></span> <span class='ocrx_word' id='word_1_182' title='bbox 583 1551 700 1618; x_wconf 89' lang='lat' dir='ltr'><strong>peeulio.</strong></span> <span class='ocrx_word' id='word_1_183' title='bbox 727 1552 853 1619; x_wconf 82' lang='lat' dir='ltr'><strong>quamuis</strong></span> <span class='ocrx_word' id='word_1_184' title='bbox 871 1552 937 1606; x_wconf 91' lang='lat' dir='ltr'><strong>nihil</strong></span> <span class='ocrx_word' id='word_1_185' title='bbox 955 1554 1027 1622; x_wconf 90' lang='lat' dir='ltr'><strong>patri</strong></span> <span class='ocrx_word' id='word_1_186' title='bbox 1044 1552 1116 1608; x_wconf 85' lang='lat' dir='ltr'><strong>iilius</strong></span> <span class='ocrx_word' id='word_1_187' title='bbox 1134 1553 1235 1608; x_wconf 89' lang='lat' dir='ltr'><strong>debeat</strong></span> <span class='ocrx_word' id='word_1_188' title='bbox 1252 1557 1282 1609; x_wconf 90' lang='lat' dir='ltr'><strong>et</strong></span> <span class='ocrx_word' id='word_1_189' title='bbox 1299 1553 1367 1608; x_wconf 86' lang='lat' dir='ltr'><strong>haee</strong></span> <span class='ocrx_word' id='word_1_190' title='bbox 1385 1553 1480 1610; x_wconf 89' lang='lat' dir='ltr'><strong>deoem</strong></span> <span class='ocrx_word' id='word_1_191' title='bbox 1497 1559 1605 1626; x_wconf 83' lang='lat' dir='ltr'><strong>teneat,</strong></span> <span class='ocrx_word' id='word_1_192' title='bbox 1630 1556 1716 1612; x_wconf 90' lang='lat' dir='ltr'><strong>nihilo</strong></span> 
     </span>
     <span class='ocr_line' id='line_1_16' title="bbox 278 1638 1765 1719; baseline 0.003 -23"><span class='ocrx_word' id='word_1_193' title='bbox 278 1641 366 1708; x_wconf 85' lang='lat' dir='ltr'><strong>magis</strong></span> <span class='ocrx_word' id='word_1_194' title='bbox 383 1645 476 1694; x_wconf 88' lang='lat' dir='ltr'><strong>tamen</strong></span> <span class='ocrx_word' id='word_1_195' title='bbox 493 1641 598 1708; x_wconf 88' lang='lat' dir='ltr'><strong>patrem</strong></span> <span class='ocrx_word' id='word_1_196' title='bbox 617 1638 803 1695; x_wconf 87' lang='lat' dir='ltr'><strong>damnandum</strong></span> <span class='ocrx_word' id='word_1_197' title='bbox 821 1641 996 1711; x_wconf 82' lang='lat' dir='ltr'><strong>existimauit,</strong></span> <span class='ocrx_word' id='word_1_198' title='bbox 1015 1642 1038 1696; x_wconf 92' lang='lat' dir='ltr'><strong>si</strong></span> <span class='ocrx_word' id='word_1_199' title='bbox 1057 1642 1159 1696; x_wconf 89' lang='lat' dir='ltr'><strong>nullum</strong></span> <span class='ocrx_word' id='word_1_200' title='bbox 1177 1646 1319 1711; x_wconf 85' lang='lat' dir='ltr'><strong>praeterea</strong></span> <span class='ocrx_word' id='word_1_201' title='bbox 1333 1643 1471 1712; x_wconf 83' lang='lat' dir='ltr'><strong>peculium</strong></span> <span class='ocrx_word' id='word_1_202' title='bbox 1483 1644 1533 1698; x_wconf 87' lang='lat' dir='ltr'><strong>sit:</strong></span> <span class='ocrx_word' id='word_1_203' title='bbox 1551 1643 1624 1700; x_wconf 85' lang='lat' dir='ltr'><strong>hano</strong></span> <span class='ocrx_word' id='word_1_204' title='bbox 1641 1646 1715 1719; x_wconf 89' lang='lat' dir='ltr'><strong>enim</strong></span> <span class='ocrx_word' id='word_1_205' title='bbox 1735 1653 1765 1695; x_wconf 75' lang='lat'><strong>1⁶</strong></span> 
     </span>
     <span class='ocr_line' id='line_1_17' title="bbox 276 1728 1716 1802; baseline 0.005 -21"><span class='ocrx_word' id='word_1_206' title='bbox 276 1728 435 1799; x_wconf 83' lang='lat' dir='ltr'><strong>pecuniam,</strong></span> <span class='ocrx_word' id='word_1_207' title='bbox 459 1742 521 1782; x_wconf 89' lang='lat' dir='ltr'><strong>eum</strong></span> <span class='ocrx_word' id='word_1_208' title='bbox 545 1743 607 1782; x_wconf 92' lang='lat' dir='ltr'><strong>mea</strong></span> <span class='ocrx_word' id='word_1_209' title='bbox 631 1733 752 1798; x_wconf 82' lang='lat' dir='ltr'><strong>maneat,</strong></span> <span class='ocrx_word' id='word_1_210' title='bbox 776 1744 830 1783; x_wconf 91' lang='lat' dir='ltr'><strong>non</strong></span> <span class='ocrx_word' id='word_1_211' title='bbox 853 1745 915 1784; x_wconf 89' lang='lat' dir='ltr'><strong>esse</strong></span> <span class='ocrx_word' id='word_1_212' title='bbox 938 1730 1046 1800; x_wconf 84' lang='lat' dir='ltr'><strong>peculii.</strong></span> <span class='ocrx_word' id='word_1_213' title='bbox 1074 1729 1191 1800; x_wconf 90' lang='lat' dir='ltr'><strong>denique</strong></span> <span class='ocrx_word' id='word_1_214' title='bbox 1214 1729 1336 1800; x_wconf 89' lang='lat' dir='ltr'><strong>quolibet</strong></span> <span class='ocrx_word' id='word_1_215' title='bbox 1358 1731 1411 1787; x_wconf 80' lang='lat' dir='ltr'><strong>alio</strong></span> <span class='ocrx_word' id='word_1_216' title='bbox 1435 1736 1535 1801; x_wconf 85' lang='lat' dir='ltr'><strong>agente</strong></span> <span class='ocrx_word' id='word_1_217' title='bbox 1554 1730 1589 1787; x_wconf 89' lang='lat' dir='ltr'><strong>de</strong></span> <span class='ocrx_word' id='word_1_218' title='bbox 1606 1733 1716 1802; x_wconf 78' lang='lat' dir='ltr'><strong>peculio</strong></span> 
     </span>
     <span class='ocr_line' id='line_1_18' title="bbox 277 1811 1716 1889; baseline 0.004 -19"><span class='ocrx_word' id='word_1_219' title='bbox 277 1815 388 1870; x_wconf 90' lang='lat' dir='ltr'><strong>minime</strong></span> <span class='ocrx_word' id='word_1_220' title='bbox 403 1811 586 1870; x_wconf 75' lang='lat' dir='ltr'><strong>&#39;dubitandum</strong></span> <span class='ocrx_word' id='word_1_221' title='bbox 609 1816 648 1870; x_wconf 87' lang='lat' dir='ltr'><strong>ait</strong></span> <span class='ocrx_word' id='word_1_222' title='bbox 670 1817 821 1884; x_wconf 78' lang='lat' dir='ltr'><strong>computari</strong></span> <span class='ocrx_word' id='word_1_223' title='bbox 844 1833 899 1872; x_wconf 91' lang='lat' dir='ltr'><strong>non</strong></span> <span class='ocrx_word' id='word_1_224' title='bbox 924 1821 1059 1886; x_wconf 88' lang='lat' dir='ltr'><strong>oportere.</strong></span> <span class='ocrx_word' id='word_1_225' title='bbox 1090 1819 1182 1888; x_wconf 85' lang='lat' dir='ltr'><strong>itaque</strong></span> <span class='ocrx_word' id='word_1_226' title='bbox 1201 1818 1237 1873; x_wconf 93' lang='lat' dir='ltr'><strong>ad</strong></span> <span class='ocrx_word' id='word_1_227' title='bbox 1255 1818 1439 1874; x_wconf 85' lang='lat' dir='ltr'><strong>exhibendum</strong></span> <span class='ocrx_word' id='word_1_228' title='bbox 1457 1835 1540 1889; x_wconf 85' lang='lat' dir='ltr'><strong>agere</strong></span> <span class='ocrx_word' id='word_1_229' title='bbox 1558 1835 1603 1876; x_wconf 89' lang='lat' dir='ltr'><strong>me</strong></span> <span class='ocrx_word' id='word_1_230' title='bbox 1622 1826 1651 1876; x_wconf 91' lang='lat' dir='ltr'><strong>et</strong></span> <span class='ocrx_word' id='word_1_231' title='bbox 1668 1837 1716 1876; x_wconf 87' lang='lat' dir='ltr'><strong>ex·</strong></span> 
     </span>
    </p>

    <p class='ocr_par' dir='ltr' id='par_1_5' title="bbox 246 1903 1765 2244">
     <span class='ocr_line' id='line_1_19' title="bbox 246 1903 1716 1978; baseline 0.007 -25"><span class='ocrx_word' id='word_1_232' title='bbox 246 1910 257 1953; x_wconf 94' lang='lat'>1</span> <span class='ocrx_word' id='word_1_233' title='bbox 277 1903 390 1959; x_wconf 82' lang='lat' dir='ltr'><strong>bibitam</strong></span> <span class='ocrx_word' id='word_1_234' title='bbox 409 1903 549 1958; x_wconf 84' lang='lat' dir='ltr'><strong>uindicare</strong></span> <span class='ocrx_word' id='word_1_235' title='bbox 568 1903 676 1958; x_wconf 77' lang='lat' dir='ltr'><strong>debere,</strong></span> <span class='ocrx_word' id='word_1_236' title='bbox 705 1903 734 1958; x_wconf 88' lang='lat' dir='ltr'><strong>Si</strong></span> <span class='ocrx_word' id='word_1_237' title='bbox 752 1911 871 1974; x_wconf 85' lang='lat' dir='ltr'><strong>nuptura</strong></span> <span class='ocrx_word' id='word_1_238' title='bbox 888 1904 943 1960; x_wconf 87' lang='lat' dir='ltr'><strong>filio</strong></span> <span class='ocrx_word' id='word_1_239' title='bbox 961 1905 1078 1961; x_wconf 83' lang='lat' dir='ltr'><strong>familias</strong></span> <span class='ocrx_word' id='word_1_240' title='bbox 1102 1906 1175 1961; x_wconf 88' lang='lat' dir='ltr'><strong>dotis</strong></span> <span class='ocrx_word' id='word_1_241' title='bbox 1198 1907 1307 1962; x_wconf 92' lang='lat' dir='ltr'><strong>nomine</strong></span> <span class='ocrx_word' id='word_1_242' title='bbox 1332 1913 1435 1963; x_wconf 86' lang='lat' dir='ltr'><strong>eertam</strong></span> <span class='ocrx_word' id='word_1_243' title='bbox 1452 1909 1597 1977; x_wconf 85' lang='lat' dir='ltr'><strong>peonniam</strong></span> <span class='ocrx_word' id='word_1_244' title='bbox 1616 1911 1716 1978; x_wconf 88' lang='lat' dir='ltr'><strong>premi-</strong></span> 
     </span>
     <span class='ocr_line' id='line_1_20' title="bbox 278 1991 1716 2067; baseline 0.003 -19"><span class='ocrx_word' id='word_1_245' title='bbox 278 1993 345 2048; x_wconf 85' lang='lat' dir='ltr'><strong>serit</strong></span> <span class='ocrx_word' id='word_1_246' title='bbox 362 1997 391 2046; x_wconf 90' lang='lat' dir='ltr'><strong>et</strong></span> <span class='ocrx_word' id='word_1_247' title='bbox 408 1991 526 2048; x_wconf 90' lang='lat' dir='ltr'><strong>diuortio</strong></span> <span class='ocrx_word' id='word_1_248' title='bbox 544 1991 617 2047; x_wconf 84' lang='lat' dir='ltr'><strong>sueto</strong></span> <span class='ocrx_word' id='word_1_249' title='bbox 636 1997 702 2061; x_wconf 87' lang='lat' dir='ltr'><strong>agat</strong></span> <span class='ocrx_word' id='word_1_250' title='bbox 719 1992 754 2046; x_wconf 90' lang='lat' dir='ltr'><strong>de</strong></span> <span class='ocrx_word' id='word_1_251' title='bbox 772 1993 837 2048; x_wconf 89' lang='lat' dir='ltr'><strong>dote</strong></span> <span class='ocrx_word' id='word_1_252' title='bbox 856 2009 917 2048; x_wconf 85' lang='lat' dir='ltr'><strong>oum</strong></span> <span class='ocrx_word' id='word_1_253' title='bbox 935 1999 1028 2064; x_wconf 85' lang='lat' dir='ltr'><strong>patre,</strong></span> <span class='ocrx_word' id='word_1_254' title='bbox 1052 2000 1178 2051; x_wconf 88' lang='lat' dir='ltr'><strong>utrumne</strong></span> <span class='ocrx_word' id='word_1_255' title='bbox 1197 1998 1256 2050; x_wconf 89' lang='lat' dir='ltr'><strong>tota</strong></span> <span class='ocrx_word' id='word_1_256' title='bbox 1280 1996 1460 2066; x_wconf 89' lang='lat' dir='ltr'><strong>promissione</strong></span> <span class='ocrx_word' id='word_1_257' title='bbox 1479 2013 1514 2052; x_wconf 87' lang='lat' dir='ltr'><strong>an</strong></span> <span class='ocrx_word' id='word_1_258' title='bbox 1533 1997 1654 2052; x_wconf 75' lang='lat' dir='ltr'><strong>detineto</strong></span> <span class='ocrx_word' id='word_1_259' title='bbox 1672 2012 1716 2067; x_wconf 86' lang='lat' dir='ltr'><strong>eo,</strong></span> 
     </span>
     <span class='ocr_line' id='line_1_21' title="bbox 278 2077 1765 2153; baseline 0.001 -17"><span class='ocrx_word' id='word_1_260' title='bbox 278 2080 352 2151; x_wconf 90' lang='lat' dir='ltr'><strong>quod</strong></span> <span class='ocrx_word' id='word_1_261' title='bbox 369 2080 442 2150; x_wconf 85' lang='lat' dir='ltr'><strong>patri</strong></span> <span class='ocrx_word' id='word_1_262' title='bbox 457 2077 530 2134; x_wconf 89' lang='lat' dir='ltr'><strong>iilius</strong></span> <span class='ocrx_word' id='word_1_263' title='bbox 549 2079 657 2150; x_wconf 88' lang='lat' dir='ltr'><strong>debeat,</strong></span> <span class='ocrx_word' id='word_1_264' title='bbox 675 2079 784 2136; x_wconf 88' lang='lat' dir='ltr'><strong>liberari</strong></span> <span class='ocrx_word' id='word_1_265' title='bbox 796 2096 857 2136; x_wconf 86' lang='lat' dir='ltr'><strong>eam</strong></span> <span class='ocrx_word' id='word_1_266' title='bbox 870 2082 1028 2152; x_wconf 85' lang='lat' dir='ltr'><strong>oporteret?</strong></span> <span class='ocrx_word' id='word_1_267' title='bbox 1054 2083 1195 2152; x_wconf 90' lang='lat' dir='ltr'><strong>respondit</strong></span> <span class='ocrx_word' id='word_1_268' title='bbox 1207 2087 1267 2138; x_wconf 85' lang='lat' dir='ltr'><strong>tota</strong></span> <span class='ocrx_word' id='word_1_269' title='bbox 1279 2084 1459 2153; x_wconf 89' lang='lat' dir='ltr'><strong>promissione</strong></span> <span class='ocrx_word' id='word_1_270' title='bbox 1472 2100 1532 2140; x_wconf 87' lang='lat' dir='ltr'><strong>eam</strong></span> <span class='ocrx_word' id='word_1_271' title='bbox 1544 2085 1716 2141; x_wconf 79' lang='lat' dir='ltr'><strong>liberandam</strong></span> <span class='ocrx_word' id='word_1_272' title='bbox 1735 2097 1765 2137; x_wconf 87' lang='lat' dir='ltr'><strong>ss</strong></span> 
     </span>
     <span class='ocr_line' id='line_1_22' title="bbox 279 2168 1715 2244; baseline 0.003 -19"><span class='ocrx_word' id='word_1_273' title='bbox 279 2184 349 2239; x_wconf 90' lang='lat' dir='ltr'><strong>esse,</strong></span> <span class='ocrx_word' id='word_1_274' title='bbox 366 2184 428 2224; x_wconf 86' lang='lat' dir='ltr'><strong>enm</strong></span> <span class='ocrx_word' id='word_1_275' title='bbox 447 2173 521 2223; x_wconf 87' lang='lat' dir='ltr'><strong>eerte</strong></span> <span class='ocrx_word' id='word_1_276' title='bbox 540 2171 569 2222; x_wconf 90' lang='lat' dir='ltr'><strong>et</strong></span> <span class='ocrx_word' id='word_1_277' title='bbox 585 2168 609 2223; x_wconf 87' lang='lat' dir='ltr'><strong>si</strong></span> <span class='ocrx_word' id='word_1_278' title='bbox 628 2183 663 2223; x_wconf 82' lang='lat' dir='ltr'><strong>er</strong></span> <span class='ocrx_word' id='word_1_279' title='bbox 680 2169 859 2238; x_wconf 90' lang='lat' dir='ltr'><strong>promissione</strong></span> <span class='ocrx_word' id='word_1_280' title='bbox 877 2185 939 2225; x_wconf 90' lang='lat' dir='ltr'><strong>eum</strong></span> <span class='ocrx_word' id='word_1_281' title='bbox 958 2186 992 2226; x_wconf 84' lang='lat' dir='ltr'><strong>es</strong></span> <span class='ocrx_word' id='word_1_282' title='bbox 1010 2175 1146 2242; x_wconf 78' lang='lat' dir='ltr'><strong>ageretur,</strong></span> <span class='ocrx_word' id='word_1_283' title='bbox 1165 2173 1325 2242; x_wconf 77' lang='lat' dir='ltr'><strong>exceptione</strong></span> <span class='ocrx_word' id='word_1_284' title='bbox 1338 2171 1394 2228; x_wconf 90' lang='lat' dir='ltr'><strong>doli</strong></span> <span class='ocrx_word' id='word_1_285' title='bbox 1405 2173 1470 2228; x_wconf 83' lang='lat' dir='ltr'><strong>mali</strong></span> <span class='ocrx_word' id='word_1_286' title='bbox 1482 2174 1553 2228; x_wconf 87' lang='lat' dir='ltr'><strong>tueri</strong></span> <span class='ocrx_word' id='word_1_287' title='bbox 1565 2189 1596 2228; x_wconf 90' lang='lat' dir='ltr'><strong>se</strong></span> <span class='ocrx_word' id='word_1_288' title='bbox 1610 2179 1715 2244; x_wconf 80' lang='lat' dir='ltr'><strong>posset</strong></span> 
     </span>
    </p>

    <p class='ocr_par' dir='ltr' id='par_1_6' title="bbox 158 2255 1765 2950">
     <span class='ocr_line' id='line_1_23' title="bbox 158 2255 1715 2332; baseline 0.007 -24"><span class='ocrx_word' id='word_1_289' title='bbox 158 2301 161 2308; x_wconf 94' lang='grc'><em>,</em></span> <span class='ocrx_word' id='word_1_290' title='bbox 245 2262 261 2307; x_wconf 73' lang='lat' dir='ltr'><strong>s</strong></span> <span class='ocrx_word' id='word_1_291' title='bbox 279 2256 389 2313; x_wconf 85' lang='lat' dir='ltr'><strong>Stiehus</strong></span> <span class='ocrx_word' id='word_1_292' title='bbox 406 2255 490 2311; x_wconf 86' lang='lat' dir='ltr'><strong>habet</strong></span> <span class='ocrx_word' id='word_1_293' title='bbox 505 2257 534 2311; x_wconf 94' lang='lat' dir='ltr'><strong>in</strong></span> <span class='ocrx_word' id='word_1_294' title='bbox 550 2256 659 2326; x_wconf 78' lang='lat' dir='ltr'><strong>peculio</strong></span> <span class='ocrx_word' id='word_1_295' title='bbox 670 2255 841 2326; x_wconf 85' lang='lat' dir='ltr'><strong>Pamphilum</strong></span> <span class='ocrx_word' id='word_1_296' title='bbox 859 2259 906 2328; x_wconf 87' lang='lat' dir='ltr'><strong>qui</strong></span> <span class='ocrx_word' id='word_1_297' title='bbox 925 2264 968 2314; x_wconf 89' lang='lat' dir='ltr'><strong>est</strong></span> <span class='ocrx_word' id='word_1_298' title='bbox 985 2259 1089 2329; x_wconf 89' lang='lat' dir='ltr'><strong>deeem,</strong></span> <span class='ocrx_word' id='word_1_299' title='bbox 1108 2259 1181 2314; x_wconf 94' lang='lat' dir='ltr'><strong>idem</strong></span> <span class='ocrx_word' id='word_1_300' title='bbox 1193 2260 1351 2330; x_wconf 82' lang='lat' dir='ltr'><strong>Pamphilus</strong></span> <span class='ocrx_word' id='word_1_301' title='bbox 1367 2261 1450 2317; x_wconf 87' lang='lat' dir='ltr'><strong>debet</strong></span> <span class='ocrx_word' id='word_1_302' title='bbox 1462 2262 1572 2318; x_wconf 90' lang='lat' dir='ltr'><strong>domino</strong></span> <span class='ocrx_word' id='word_1_303' title='bbox 1584 2263 1715 2332; x_wconf 86' lang='lat' dir='ltr'><strong>quinque.</strong></span> 
     </span>
     <span class='ocr_line' id='line_1_24' title="bbox 278 2343 1716 2421; baseline 0.003 -19"><span class='ocrx_word' id='word_1_304' title='bbox 278 2347 303 2402; x_wconf 91' lang='lat' dir='ltr'><strong>si</strong></span> <span class='ocrx_word' id='word_1_305' title='bbox 320 2349 419 2416; x_wconf 87' lang='lat' dir='ltr'><strong>agatur</strong></span> <span class='ocrx_word' id='word_1_306' title='bbox 436 2344 472 2399; x_wconf 87' lang='lat' dir='ltr'><strong>de</strong></span> <span class='ocrx_word' id='word_1_307' title='bbox 488 2345 595 2414; x_wconf 89' lang='lat' dir='ltr'><strong>peenlio</strong></span> <span class='ocrx_word' id='word_1_308' title='bbox 614 2343 700 2400; x_wconf 86' lang='lat' dir='ltr'><strong>Stiehi</strong></span> <span class='ocrx_word' id='word_1_309' title='bbox 718 2347 835 2416; x_wconf 90' lang='lat' dir='ltr'><strong>nomine,</strong></span> <span class='ocrx_word' id='word_1_310' title='bbox 852 2347 980 2417; x_wconf 85' lang='lat' dir='ltr'><strong>plueebat</strong></span> <span class='ocrx_word' id='word_1_311' title='bbox 996 2348 1136 2403; x_wconf 89' lang='lat' dir='ltr'><strong>aestimari</strong></span> <span class='ocrx_word' id='word_1_312' title='bbox 1153 2347 1253 2403; x_wconf 89' lang='lat' dir='ltr'><strong>debere</strong></span> <span class='ocrx_word' id='word_1_313' title='bbox 1270 2349 1388 2418; x_wconf 88' lang='lat' dir='ltr'><strong>pretium</strong></span> <span class='ocrx_word' id='word_1_314' title='bbox 1404 2349 1538 2419; x_wconf 86' lang='lat' dir='ltr'><strong>Pamphili</strong></span> <span class='ocrx_word' id='word_1_315' title='bbox 1556 2355 1585 2405; x_wconf 83' lang='lat' dir='ltr'><strong>et</strong></span> <span class='ocrx_word' id='word_1_316' title='bbox 1603 2350 1716 2421; x_wconf 86' lang='lat' dir='ltr'><strong>quidem</strong></span> 
     </span>
     <span class='ocr_line' id='line_1_25' title="bbox 278 2432 1715 2509; baseline 0.003 -19"><span class='ocrx_word' id='word_1_317' title='bbox 278 2438 368 2490; x_wconf 87' lang='lat' dir='ltr'><strong>totum</strong></span> <span class='ocrx_word' id='word_1_318' title='bbox 386 2448 440 2490; x_wconf 89' lang='lat' dir='ltr'><strong>non</strong></span> <span class='ocrx_word' id='word_1_319' title='bbox 458 2433 577 2488; x_wconf 87' lang='lat' dir='ltr'><strong>dedueto</strong></span> <span class='ocrx_word' id='word_1_320' title='bbox 595 2448 637 2502; x_wconf 90' lang='lat' dir='ltr'><strong>eo,</strong></span> <span class='ocrx_word' id='word_1_321' title='bbox 655 2432 730 2502; x_wconf 91' lang='lat' dir='ltr'><strong>quod</strong></span> <span class='ocrx_word' id='word_1_322' title='bbox 747 2434 857 2490; x_wconf 89' lang='lat' dir='ltr'><strong>domino</strong></span> <span class='ocrx_word' id='word_1_323' title='bbox 869 2436 1026 2506; x_wconf 86' lang='lat' dir='ltr'><strong>Pamphilus</strong></span> <span class='ocrx_word' id='word_1_324' title='bbox 1044 2436 1139 2492; x_wconf 89' lang='lat' dir='ltr'><strong>debet:</strong></span> <span class='ocrx_word' id='word_1_325' title='bbox 1158 2437 1294 2492; x_wconf 89' lang='lat' dir='ltr'><strong>neminem</strong></span> <span class='ocrx_word' id='word_1_326' title='bbox 1312 2438 1384 2493; x_wconf 90' lang='lat' dir='ltr'><strong>enim</strong></span> <span class='ocrx_word' id='word_1_327' title='bbox 1396 2453 1478 2508; x_wconf 88' lang='lat' dir='ltr'><strong>posse</strong></span> <span class='ocrx_word' id='word_1_328' title='bbox 1489 2439 1612 2508; x_wconf 87' lang='lat' dir='ltr'><strong>intellegi</strong></span> <span class='ocrx_word' id='word_1_329' title='bbox 1623 2440 1715 2509; x_wconf 86' lang='lat' dir='ltr'><strong>ipsum</strong></span> 
     </span>
     <span class='ocr_line' id='line_1_26' title="bbox 279 2521 1765 2597; baseline -0.001 -18"><span class='ocrx_word' id='word_1_330' title='bbox 279 2525 307 2580; x_wconf 91' lang='lat' dir='ltr'><strong>in</strong></span> <span class='ocrx_word' id='word_1_331' title='bbox 324 2537 376 2578; x_wconf 88' lang='lat' dir='ltr'><strong>suo</strong></span> <span class='ocrx_word' id='word_1_332' title='bbox 393 2521 501 2593; x_wconf 74' lang='lat' dir='ltr'><strong>peculio</strong></span> <span class='ocrx_word' id='word_1_333' title='bbox 518 2536 596 2576; x_wconf 87' lang='lat' dir='ltr'><strong>esse:</strong></span> <span class='ocrx_word' id='word_1_334' title='bbox 621 2521 674 2577; x_wconf 89' lang='lat' dir='ltr'><strong>hoo</strong></span> <span class='ocrx_word' id='word_1_335' title='bbox 691 2536 758 2592; x_wconf 84' lang='lat' dir='ltr'><strong>ergo</strong></span> <span class='ocrx_word' id='word_1_336' title='bbox 776 2538 843 2578; x_wconf 71' lang='lat' dir='ltr'><strong>omn</strong></span> <span class='ocrx_word' id='word_1_337' title='bbox 861 2524 991 2580; x_wconf 79' lang='lat' dir='ltr'><strong>damnum</strong></span> <span class='ocrx_word' id='word_1_338' title='bbox 1010 2525 1148 2580; x_wconf 91' lang='lat' dir='ltr'><strong>dominum</strong></span> <span class='ocrx_word' id='word_1_339' title='bbox 1167 2541 1321 2595; x_wconf 87' lang='lat' dir='ltr'><strong>passurum,</strong></span> <span class='ocrx_word' id='word_1_340' title='bbox 1340 2530 1371 2581; x_wconf 93' lang='lat' dir='ltr'><strong>ut</strong></span> <span class='ocrx_word' id='word_1_341' title='bbox 1387 2532 1542 2597; x_wconf 87' lang='lat' dir='ltr'><strong>pateretur,</strong></span> <span class='ocrx_word' id='word_1_342' title='bbox 1560 2527 1584 2583; x_wconf 90' lang='lat' dir='ltr'><strong>si</strong></span> <span class='ocrx_word' id='word_1_343' title='bbox 1603 2527 1716 2583; x_wconf 85' lang='lat' dir='ltr'><strong>enilibet</strong></span> <span class='ocrx_word' id='word_1_344' title='bbox 1735 2538 1765 2579; x_wconf 83' lang='lat' dir='ltr'><strong>ss</strong></span> 
     </span>
     <span class='ocr_line' id='line_1_27' title="bbox 279 2611 1715 2683; baseline 0.005 -17"><span class='ocrx_word' id='word_1_345' title='bbox 279 2611 325 2667; x_wconf 87' lang='lat' dir='ltr'><strong>alii</strong></span> <span class='ocrx_word' id='word_1_346' title='bbox 347 2626 489 2667; x_wconf 90' lang='lat' dir='ltr'><strong>seruorum</strong></span> <span class='ocrx_word' id='word_1_347' title='bbox 511 2625 622 2666; x_wconf 90' lang='lat' dir='ltr'><strong>suorum</strong></span> <span class='ocrx_word' id='word_1_348' title='bbox 645 2611 781 2679; x_wconf 85' lang='lat' dir='ltr'><strong>peenlium</strong></span> <span class='ocrx_word' id='word_1_349' title='bbox 804 2627 860 2667; x_wconf 94' lang='lat' dir='ltr'><strong>non</strong></span> <span class='ocrx_word' id='word_1_350' title='bbox 881 2611 993 2668; x_wconf 88' lang='lat' dir='ltr'><strong>habenti</strong></span> <span class='ocrx_word' id='word_1_351' title='bbox 1016 2613 1185 2669; x_wconf 77' lang='lat' dir='ltr'><strong>credidisset.</strong></span> <span class='ocrx_word' id='word_1_352' title='bbox 1213 2613 1295 2683; x_wconf 86' lang='lat' dir='ltr'><strong>idque</strong></span> <span class='ocrx_word' id='word_1_353' title='bbox 1318 2615 1358 2669; x_wconf 87' lang='lat' dir='ltr'><strong>ita</strong></span> <span class='ocrx_word' id='word_1_354' title='bbox 1381 2629 1411 2670; x_wconf 89' lang='lat' dir='ltr'><strong>se</strong></span> <span class='ocrx_word' id='word_1_355' title='bbox 1434 2614 1535 2671; x_wconf 83' lang='lat' dir='ltr'><strong>habere</strong></span> <span class='ocrx_word' id='word_1_356' title='bbox 1558 2614 1715 2672; x_wconf 87' lang='lat' dir='ltr'><strong>euidentius</strong></span> 
     </span>
     <span class='ocr_line' id='line_1_28' title="bbox 278 2697 1715 2772; baseline 0.005 -18"><span class='ocrx_word' id='word_1_357' title='bbox 278 2701 465 2770; x_wconf 77' lang='lat' dir='ltr'><strong>appariturum</strong></span> <span class='ocrx_word' id='word_1_358' title='bbox 484 2698 535 2769; x_wconf 85' lang='lat' dir='ltr'><strong>ait,</strong></span> <span class='ocrx_word' id='word_1_359' title='bbox 559 2698 584 2753; x_wconf 92' lang='lat' dir='ltr'><strong>sl</strong></span> <span class='ocrx_word' id='word_1_360' title='bbox 601 2697 694 2753; x_wconf 79' lang='lat' dir='ltr'><strong>Sticho</strong></span> <span class='ocrx_word' id='word_1_361' title='bbox 712 2700 849 2769; x_wconf 89' lang='lat' dir='ltr'><strong>peonlium</strong></span> <span class='ocrx_word' id='word_1_362' title='bbox 867 2701 988 2771; x_wconf 87' lang='lat' dir='ltr'><strong>legatum</strong></span> <span class='ocrx_word' id='word_1_363' title='bbox 1006 2717 1068 2756; x_wconf 88' lang='lat' dir='ltr'><strong>esse</strong></span> <span class='ocrx_word' id='word_1_364' title='bbox 1090 2707 1272 2771; x_wconf 86' lang='lat' dir='ltr'><strong>proponatur:</strong></span> <span class='ocrx_word' id='word_1_365' title='bbox 1295 2703 1342 2772; x_wconf 87' lang='lat' dir='ltr'><strong>qui</strong></span> <span class='ocrx_word' id='word_1_366' title='bbox 1360 2708 1434 2760; x_wconf 88' lang='lat' dir='ltr'><strong>oerte</strong></span> <span class='ocrx_word' id='word_1_367' title='bbox 1452 2703 1476 2758; x_wconf 89' lang='lat' dir='ltr'><strong>si</strong></span> <span class='ocrx_word' id='word_1_368' title='bbox 1494 2719 1529 2758; x_wconf 85' lang='lat' dir='ltr'><strong>ex</strong></span> <span class='ocrx_word' id='word_1_369' title='bbox 1545 2707 1715 2760; x_wconf 83' lang='lat' dir='ltr'><strong>testamento</strong></span> 
     </span>
     <span class='ocr_line' id='line_1_29' title="bbox 278 2785 1715 2862; baseline 0.003 -19"><span class='ocrx_word' id='word_1_370' title='bbox 278 2793 353 2859; x_wconf 85' lang='lat' dir='ltr'><strong>agat,</strong></span> <span class='ocrx_word' id='word_1_371' title='bbox 371 2785 512 2858; x_wconf 88' lang='lat' dir='ltr'><strong>eogendus</strong></span> <span class='ocrx_word' id='word_1_372' title='bbox 529 2800 585 2841; x_wconf 91' lang='lat' dir='ltr'><strong>non</strong></span> <span class='ocrx_word' id='word_1_373' title='bbox 602 2792 646 2842; x_wconf 90' lang='lat' dir='ltr'><strong>est</strong></span> <span class='ocrx_word' id='word_1_374' title='bbox 663 2788 736 2858; x_wconf 89' lang='lat' dir='ltr'><strong>eius,</strong></span> <span class='ocrx_word' id='word_1_375' title='bbox 755 2789 829 2858; x_wconf 90' lang='lat' dir='ltr'><strong>quod</strong></span> <span class='ocrx_word' id='word_1_376' title='bbox 847 2790 967 2846; x_wconf 82' lang='lat' dir='ltr'><strong>aloarius</strong></span> <span class='ocrx_word' id='word_1_377' title='bbox 985 2805 1052 2845; x_wconf 88' lang='lat' dir='ltr'><strong>suus</strong></span> <span class='ocrx_word' id='word_1_378' title='bbox 1070 2789 1166 2860; x_wconf 91' lang='lat' dir='ltr'><strong>debet,</strong></span> <span class='ocrx_word' id='word_1_379' title='bbox 1185 2790 1264 2845; x_wconf 81' lang='lat' dir='ltr'><strong>aliter</strong></span> <span class='ocrx_word' id='word_1_380' title='bbox 1282 2805 1364 2860; x_wconf 87' lang='lat' dir='ltr'><strong>quam</strong></span> <span class='ocrx_word' id='word_1_381' title='bbox 1382 2805 1417 2846; x_wconf 83' lang='lat' dir='ltr'><strong>ex</strong></span> <span class='ocrx_word' id='word_1_382' title='bbox 1434 2792 1542 2861; x_wconf 87' lang='lat' dir='ltr'><strong>peoulio</strong></span> <span class='ocrx_word' id='word_1_383' title='bbox 1560 2793 1648 2862; x_wconf 90' lang='lat' dir='ltr'><strong>ipsius</strong></span> <span class='ocrx_word' id='word_1_384' title='bbox 1666 2793 1715 2848; x_wconf 88' lang='lat' dir='ltr'><strong>de·</strong></span> 
     </span>
     <span class='ocr_line' id='line_1_30' title="bbox 278 2875 1716 2950; baseline 0.005 -20"><span class='ocrx_word' id='word_1_385' title='bbox 278 2876 435 2932; x_wconf 88' lang='lat' dir='ltr'><strong>dnetionem</strong></span> <span class='ocrx_word' id='word_1_386' title='bbox 453 2875 523 2945; x_wconf 87' lang='lat' dir='ltr'><strong>pati:</strong></span> <span class='ocrx_word' id='word_1_387' title='bbox 542 2875 661 2945; x_wconf 86' lang='lat' dir='ltr'><strong>alioquin</strong></span> <span class='ocrx_word' id='word_1_388' title='bbox 679 2875 813 2948; x_wconf 83' lang='lat' dir='ltr'><strong>futurum,</strong></span> <span class='ocrx_word' id='word_1_389' title='bbox 831 2883 875 2947; x_wconf 90' lang='lat' dir='ltr'><strong>ut,</strong></span> <span class='ocrx_word' id='word_1_390' title='bbox 901 2878 925 2933; x_wconf 89' lang='lat' dir='ltr'><strong>si</strong></span> <span class='ocrx_word' id='word_1_391' title='bbox 942 2878 1103 2934; x_wconf 73' lang='lat' dir='ltr'><strong>tantumdem</strong></span> <span class='ocrx_word' id='word_1_392' title='bbox 1121 2878 1239 2933; x_wconf 86' lang='lat' dir='ltr'><strong>uiearius</strong></span> <span class='ocrx_word' id='word_1_393' title='bbox 1258 2877 1369 2934; x_wconf 92' lang='lat' dir='ltr'><strong>domino</strong></span> <span class='ocrx_word' id='word_1_394' title='bbox 1386 2878 1500 2949; x_wconf 85' lang='lat' dir='ltr'><strong>debeat,</strong></span> <span class='ocrx_word' id='word_1_395' title='bbox 1523 2881 1583 2950; x_wconf 89' lang='lat' dir='ltr'><strong>ipse</strong></span> <span class='ocrx_word' id='word_1_396' title='bbox 1602 2881 1669 2936; x_wconf 88' lang='lat' dir='ltr'><strong>nihil</strong></span> <span class='ocrx_word' id='word_1_397' title='bbox 1684 2883 1716 2938; x_wconf 89' lang='lat' dir='ltr'><strong>in</strong></span> 
     </span>
    </p>

    <p class='ocr_par' dir='ltr' id='par_1_7' title="bbox 244 2962 1768 3394">
     <span class='ocr_line' id='line_1_31' title="bbox 244 2962 1768 3040; baseline 0.002 -22"><span class='ocrx_word' id='word_1_398' title='bbox 244 2971 259 3018; x_wconf 81' lang='grc' dir='ltr'><strong>ι</strong></span> <span class='ocrx_word' id='word_1_399' title='bbox 277 2965 385 3037; x_wconf 63' lang='lat' dir='ltr'><strong>montio</strong></span> <span class='ocrx_word' id='word_1_400' title='bbox 403 2962 504 3019; x_wconf 85' lang='lat' dir='ltr'><strong>habere</strong></span> <span class='ocrx_word' id='word_1_401' title='bbox 521 2963 702 3035; x_wconf 84' lang='lat' dir='ltr'><strong>intellegatur,</strong></span> <span class='ocrx_word' id='word_1_402' title='bbox 721 2966 795 3034; x_wconf 86' lang='lat' dir='ltr'><strong>qnod</strong></span> <span class='ocrx_word' id='word_1_403' title='bbox 813 2971 888 3022; x_wconf 82' lang='lat' dir='ltr'><strong>eerte</strong></span> <span class='ocrx_word' id='word_1_404' title='bbox 906 2972 949 3022; x_wconf 89' lang='lat' dir='ltr'><strong>est</strong></span> <span class='ocrx_word' id='word_1_405' title='bbox 966 2966 1124 3022; x_wconf 83' lang='lat' dir='ltr'><strong>absurdum.</strong></span> <span class='ocrx_word' id='word_1_406' title='bbox 1160 2964 1246 3022; x_wconf 80' lang='lat' dir='ltr'><strong>Seruo</strong></span> <span class='ocrx_word' id='word_1_407' title='bbox 1267 2981 1349 3036; x_wconf 88' lang='lat' dir='ltr'><strong>quem</strong></span> <span class='ocrx_word' id='word_1_408' title='bbox 1367 2967 1417 3022; x_wconf 88' lang='lat' dir='ltr'><strong>tibi</strong></span> <span class='ocrx_word' id='word_1_409' title='bbox 1434 2968 1613 3025; x_wconf 85' lang='lat' dir='ltr'><strong>uendideram</strong></span> <span class='ocrx_word' id='word_1_410' title='bbox 1631 2985 1715 3040; x_wconf 84' lang='lat' dir='ltr'><strong>peen-</strong></span> <span class='ocrx_word' id='word_1_411' title='bbox 1735 2981 1768 3022; x_wconf 83' lang='lat' dir='ltr'><strong>ss</strong></span> 
     </span>
     <span class='ocr_line' id='line_1_32' title="bbox 278 3052 1717 3126; baseline 0.003 -17"><span class='ocrx_word' id='word_1_412' title='bbox 278 3054 351 3110; x_wconf 90' lang='lat' dir='ltr'><strong>niam</strong></span> <span class='ocrx_word' id='word_1_413' title='bbox 370 3052 487 3108; x_wconf 75' lang='lat' dir='ltr'><strong>eredidit</strong></span> <span class='ocrx_word' id='word_1_414' title='bbox 511 3053 666 3122; x_wconf 87' lang='lat' dir='ltr'><strong>quaesitum</strong></span> <span class='ocrx_word' id='word_1_415' title='bbox 685 3058 735 3123; x_wconf 92' lang='lat' dir='ltr'><strong>est,</strong></span> <span class='ocrx_word' id='word_1_416' title='bbox 754 3069 789 3108; x_wconf 84' lang='lat' dir='ltr'><strong>an</strong></span> <span class='ocrx_word' id='word_1_417' title='bbox 808 3055 848 3109; x_wconf 86' lang='lat' dir='ltr'><strong>ita</strong></span> <span class='ocrx_word' id='word_1_418' title='bbox 865 3055 930 3110; x_wconf 89' lang='lat' dir='ltr'><strong>mihi</strong></span> <span class='ocrx_word' id='word_1_419' title='bbox 947 3056 976 3110; x_wconf 91' lang='lat' dir='ltr'><strong>in</strong></span> <span class='ocrx_word' id='word_1_420' title='bbox 994 3061 1022 3110; x_wconf 90' lang='lat' dir='ltr'><strong>te</strong></span> <span class='ocrx_word' id='word_1_421' title='bbox 1041 3056 1112 3110; x_wconf 87' lang='lat' dir='ltr'><strong>aetio</strong></span> <span class='ocrx_word' id='word_1_422' title='bbox 1131 3055 1165 3110; x_wconf 95' lang='lat' dir='ltr'><strong>de</strong></span> <span class='ocrx_word' id='word_1_423' title='bbox 1182 3056 1290 3124; x_wconf 88' lang='lat' dir='ltr'><strong>peeulio</strong></span> <span class='ocrx_word' id='word_1_424' title='bbox 1308 3055 1368 3111; x_wconf 86' lang='lat' dir='ltr'><strong>dari</strong></span> <span class='ocrx_word' id='word_1_425' title='bbox 1385 3054 1493 3126; x_wconf 76' lang='lat' dir='ltr'><strong>debeat,</strong></span> <span class='ocrx_word' id='word_1_426' title='bbox 1511 3063 1543 3112; x_wconf 91' lang='lat' dir='ltr'><strong>nt</strong></span> <span class='ocrx_word' id='word_1_427' title='bbox 1560 3057 1717 3126; x_wconf 77' lang='lat' dir='ltr'><strong>dedueatnr</strong></span> 
     </span>
     <span class='ocr_line' id='line_1_33' title="bbox 277 3139 1717 3218; baseline 0.003 -21"><span class='ocrx_word' id='word_1_428' title='bbox 277 3141 315 3212; x_wconf 88' lang='lat' dir='ltr'><strong>id,</strong></span> <span class='ocrx_word' id='word_1_429' title='bbox 332 3141 407 3212; x_wconf 87' lang='lat' dir='ltr'><strong>quod</strong></span> <span class='ocrx_word' id='word_1_430' title='bbox 425 3139 499 3211; x_wconf 90' lang='lat' dir='ltr'><strong>apud</strong></span> <span class='ocrx_word' id='word_1_431' title='bbox 517 3156 561 3195; x_wconf 90' lang='lat' dir='ltr'><strong>me</strong></span> <span class='ocrx_word' id='word_1_432' title='bbox 579 3156 614 3196; x_wconf 83' lang='lat' dir='ltr'><strong>ex</strong></span> <span class='ocrx_word' id='word_1_433' title='bbox 632 3155 666 3197; x_wconf 93' lang='lat' dir='ltr'><strong>eo</strong></span> <span class='ocrx_word' id='word_1_434' title='bbox 683 3143 853 3198; x_wconf 86' lang='lat' dir='ltr'><strong>remanserit.</strong></span> <span class='ocrx_word' id='word_1_435' title='bbox 880 3144 955 3212; x_wconf 90' lang='lat' dir='ltr'><strong>quod</strong></span> <span class='ocrx_word' id='word_1_436' title='bbox 973 3143 1083 3213; x_wconf 89' lang='lat' dir='ltr'><strong>quidem</strong></span> <span class='ocrx_word' id='word_1_437' title='bbox 1101 3144 1211 3198; x_wconf 91' lang='lat' dir='ltr'><strong>minime</strong></span> <span class='ocrx_word' id='word_1_438' title='bbox 1229 3159 1325 3199; x_wconf 89' lang='lat' dir='ltr'><strong>uerum</strong></span> <span class='ocrx_word' id='word_1_439' title='bbox 1344 3147 1399 3213; x_wconf 91' lang='lat' dir='ltr'><strong>est,</strong></span> <span class='ocrx_word' id='word_1_440' title='bbox 1419 3159 1470 3198; x_wconf 89' lang='lat' dir='ltr'><strong>nee</strong></span> <span class='ocrx_word' id='word_1_441' title='bbox 1487 3145 1623 3218; x_wconf 83' lang='lat' dir='ltr'><strong>intererit,</strong></span> <span class='ocrx_word' id='word_1_442' title='bbox 1642 3149 1717 3202; x_wconf 85' lang='lat' dir='ltr'><strong>intra</strong></span> 
     </span>
     <span class='ocr_line' id='line_1_34' title="bbox 278 3228 1716 3303; baseline 0.006 -19"><span class='ocrx_word' id='word_1_443' title='bbox 278 3243 480 3298; x_wconf 77' lang='lat' dir='ltr'><strong>ennumquam</strong></span> <span class='ocrx_word' id='word_1_444' title='bbox 497 3228 667 3286; x_wconf 89' lang='lat' dir='ltr'><strong>uendiderim</strong></span> <span class='ocrx_word' id='word_1_445' title='bbox 685 3246 721 3286; x_wconf 86' lang='lat' dir='ltr'><strong>an</strong></span> <span class='ocrx_word' id='word_1_446' title='bbox 739 3235 836 3301; x_wconf 87' lang='lat' dir='ltr'><strong>postea</strong></span> <span class='ocrx_word' id='word_1_447' title='bbox 854 3233 991 3301; x_wconf 83' lang='lat' dir='ltr'><strong>experiar:</strong></span> <span class='ocrx_word' id='word_1_448' title='bbox 1014 3248 1077 3287; x_wconf 87' lang='lat' dir='ltr'><strong>nam</strong></span> <span class='ocrx_word' id='word_1_449' title='bbox 1101 3247 1152 3287; x_wconf 87' lang='lat' dir='ltr'><strong>neo</strong></span> <span class='ocrx_word' id='word_1_450' title='bbox 1174 3233 1273 3288; x_wconf 75' lang='lat' dir='ltr'><strong>essens</strong></span> <span class='ocrx_word' id='word_1_451' title='bbox 1296 3232 1421 3303; x_wconf 86' lang='lat' dir='ltr'><strong>quidem,</strong></span> <span class='ocrx_word' id='word_1_452' title='bbox 1445 3233 1493 3303; x_wconf 89' lang='lat' dir='ltr'><strong>qui</strong></span> <span class='ocrx_word' id='word_1_453' title='bbox 1513 3240 1580 3290; x_wconf 88' lang='lat' dir='ltr'><strong>tune</strong></span> <span class='ocrx_word' id='word_1_454' title='bbox 1598 3253 1662 3292; x_wconf 87' lang='lat' dir='ltr'><strong>eum</strong></span> <span class='ocrx_word' id='word_1_455' title='bbox 1679 3250 1716 3292; x_wconf 87' lang='lat' dir='ltr'><strong>eo</strong></span> 
     </span>
     <span class='ocr_line' id='line_1_35' title="bbox 277 3318 1717 3394; baseline 0.005 -20"><span class='ocrx_word' id='word_1_456' title='bbox 277 3318 476 3387; x_wconf 69' lang='lat' dir='ltr'><strong>annuerint,</strong></span> <span class='ocrx_word' id='word_1_457' title='bbox 500 3318 528 3373; x_wconf 90' lang='lat' dir='ltr'><strong>in</strong></span> <span class='ocrx_word' id='word_1_458' title='bbox 545 3333 589 3373; x_wconf 90' lang='lat' dir='ltr'><strong>me</strong></span> <span class='ocrx_word' id='word_1_459' title='bbox 607 3319 679 3376; x_wconf 85' lang='lat' dir='ltr'><strong>sotio</strong></span> <span class='ocrx_word' id='word_1_460' title='bbox 697 3319 786 3375; x_wconf 80' lang='lat' dir='ltr'><strong>datm.</strong></span> <span class='ocrx_word' id='word_1_461' title='bbox 812 3320 841 3376; x_wconf 90' lang='lat' dir='ltr'><strong>in</strong></span> <span class='ocrx_word' id='word_1_462' title='bbox 859 3321 1025 3376; x_wconf 86' lang='lat' dir='ltr'><strong>eontrarium</strong></span> <span class='ocrx_word' id='word_1_463' title='bbox 1048 3335 1157 3391; x_wconf 86' lang='lat' dir='ltr'><strong>quoque</strong></span> <span class='ocrx_word' id='word_1_464' title='bbox 1180 3319 1326 3391; x_wconf 83' lang='lat' dir='ltr'><strong>agentibus</strong></span> <span class='ocrx_word' id='word_1_465' title='bbox 1350 3337 1457 3376; x_wconf 88' lang='lat' dir='ltr'><strong>meeum</strong></span> <span class='ocrx_word' id='word_1_466' title='bbox 1479 3321 1536 3392; x_wconf 90' lang='lat' dir='ltr'><strong>his,</strong></span> <span class='ocrx_word' id='word_1_467' title='bbox 1559 3325 1607 3394; x_wconf 81' lang='lat' dir='ltr'><strong>qui</strong></span> <span class='ocrx_word' id='word_1_468' title='bbox 1631 3330 1717 3381; x_wconf 75' lang='lat' dir='ltr'><strong>antes</strong></span> 
     </span>
    </p>
   </div>
   <div class='ocr_carea' id='block_1_3' title="bbox 276 3528 1717 3956">
    <p class='ocr_par' dir='ltr' id='par_1_8' title="bbox 276 3528 1717 3956">
     <span class='ocr_line' id='line_1_36' title="bbox 280 3528 1717 3608; baseline 0.006 -24"><span class='ocrx_word' id='word_1_469' title='bbox 280 3531 288 3565; x_wconf 90' lang='lat'><em>¹</em></span> <span class='ocrx_word' id='word_1_470' title='bbox 307 3529 371 3585; x_wconf 79' lang='lat' dir='ltr'><strong>hose</strong></span> <span class='ocrx_word' id='word_1_471' title='bbox 388 3529 467 3584; x_wconf 79' lang='lat' dir='ltr'><strong>uerba</strong></span> <span class='ocrx_word' id='word_1_472' title='bbox 484 3528 549 3584; x_wconf 88' lang='lat' dir='ltr'><strong>nihil</strong></span> <span class='ocrx_word' id='word_1_473' title='bbox 566 3530 681 3586; x_wconf 83' lang='lat' dir='ltr'><strong>interest</strong></span> <span class='ocrx_word' id='word_1_474' title='bbox 742 3533 879 3602; x_wconf 76' lang='lat' dir='ltr'><strong>acceperit</strong></span> <span class='ocrx_word' id='word_1_475' title='bbox 895 3552 942 3588; x_wconf 83' lang='lat' dir='ltr'><strong>suo</strong></span> <span class='ocrx_word' id='word_1_476' title='bbox 960 3536 1015 3589; x_wconf 84' lang='lat' dir='ltr'><strong>loco</strong></span> <span class='ocrx_word' id='word_1_477' title='bbox 1033 3540 1103 3588; x_wconf 83' lang='lat' dir='ltr'><strong>mota</strong></span> <span class='ocrx_word' id='word_1_478' title='bbox 1120 3539 1193 3588; x_wconf 81' lang='lat' dir='ltr'><strong>rant:</strong></span> <span class='ocrx_word' id='word_1_479' title='bbox 1211 3533 1313 3587; x_wconf 82' lang='lat' dir='ltr'><strong>uidetur</strong></span> <span class='ocrx_word' id='word_1_480' title='bbox 1330 3540 1414 3588; x_wconf 69' lang='lat' dir='ltr'><strong>aulon</strong></span> <span class='ocrx_word' id='word_1_481' title='bbox 1432 3536 1482 3589; x_wconf 82' lang='lat' dir='ltr'><strong>tais</strong></span> <span class='ocrx_word' id='word_1_482' title='bbox 1499 3535 1562 3606; x_wconf 74' lang='lat' dir='ltr'><strong>quid</strong></span> <span class='ocrx_word' id='word_1_483' title='bbox 1577 3543 1717 3608; x_wconf 74' lang='lat' dir='ltr'><strong>scripsisse</strong></span> 
     </span>
     <span class='ocr_line' id='line_1_37' title="bbox 277 3598 1716 3674; baseline 0.008 -22"><span class='ocrx_word' id='word_1_484' title='bbox 277 3598 394 3654; x_wconf 74' lang='lat' dir='ltr'><strong>Iuliam</strong></span> <span class='ocrx_word' id='word_1_485' title='bbox 412 3601 456 3672; x_wconf 80' lang='lat' dir='ltr'><strong>(rs.</strong></span> <span class='ocrx_word' id='word_1_486' title='bbox 468 3601 484 3654; x_wconf 86' lang='lat' dir='ltr'><strong>t</strong></span> <span class='ocrx_word' id='word_1_487' title='bbox 496 3600 521 3653; x_wconf 90' lang='lat'><strong>2.</strong></span> <span class='ocrx_word' id='word_1_488' title='bbox 539 3601 601 3656; x_wconf 84' lang='grc'><strong>119</strong></span> <span class='ocrx_word' id='word_1_489' title='bbox 620 3600 665 3671; x_wconf 81' lang='lat'><strong>§1</strong></span> <span class='ocrx_word' id='word_1_490' title='bbox 683 3601 764 3669; x_wconf 83' lang='lat' dir='ltr'><strong>l..s.):</strong></span> <span class='ocrx_word' id='word_1_491' title='bbox 780 3603 806 3658; x_wconf 80' lang='lat' dir='ltr'><strong>ui</strong></span> <span class='ocrx_word' id='word_1_492' title='bbox 824 3608 915 3658; x_wconf 84' lang='lat' dir='ltr'><strong>aetum</strong></span> <span class='ocrx_word' id='word_1_493' title='bbox 935 3605 971 3658; x_wconf 91' lang='lat' dir='ltr'><strong>sit</strong></span> <span class='ocrx_word' id='word_1_494' title='bbox 989 3604 1023 3659; x_wconf 91' lang='lat' dir='ltr'><strong>de</strong></span> <span class='ocrx_word' id='word_1_495' title='bbox 1041 3603 1147 3674; x_wconf 79' lang='lat' dir='ltr'><strong>peculio</strong></span> <span class='ocrx_word' id='word_1_496' title='bbox 1164 3619 1227 3658; x_wconf 88' lang='lat' dir='ltr'><strong>eum</strong></span> <span class='ocrx_word' id='word_1_497' title='bbox 1245 3617 1278 3658; x_wconf 91' lang='lat' dir='ltr'><strong>eo</strong></span> <span class='ocrx_word' id='word_1_498' title='bbox 1290 3603 1338 3671; x_wconf 88' lang='lat' dir='ltr'><strong>qui</strong></span> <span class='ocrx_word' id='word_1_499' title='bbox 1348 3619 1430 3658; x_wconf 91' lang='lat' dir='ltr'><strong>usum</strong></span> <span class='ocrx_word' id='word_1_500' title='bbox 1447 3603 1565 3659; x_wconf 82' lang='lat' dir='ltr'><strong>fructum</strong></span> <span class='ocrx_word' id='word_1_501' title='bbox 1583 3605 1613 3661; x_wconf 93' lang='lat' dir='ltr'><strong>in</strong></span> <span class='ocrx_word' id='word_1_502' title='bbox 1632 3622 1716 3663; x_wconf 67' lang='lat' dir='ltr'><strong>mmo</strong></span> 
     </span>
     <span class='ocr_line' id='line_1_38' title="bbox 276 3667 1716 3743; baseline 0.006 -20"><span class='ocrx_word' id='word_1_503' title='bbox 276 3667 361 3724; x_wconf 85' lang='lat' dir='ltr'><strong>habet</strong></span> <span class='ocrx_word' id='word_1_504' title='bbox 377 3684 413 3724; x_wconf 87' lang='lat' dir='ltr'><strong>ex</strong></span> <span class='ocrx_word' id='word_1_505' title='bbox 430 3685 464 3724; x_wconf 85' lang='lat' dir='ltr'><strong>ea</strong></span> <span class='ocrx_word' id='word_1_506' title='bbox 482 3685 567 3725; x_wconf 85' lang='lat' dir='ltr'><strong>eausa</strong></span> <span class='ocrx_word' id='word_1_507' title='bbox 584 3686 655 3740; x_wconf 83' lang='lat' dir='ltr'><strong>quae</strong></span> <span class='ocrx_word' id='word_1_508' title='bbox 672 3671 709 3727; x_wconf 79' lang='lat' dir='ltr'><strong>ad</strong></span> <span class='ocrx_word' id='word_1_509' title='bbox 726 3687 789 3727; x_wconf 85' lang='lat' dir='ltr'><strong>eum</strong></span> <span class='ocrx_word' id='word_1_510' title='bbox 807 3675 927 3743; x_wconf 90' lang='lat' dir='ltr'><strong>pertinet</strong></span> <span class='ocrx_word' id='word_1_511' title='bbox 944 3677 984 3741; x_wconf 92' lang='lat' dir='ltr'><strong>(et</strong></span> <span class='ocrx_word' id='word_1_512' title='bbox 1001 3674 1067 3730; x_wconf 93' lang='lat' dir='ltr'><strong>nihil</strong></span> <span class='ocrx_word' id='word_1_513' title='bbox 1085 3675 1211 3742; x_wconf 89' lang='lat' dir='ltr'><strong>interest,</strong></span> <span class='ocrx_word' id='word_1_514' title='bbox 1236 3688 1334 3743; x_wconf 88' lang='lat' dir='ltr'><strong>operas</strong></span> <span class='ocrx_word' id='word_1_515' title='bbox 1352 3689 1417 3729; x_wconf 83' lang='lat' dir='ltr'><strong>sues</strong></span> <span class='ocrx_word' id='word_1_516' title='bbox 1435 3675 1598 3730; x_wconf 74' lang='lat' dir='ltr'><strong>conduxerit</strong></span> <span class='ocrx_word' id='word_1_517' title='bbox 1615 3693 1716 3732; x_wconf 86' lang='lat' dir='ltr'><strong>seruus</strong></span> 
     </span>
     <span class='ocr_line' id='line_1_39' title="bbox 276 3737 1716 3817; baseline 0.007 -23"><span class='ocrx_word' id='word_1_518' title='bbox 276 3754 295 3793; x_wconf 82' lang='lat' dir='ltr'><strong>s</strong></span> <span class='ocrx_word' id='word_1_519' title='bbox 311 3737 459 3796; x_wconf 73' lang='lat' dir='ltr'><strong>fructuario</strong></span> <span class='ocrx_word' id='word_1_520' title='bbox 477 3756 512 3796; x_wconf 84' lang='lat' dir='ltr'><strong>an</strong></span> <span class='ocrx_word' id='word_1_521' title='bbox 530 3742 673 3811; x_wconf 82' lang='lat' dir='ltr'><strong>peeuniam</strong></span> <span class='ocrx_word' id='word_1_522' title='bbox 693 3747 815 3798; x_wconf 85' lang='lat' dir='ltr'><strong>mutuam</strong></span> <span class='ocrx_word' id='word_1_523' title='bbox 834 3745 869 3802; x_wconf 92' lang='lat' dir='ltr'><strong>ab</strong></span> <span class='ocrx_word' id='word_1_524' title='bbox 887 3760 921 3800; x_wconf 90' lang='lat' dir='ltr'><strong>eo</strong></span> <span class='ocrx_word' id='word_1_525' title='bbox 939 3747 1087 3816; x_wconf 81' lang='lat' dir='ltr'><strong>aeeeperit)</strong></span> <span class='ocrx_word' id='word_1_526' title='bbox 1110 3751 1139 3800; x_wconf 90' lang='lat' dir='ltr'><strong>et</strong></span> <span class='ocrx_word' id='word_1_527' title='bbox 1157 3745 1246 3800; x_wconf 90' lang='lat' dir='ltr'><strong>minus</strong></span> <span class='ocrx_word' id='word_1_528' title='bbox 1265 3749 1429 3800; x_wconf 87' lang='lat' dir='ltr'><strong>eonseoutus</strong></span> <span class='ocrx_word' id='word_1_529' title='bbox 1447 3746 1483 3800; x_wconf 90' lang='lat' dir='ltr'><strong>sit</strong></span> <span class='ocrx_word' id='word_1_530' title='bbox 1500 3746 1633 3817; x_wconf 81' lang='lat' dir='ltr'><strong>creditor,</strong></span> <span class='ocrx_word' id='word_1_531' title='bbox 1657 3762 1716 3804; x_wconf 88' lang='lat' dir='ltr'><strong>non</strong></span> 
     </span>
     <span class='ocr_line' id='line_1_40' title="bbox 276 3811 1716 3888; baseline 0.006 -22"><span class='ocrx_word' id='word_1_532' title='bbox 276 3813 320 3866; x_wconf 85' lang='lat' dir='ltr'><strong>est</strong></span> <span class='ocrx_word' id='word_1_533' title='bbox 336 3811 471 3882; x_wconf 89' lang='lat' dir='ltr'><strong>iniquum,</strong></span> <span class='ocrx_word' id='word_1_534' title='bbox 495 3816 526 3866; x_wconf 91' lang='lat' dir='ltr'><strong>ut</strong></span> <span class='ocrx_word' id='word_1_535' title='bbox 543 3827 578 3867; x_wconf 85' lang='lat' dir='ltr'><strong>ex</strong></span> <span class='ocrx_word' id='word_1_536' title='bbox 596 3813 724 3869; x_wconf 90' lang='lat' dir='ltr'><strong>uniuerso</strong></span> <span class='ocrx_word' id='word_1_537' title='bbox 743 3815 801 3870; x_wconf 89' lang='lat' dir='ltr'><strong>eius</strong></span> <span class='ocrx_word' id='word_1_538' title='bbox 819 3817 940 3886; x_wconf 90' lang='lat' dir='ltr'><strong>peeulio,</strong></span> <span class='ocrx_word' id='word_1_539' title='bbox 963 3817 1023 3872; x_wconf 88' lang='lat' dir='ltr'><strong>siue</strong></span> <span class='ocrx_word' id='word_1_540' title='bbox 1045 3816 1119 3886; x_wconf 89' lang='lat' dir='ltr'><strong>apud</strong></span> <span class='ocrx_word' id='word_1_541' title='bbox 1136 3814 1315 3871; x_wconf 77' lang='lat' dir='ltr'><strong>fructuarium</strong></span> <span class='ocrx_word' id='word_1_542' title='bbox 1333 3816 1392 3872; x_wconf 89' lang='lat' dir='ltr'><strong>sine</strong></span> <span class='ocrx_word' id='word_1_543' title='bbox 1412 3816 1485 3886; x_wconf 88' lang='lat' dir='ltr'><strong>apud</strong></span> <span class='ocrx_word' id='word_1_544' title='bbox 1501 3819 1716 3888; x_wconf 82' lang='lat' dir='ltr'><strong>proprietarium</strong></span> 
     </span>
     <span class='ocr_line' id='line_1_41' title="bbox 276 3881 1150 3956; baseline 0.007 -21"><span class='ocrx_word' id='word_1_545' title='bbox 276 3881 335 3950; x_wconf 90' lang='lat' dir='ltr'><strong>erit,</strong></span> <span class='ocrx_word' id='word_1_546' title='bbox 354 3896 411 3936; x_wconf 90' lang='lat' dir='ltr'><strong>rem</strong></span> <span class='ocrx_word' id='word_1_547' title='bbox 429 3888 621 3952; x_wconf 79' lang='lat' dir='ltr'><strong>consequatur.</strong></span> <span class='ocrx_word' id='word_1_548' title='bbox 652 3883 711 3940; x_wconf 87' lang='lat' dir='ltr'><strong>dari</strong></span> <span class='ocrx_word' id='word_1_549' title='bbox 728 3883 822 3956; x_wconf 81' lang='lat' dir='ltr'><strong>itaque</strong></span> <span class='ocrx_word' id='word_1_550' title='bbox 839 3885 951 3942; x_wconf 89' lang='lat' dir='ltr'><strong>debebit</strong></span> <span class='ocrx_word' id='word_1_551' title='bbox 969 3888 1042 3943; x_wconf 85' lang='lat' dir='ltr'><strong>aelio</strong></span> <span class='ocrx_word' id='word_1_552' title='bbox 1060 3888 1085 3943; x_wconf 86' lang='lat' dir='ltr'><strong>ei</strong></span> <span class='ocrx_word' id='word_1_553' title='bbox 1104 3894 1150 3942; x_wconf 75' lang='lat' dir='ltr'><strong>ers.</strong></span> 
     </span>
    </p>
   </div>
   <div class='ocr_carea' id='block_1_4' title="bbox 274 4005 1721 5075">
    <p class='ocr_par' dir='ltr' id='par_1_9' title="bbox 274 4005 1721 5051">
     <span class='ocr_line' id='line_1_42' title="bbox 276 4005 1718 4082; baseline 0.007 -24"><span class='ocrx_word' id='word_1_554' title='bbox 276 4012 321 4078; x_wconf 81' lang='lat' dir='ltr'><strong>qut</strong></span> <span class='ocrx_word' id='word_1_555' title='bbox 338 4011 377 4059; x_wconf 80' lang='lat' dir='ltr'><strong>its</strong></span> <span class='ocrx_word' id='word_1_556' title='bbox 399 4005 493 4060; x_wconf 77' lang='lat' dir='ltr'><strong>luteas</strong></span> <span class='ocrx_word' id='word_1_557' title='bbox 513 4007 638 4062; x_wconf 74' lang='lat' dir='ltr'><strong>udum</strong></span> <span class='ocrx_word' id='word_1_558' title='bbox 654 4007 824 4074; x_wconf 59' lang='lat' dir='ltr'><strong>sardam,</strong></span> <span class='ocrx_word' id='word_1_559' title='bbox 846 4018 871 4065; x_wconf 88' lang='lat' dir='ltr'><strong>ss&#39;</strong></span> <span class='ocrx_word' id='word_1_560' title='bbox 896 4017 965 4065; x_wconf 81' lang='lat' dir='ltr'><strong>latro</strong></span> <span class='ocrx_word' id='word_1_561' title='bbox 1017 4009 1226 4082; x_wconf 64' lang='lat' dir='ltr'><strong>Eumlophunis</strong></span> <span class='ocrx_word' id='word_1_562' title='bbox 1243 4016 1268 4064; x_wconf 83' lang='lat' dir='ltr'><strong>st</strong></span> <span class='ocrx_word' id='word_1_563' title='bbox 1279 4007 1413 4082; x_wconf 74' lang='lat' dir='ltr'><strong>Anonymi</strong></span> <span class='ocrx_word' id='word_1_564' title='bbox 1429 4012 1467 4066; x_wconf 83' lang='lat' dir='ltr'><strong>ad</strong></span> <span class='ocrx_word' id='word_1_565' title='bbox 1482 4011 1535 4064; x_wconf 73' lang='lat' dir='ltr'><strong>ti</strong></span> <span class='ocrx_word' id='word_1_566' title='bbox 1553 4017 1578 4065; x_wconf 86' lang='lat' dir='ltr'><strong>et</strong></span> <span class='ocrx_word' id='word_1_567' title='bbox 1593 4011 1648 4066; x_wconf 79' lang='lat' dir='ltr'><strong>seh.</strong></span> <span class='ocrx_word' id='word_1_568' title='bbox 1659 4013 1718 4068; x_wconf 79' lang='lat'><strong>124</strong></span> 
     </span>
     <span class='ocr_line' id='line_1_43' title="bbox 276 4079 1718 4152; baseline 0.007 -22"><span class='ocrx_word' id='word_1_569' title='bbox 276 4079 964 4152; x_wconf 73' lang='lat' dir='ltr'><strong>assumpostsaotamuendils&#39;onemodusrsasit-</strong></span> <span class='ocrx_word' id='word_1_570' title='bbox 1018 4081 1146 4136; x_wconf 80' lang='lat' dir='ltr'><strong>adt29</strong></span> <span class='ocrx_word' id='word_1_571' title='bbox 1202 4080 1287 4135; x_wconf 69' lang='grc' dir='ltr'><strong>,Μ</strong></span> <span class='ocrx_word' id='word_1_572' title='bbox 1350 4081 1576 4151; x_wconf 78' lang='lat' dir='ltr'><strong>laugeretml‘</strong></span> <span class='ocrx_word' id='word_1_573' title='bbox 1624 4083 1718 4140; x_wconf 70' lang='lat' dir='ltr'><strong>ised</strong></span> 
     </span>
     <span class='ocr_line' id='line_1_44' title="bbox 276 4150 1719 4222; baseline 0.006 -22"><span class='ocrx_word' id='word_1_574' title='bbox 276 4151 339 4200; x_wconf 83' lang='lat' dir='ltr'><strong>itam</strong></span> <span class='ocrx_word' id='word_1_575' title='bbox 362 4153 510 4212; x_wconf 76' lang='lat' dir='ltr'><strong>saturasti,</strong></span> <span class='ocrx_word' id='word_1_576' title='bbox 533 4157 706 4204; x_wconf 69' lang='lat' dir='ltr'><strong>sasserlum</strong></span> <span class='ocrx_word' id='word_1_577' title='bbox 728 4150 835 4218; x_wconf 77' lang='lat' dir='ltr'><strong>(seilicet</strong></span> <span class='ocrx_word' id='word_1_578' title='bbox 850 4157 966 4222; x_wconf 67' lang='lat' dir='ltr'><strong>agentes</strong></span> <span class='ocrx_word' id='word_1_579' title='bbox 1019 4151 1158 4206; x_wconf 76' lang='lat' dir='ltr'><strong>onaPLU</strong></span> <span class='ocrx_word' id='word_1_580' title='bbox 1191 4150 1361 4206; x_wconf 85' lang='lat' dir='ltr'><strong>uendidisset</strong></span> <span class='ocrx_word' id='word_1_581' title='bbox 1372 4153 1413 4206; x_wconf 87' lang='lat' dir='ltr'><strong>P·</strong></span> <span class='ocrx_word' id='word_1_582' title='bbox 1457 4153 1489 4206; x_wconf 91' lang='grc'><strong>11</strong></span> <span class='ocrx_word' id='word_1_583' title='bbox 1509 4151 1553 4219; x_wconf 81' lang='lat' dir='ltr'><strong>an}</strong></span> <span class='ocrx_word' id='word_1_584' title='bbox 1568 4153 1604 4220; x_wconf 73' lang='lat' dir='ltr'><strong>ap</strong></span> <span class='ocrx_word' id='word_1_585' title='bbox 1622 4153 1719 4208; x_wconf 80' lang='lat' dir='ltr'><strong>snP·</strong></span> 
     </span>
     <span class='ocr_line' id='line_1_45' title="bbox 276 4217 1719 4292; baseline 0.006 -22"><span class='ocrx_word' id='word_1_586' title='bbox 276 4234 307 4271; x_wconf 75' lang='lat' dir='ltr'><strong>ss</strong></span> <span class='ocrx_word' id='word_1_587' title='bbox 323 4217 727 4288; x_wconf 77' lang='lat' dir='ltr'><strong>s12.15.27§8.s51l.s.):</strong></span> <span class='ocrx_word' id='word_1_588' title='bbox 744 4219 815 4290; x_wconf 70' lang='lat' dir='ltr'><strong>lxma</strong></span> <span class='ocrx_word' id='word_1_589' title='bbox 834 4221 899 4276; x_wconf 79' lang='lat' dir='ltr'><strong>seri</strong></span> <span class='ocrx_word' id='word_1_590' title='bbox 918 4221 966 4284; x_wconf 70' lang='lat' dir='ltr'><strong>coi</strong></span> <span class='ocrx_word' id='word_1_591' title='bbox 1019 4223 1054 4277; x_wconf 75' lang='lat'><strong>12</strong></span> <span class='ocrx_word' id='word_1_592' title='bbox 1071 4237 1105 4278; x_wconf 90' lang='lat' dir='ltr'><strong>eo</strong></span> <span class='ocrx_word' id='word_1_593' title='bbox 1122 4221 1197 4292; x_wconf 83' lang='lat' dir='ltr'><strong>quod</strong></span> <span class='ocrx_word' id='word_1_594' title='bbox 1215 4223 1322 4292; x_wconf 87' lang='lat' dir='ltr'><strong>seruus]</strong></span> <span class='ocrx_word' id='word_1_595' title='bbox 1346 4227 1375 4278; x_wconf 86' lang='lat' dir='ltr'><strong>at</strong></span> <span class='ocrx_word' id='word_1_596' title='bbox 1398 4238 1494 4278; x_wconf 86' lang='lat' dir='ltr'><strong>seruus</strong></span> <span class='ocrx_word' id='word_1_597' title='bbox 1517 4223 1653 4278; x_wconf 84' lang='lat' dir='ltr'><strong>aduersus</strong></span> <span class='ocrx_word' id='word_1_598' title='bbox 1669 4225 1719 4278; x_wconf 85' lang='lat' dir='ltr'><strong>P·</strong></span> 
     </span>
     <span class='ocr_line' id='line_1_46' title="bbox 276 4285 1719 4363; baseline 0.008 -24"><span class='ocrx_word' id='word_1_599' title='bbox 276 4285 365 4341; x_wconf 87' lang='grc' dir='ltr'><strong>κοιιιὸιι</strong></span> <span class='ocrx_word' id='word_1_600' title='bbox 383 4286 481 4349; x_wconf 72' lang='lat' dir='ltr'><strong>teitus</strong></span> <span class='ocrx_word' id='word_1_601' title='bbox 500 4286 622 4345; x_wconf 60' lang='lat' dir='ltr'><strong>molles</strong></span> <span class='ocrx_word' id='word_1_602' title='bbox 639 4289 672 4345; x_wconf 85' lang='grc' dir='ltr'><strong>τὸ</strong></span> <span class='ocrx_word' id='word_1_603' title='bbox 690 4289 770 4362; x_wconf 74' lang='grc' dir='ltr'><strong>ιιὲροο</strong></span> <span class='ocrx_word' id='word_1_604' title='bbox 787 4310 851 4355; x_wconf 69' lang='lat' dir='ltr'><strong>sor·</strong></span> <span class='ocrx_word' id='word_1_605' title='bbox 876 4293 899 4347; x_wconf 81' lang='lat' dir='ltr'><strong>si</strong></span> <span class='ocrx_word' id='word_1_606' title='bbox 917 4291 965 4346; x_wconf 77' lang='lat' dir='ltr'><strong>siu</strong></span> <span class='ocrx_word' id='word_1_607' title='bbox 1020 4295 1055 4348; x_wconf 87' lang='lat'><strong>14</strong></span> <span class='ocrx_word' id='word_1_608' title='bbox 1076 4292 1196 4348; x_wconf 57' lang='lat' dir='ltr'><strong>deberat</strong></span> <span class='ocrx_word' id='word_1_609' title='bbox 1217 4293 1264 4358; x_wconf 71' lang='lat' dir='ltr'><strong>F’,</strong></span> <span class='ocrx_word' id='word_1_610' title='bbox 1287 4301 1336 4348; x_wconf 80' lang='lat' dir='ltr'><strong>isso.</strong></span> <span class='ocrx_word' id='word_1_611' title='bbox 1353 4293 1390 4348; x_wconf 78' lang='lat' dir='ltr'><strong>D·</strong></span> <span class='ocrx_word' id='word_1_612' title='bbox 1448 4295 1565 4348; x_wconf 77' lang='lat' dir='ltr'><strong>ilicum</strong></span> <span class='ocrx_word' id='word_1_613' title='bbox 1589 4293 1662 4363; x_wconf 79' lang='lat' dir='ltr'><strong>mes]</strong></span> <span class='ocrx_word' id='word_1_614' title='bbox 1686 4294 1719 4350; x_wconf 89' lang='lat' dir='ltr'><strong>hi</strong></span> 
     </span>
     <span class='ocr_line' id='line_1_47' title="bbox 276 4354 1720 4450; baseline 0.008 -41"><span class='ocrx_word' id='word_1_615' title='bbox 276 4355 293 4442; x_wconf 70' lang='lat' dir='ltr'><strong>d</strong></span> <span class='ocrx_word' id='word_1_616' title='bbox 315 4354 459 4441; x_wconf 72' lang='lat' dir='ltr'><strong>isopscrisc</strong></span> <span class='ocrx_word' id='word_1_617' title='bbox 480 4356 595 4426; x_wconf 67' lang='lat' dir='ltr'><strong>irriseris</strong></span> <span class='ocrx_word' id='word_1_618' title='bbox 620 4361 652 4450; x_wconf 64' lang='grc' dir='ltr'><strong>τῇ</strong></span> <span class='ocrx_word' id='word_1_619' title='bbox 676 4363 733 4434; x_wconf 74' lang='grc' dir='ltr'><strong>περὶ</strong></span> <span class='ocrx_word' id='word_1_620' title='bbox 756 4361 805 4424; x_wconf 68' lang='lat' dir='ltr'><strong>roi</strong></span> <span class='ocrx_word' id='word_1_621' title='bbox 827 4363 967 4428; x_wconf 72' lang='grc' dir='ltr'><strong>ιιεκογλίογ</strong></span> <span class='ocrx_word' id='word_1_622' title='bbox 1019 4379 1082 4418; x_wconf 85' lang='lat' dir='ltr'><strong>eum</strong></span> <span class='ocrx_word' id='word_1_623' title='bbox 1106 4378 1140 4419; x_wconf 85' lang='lat' dir='ltr'><strong>ea</strong></span> <span class='ocrx_word' id='word_1_624' title='bbox 1162 4363 1212 4427; x_wconf 77' lang='lat'><strong>1³⁶,</strong></span> <span class='ocrx_word' id='word_1_625' title='bbox 1239 4379 1301 4418; x_wconf 86' lang='lat' dir='ltr'><strong>eum</strong></span> <span class='ocrx_word' id='word_1_626' title='bbox 1330 4379 1392 4420; x_wconf 87' lang='lat' dir='ltr'><strong>meo</strong></span> <span class='ocrx_word' id='word_1_627' title='bbox 1415 4364 1452 4418; x_wconf 77' lang='lat' dir='ltr'><strong>D·</strong></span> <span class='ocrx_word' id='word_1_628' title='bbox 1514 4366 1547 4419; x_wconf 79' lang='grc'><strong>17</strong></span> <span class='ocrx_word' id='word_1_629' title='bbox 1572 4370 1720 4434; x_wconf 82' lang='lat' dir='ltr'><strong>oporteret</strong></span> 
     </span>
     <span class='ocr_line' id='line_1_48' title="bbox 275 4427 1719 4504; baseline 0.007 -24"><span class='ocrx_word' id='word_1_630' title='bbox 275 4444 370 4499; x_wconf 68' lang='lat' dir='ltr'><strong>ortorp,</strong></span> <span class='ocrx_word' id='word_1_631' title='bbox 389 4427 603 4497; x_wconf 65' lang='grc' dir='ltr'><strong>οῩιγλλοι-ἰιετιι</strong></span> <span class='ocrx_word' id='word_1_632' title='bbox 621 4451 653 4488; x_wconf 86' lang='lat' dir='ltr'><strong>ro</strong></span> <span class='ocrx_word' id='word_1_633' title='bbox 671 4431 702 4488; x_wconf 80' lang='lat' dir='ltr'><strong>du</strong></span> <span class='ocrx_word' id='word_1_634' title='bbox 720 4430 779 4504; x_wconf 66' lang='grc' dir='ltr'><strong>παρ’</strong></span> <span class='ocrx_word' id='word_1_635' title='bbox 796 4431 852 4488; x_wconf 75' lang='lat' dir='ltr'><strong>isui</strong></span> <span class='ocrx_word' id='word_1_636' title='bbox 872 4433 966 4497; x_wconf 71' lang='lat' dir='ltr'><strong>resai-</strong></span> <span class='ocrx_word' id='word_1_637' title='bbox 1019 4435 1060 4489; x_wconf 78' lang='grc' dir='ltr'><strong>Ρ·</strong></span> <span class='ocrx_word' id='word_1_638' title='bbox 1084 4435 1089 4504; x_wconf 89' lang='grc' dir='ltr'>Ι</span> <span class='ocrx_word' id='word_1_639' title='bbox 1113 4449 1157 4490; x_wconf 88' lang='lat' dir='ltr'><strong>me</strong></span> <span class='ocrx_word' id='word_1_640' title='bbox 1180 4449 1264 4504; x_wconf 79' lang='lat' dir='ltr'><strong>agere</strong></span> <span class='ocrx_word' id='word_1_641' title='bbox 1286 4435 1313 4488; x_wconf 89' lang='lat' dir='ltr'><strong>P</strong></span> <span class='ocrx_word' id='word_1_642' title='bbox 1364 4435 1398 4490; x_wconf 88' lang='grc'><strong>19</strong></span> <span class='ocrx_word' id='word_1_643' title='bbox 1420 4434 1488 4504; x_wconf 81' lang='lat' dir='ltr'><strong>tota]</strong></span> <span class='ocrx_word' id='word_1_644' title='bbox 1512 4439 1573 4490; x_wconf 73' lang='lat' dir='ltr'><strong>tots</strong></span> <span class='ocrx_word' id='word_1_645' title='bbox 1595 4435 1651 4490; x_wconf 78' lang='lat' dir='ltr'><strong>uiis</strong></span> <span class='ocrx_word' id='word_1_646' title='bbox 1674 4437 1719 4490; x_wconf 86' lang='lat' dir='ltr'><strong>P·</strong></span> 
     </span>
     <span class='ocr_line' id='line_1_49' title="bbox 276 4499 1719 4591; baseline 0.006 -39"><span class='ocrx_word' id='word_1_647' title='bbox 276 4509 347 4553; x_wconf 78' lang='lat' dir='ltr'><strong>ilos·</strong></span> <span class='ocrx_word' id='word_1_648' title='bbox 369 4499 392 4552; x_wconf 85' lang='lat' dir='ltr'><strong>ei</strong></span> <span class='ocrx_word' id='word_1_649' title='bbox 411 4499 456 4571; x_wconf 79' lang='lat' dir='ltr'><strong>rip</strong></span> <span class='ocrx_word' id='word_1_650' title='bbox 479 4503 629 4568; x_wconf 68' lang='lat' dir='ltr'><strong>arsabo,</strong></span> <span class='ocrx_word' id='word_1_651' title='bbox 655 4501 702 4566; x_wconf 81' lang='grc' dir='ltr'><strong>οῨκ</strong></span> <span class='ocrx_word' id='word_1_652' title='bbox 726 4503 776 4591; x_wconf 66' lang='grc' dir='ltr'><strong>ἔχει</strong></span> <span class='ocrx_word' id='word_1_653' title='bbox 800 4502 903 4570; x_wconf 77' lang='lat' dir='ltr'><strong>irmrdu</strong></span> <span class='ocrx_word' id='word_1_654' title='bbox 928 4505 967 4560; x_wconf 83' lang='lat' dir='ltr'><strong>sic</strong></span> <span class='ocrx_word' id='word_1_655' title='bbox 1020 4507 1055 4560; x_wconf 75' lang='lat'><strong>22</strong></span> <span class='ocrx_word' id='word_1_656' title='bbox 1077 4504 1241 4576; x_wconf 86' lang='lat' dir='ltr'><strong>pamphilus]</strong></span> <span class='ocrx_word' id='word_1_657' title='bbox 1264 4503 1433 4575; x_wconf 79' lang='lat' dir='ltr'><strong>pamphilum</strong></span> <span class='ocrx_word' id='word_1_658' title='bbox 1457 4507 1497 4560; x_wconf 82' lang='lat' dir='ltr'><strong>P·</strong></span> <span class='ocrx_word' id='word_1_659' title='bbox 1566 4506 1602 4560; x_wconf 80' lang='lat'><strong>23</strong></span> <span class='ocrx_word' id='word_1_660' title='bbox 1630 4507 1719 4562; x_wconf 76' lang='lat' dir='ltr'><strong>sesti-</strong></span> 
     </span>
     <span class='ocr_line' id='line_1_50' title="bbox 274 4568 1720 4662; baseline 0.007 -39"><span class='ocrx_word' id='word_1_661' title='bbox 274 4568 308 4624; x_wconf 85' lang='lat' dir='ltr'><strong>rd</strong></span> <span class='ocrx_word' id='word_1_662' title='bbox 325 4569 414 4624; x_wconf 71' lang='lat' dir='ltr'><strong>istisin</strong></span> <span class='ocrx_word' id='word_1_663' title='bbox 431 4569 490 4641; x_wconf 63' lang='grc' dir='ltr'><strong>παρ’</strong></span> <span class='ocrx_word' id='word_1_664' title='bbox 507 4571 580 4635; x_wconf 69' lang='lat' dir='ltr'><strong>isui.</strong></span> <span class='ocrx_word' id='word_1_665' title='bbox 603 4575 625 4629; x_wconf 82' lang='lat' dir='ltr'><strong>ei</strong></span> <span class='ocrx_word' id='word_1_666' title='bbox 643 4573 674 4628; x_wconf 74' lang='lat' dir='ltr'><strong>si</strong></span> <span class='ocrx_word' id='word_1_667' title='bbox 692 4573 853 4662; x_wconf 61' lang='lat' dir='ltr'><strong>cieusgegic,</strong></span> <span class='ocrx_word' id='word_1_668' title='bbox 873 4585 966 4641; x_wconf 69' lang='lat' dir='ltr'><strong>crito·</strong></span> <span class='ocrx_word' id='word_1_669' title='bbox 1020 4575 1144 4633; x_wconf 62' lang='grc' dir='ltr'><strong>ιιιιιιοῖ1</strong></span> <span class='ocrx_word' id='word_1_670' title='bbox 1160 4579 1165 4643; x_wconf 93' lang='grc' dir='ltr'>Ι</span> <span class='ocrx_word' id='word_1_671' title='bbox 1181 4575 1300 4645; x_wconf 87' lang='lat' dir='ltr'><strong>quidem]</strong></span> <span class='ocrx_word' id='word_1_672' title='bbox 1320 4576 1386 4645; x_wconf 86' lang='lat' dir='ltr'><strong>quid</strong></span> <span class='ocrx_word' id='word_1_673' title='bbox 1398 4576 1439 4631; x_wconf 86' lang='lat' dir='ltr'><strong>P·</strong></span> <span class='ocrx_word' id='word_1_674' title='bbox 1482 4577 1518 4631; x_wconf 77' lang='lat'><strong>25</strong></span> <span class='ocrx_word' id='word_1_675' title='bbox 1536 4575 1720 4645; x_wconf 66' lang='lat' dir='ltr'><strong>assultantis</strong></span> 
     </span>
     <span class='ocr_line' id='line_1_51' title="bbox 276 4639 1719 4717; baseline 0.007 -23"><span class='ocrx_word' id='word_1_676' title='bbox 276 4641 367 4706; x_wconf 79' lang='lat' dir='ltr'><strong>rizsrsr</strong></span> <span class='ocrx_word' id='word_1_677' title='bbox 380 4639 413 4695; x_wconf 83' lang='grc' dir='ltr'><strong>τὸ</strong></span> <span class='ocrx_word' id='word_1_678' title='bbox 424 4639 456 4696; x_wconf 80' lang='lat' dir='ltr'><strong>ds</strong></span> <span class='ocrx_word' id='word_1_679' title='bbox 470 4640 528 4714; x_wconf 82' lang='lat' dir='ltr'><strong>rsp&#39;</strong></span> <span class='ocrx_word' id='word_1_680' title='bbox 544 4641 608 4710; x_wconf 75' lang='lat' dir='ltr'><strong>iuoi,</strong></span> <span class='ocrx_word' id='word_1_681' title='bbox 628 4645 650 4700; x_wconf 81' lang='lat' dir='ltr'><strong>ei</strong></span> <span class='ocrx_word' id='word_1_682' title='bbox 665 4645 699 4700; x_wconf 79' lang='lat' dir='ltr'><strong>sris</strong></span> <span class='ocrx_word' id='word_1_683' title='bbox 712 4643 769 4701; x_wconf 61' lang='grc' dir='ltr'><strong>κατ’</strong></span> <span class='ocrx_word' id='word_1_684' title='bbox 785 4646 906 4710; x_wconf 77' lang='grc' dir='ltr'><strong>ιιιιιιγιὸιι</strong></span> <span class='ocrx_word' id='word_1_685' title='bbox 918 4647 967 4709; x_wconf 86' lang='grc' dir='ltr'><strong>τοῨ</strong></span> <span class='ocrx_word' id='word_1_686' title='bbox 1020 4646 1060 4701; x_wconf 81' lang='lat' dir='ltr'><strong>P·</strong></span> <span class='ocrx_word' id='word_1_687' title='bbox 1104 4649 1139 4703; x_wconf 78' lang='grc'><strong>36</strong></span> <span class='ocrx_word' id='word_1_688' title='bbox 1156 4646 1326 4717; x_wconf 79' lang='lat' dir='ltr'><strong>reddidisset]</strong></span> <span class='ocrx_word' id='word_1_689' title='bbox 1345 4646 1510 4702; x_wconf 83' lang='lat' dir='ltr'><strong>reddidisset</strong></span> <span class='ocrx_word' id='word_1_690' title='bbox 1526 4646 1566 4701; x_wconf 84' lang='lat' dir='ltr'><strong>P·</strong></span> <span class='ocrx_word' id='word_1_691' title='bbox 1609 4647 1646 4702; x_wconf 72' lang='lat'><strong>27</strong></span> <span class='ocrx_word' id='word_1_692' title='bbox 1665 4649 1719 4704; x_wconf 76' lang='lat' dir='ltr'><strong>sla·-</strong></span> 
     </span>
     <span class='ocr_line' id='line_1_52' title="bbox 274 4709 1719 4788; baseline 0.006 -22"><span class='ocrx_word' id='word_1_693' title='bbox 274 4711 392 4767; x_wconf 77' lang='lat' dir='ltr'><strong>rsosisicsi</strong></span> <span class='ocrx_word' id='word_1_694' title='bbox 410 4732 443 4767; x_wconf 81' lang='lat' dir='ltr'><strong>sse</strong></span> <span class='ocrx_word' id='word_1_695' title='bbox 460 4709 611 4783; x_wconf 71' lang='lat' dir='ltr'><strong>isixescB</strong></span> <span class='ocrx_word' id='word_1_696' title='bbox 623 4715 739 4787; x_wconf 68' lang='lat' dir='ltr'><strong>(Aaou),</strong></span> <span class='ocrx_word' id='word_1_697' title='bbox 757 4717 781 4772; x_wconf 81' lang='lat' dir='ltr'><strong>si</strong></span> <span class='ocrx_word' id='word_1_698' title='bbox 793 4717 898 4772; x_wconf 78' lang='grc' dir='ltr'><strong>εἷοτῶιι</strong></span> <span class='ocrx_word' id='word_1_699' title='bbox 912 4736 966 4773; x_wconf 85' lang='grc' dir='ltr'><strong>κοι·</strong></span> <span class='ocrx_word' id='word_1_700' title='bbox 1020 4717 1155 4773; x_wconf 87' lang='lat' dir='ltr'><strong>ohumP·</strong></span> <span class='ocrx_word' id='word_1_701' title='bbox 1199 4716 1511 4788; x_wconf 75' lang='lat' dir='ltr'><strong>29debeat1dsbetPL</strong></span> <span class='ocrx_word' id='word_1_702' title='bbox 1554 4717 1591 4772; x_wconf 87' lang='grc'><strong>30</strong></span> <span class='ocrx_word' id='word_1_703' title='bbox 1608 4718 1719 4775; x_wconf 64' lang='lat' dir='ltr'><strong>asab</strong></span> 
     </span>
     <span class='ocr_line' id='line_1_53' title="bbox 276 4782 1721 4859; baseline 0.006 -22"><span class='ocrx_word' id='word_1_704' title='bbox 276 4783 375 4838; x_wconf 78' lang='grc' dir='ltr'><strong>ιιωιιῶκ</strong></span> <span class='ocrx_word' id='word_1_705' title='bbox 393 4782 425 4838; x_wconf 88' lang='grc' dir='ltr'><strong>τὸ</strong></span> <span class='ocrx_word' id='word_1_706' title='bbox 442 4783 523 4854; x_wconf 73' lang='lat' dir='ltr'><strong>sipon</strong></span> <span class='ocrx_word' id='word_1_707' title='bbox 540 4785 589 4847; x_wconf 83' lang='grc' dir='ltr'><strong>τοῩ</strong></span> <span class='ocrx_word' id='word_1_708' title='bbox 606 4785 709 4851; x_wconf 67' lang='lat' dir='ltr'><strong>nistros</strong></span> <span class='ocrx_word' id='word_1_709' title='bbox 725 4785 861 4854; x_wconf 67' lang='grc' dir='ltr'><strong>ὲκιιοιίιειι,</strong></span> <span class='ocrx_word' id='word_1_710' title='bbox 883 4788 965 4844; x_wconf 76' lang='lat' dir='ltr'><strong>dats</strong></span> <span class='ocrx_word' id='word_1_711' title='bbox 1020 4789 1141 4859; x_wconf 90' lang='lat' dir='ltr'><strong>surdum]</strong></span> <span class='ocrx_word' id='word_1_712' title='bbox 1165 4792 1193 4844; x_wconf 90' lang='lat' dir='ltr'><strong>et</strong></span> <span class='ocrx_word' id='word_1_713' title='bbox 1210 4787 1360 4844; x_wconf 86' lang='lat' dir='ltr'><strong>absurdum</strong></span> <span class='ocrx_word' id='word_1_714' title='bbox 1377 4789 1425 4854; x_wconf 68' lang='lat' dir='ltr'><strong>P0,</strong></span> <span class='ocrx_word' id='word_1_715' title='bbox 1448 4793 1477 4844; x_wconf 88' lang='lat' dir='ltr'><strong>st</strong></span> <span class='ocrx_word' id='word_1_716' title='bbox 1499 4787 1651 4843; x_wconf 81' lang='lat' dir='ltr'><strong>absurdum</strong></span> <span class='ocrx_word' id='word_1_717' title='bbox 1671 4795 1721 4846; x_wconf 84' lang='lat' dir='ltr'><strong>est</strong></span> 
     </span>
     <span class='ocr_line' id='line_1_54' title="bbox 275 4841 1721 4944; baseline 0.007 -38"><span class='ocrx_word' id='word_1_718' title='bbox 275 4851 420 4925; x_wconf 74' lang='lat' dir='ltr'><strong>iropserr&#39;sc</strong></span> <span class='ocrx_word' id='word_1_719' title='bbox 443 4853 491 4916; x_wconf 76' lang='grc' dir='ltr'><strong>οῩκ</strong></span> <span class='ocrx_word' id='word_1_720' title='bbox 513 4853 627 4920; x_wconf 61' lang='lat' dir='ltr'><strong>elisam</strong></span> <span class='ocrx_word' id='word_1_721' title='bbox 646 4855 698 4918; x_wconf 77' lang='grc' dir='ltr'><strong>Ῡιιὸ</strong></span> <span class='ocrx_word' id='word_1_722' title='bbox 714 4858 763 4921; x_wconf 66' lang='lat' dir='ltr'><strong>roi</strong></span> <span class='ocrx_word' id='word_1_723' title='bbox 780 4841 880 4930; x_wconf 68' lang='lat' dir='ltr'><strong>upiior</strong></span> <span class='ocrx_word' id='word_1_724' title='bbox 897 4858 966 4944; x_wconf 70' lang='lat' dir='ltr'><strong>(aad</strong></span> <span class='ocrx_word' id='word_1_725' title='bbox 1019 4859 1117 4915; x_wconf 74' lang='lat' dir='ltr'><strong>P‘LU</strong></span> <span class='ocrx_word' id='word_1_726' title='bbox 1189 4860 1224 4914; x_wconf 87' lang='grc'><strong>33</strong></span> <span class='ocrx_word' id='word_1_727' title='bbox 1251 4873 1304 4914; x_wconf 84' lang='lat' dir='ltr'><strong>neo</strong></span> <span class='ocrx_word' id='word_1_728' title='bbox 1330 4877 1380 4914; x_wconf 85' lang='lat' dir='ltr'><strong>om.</strong></span> <span class='ocrx_word' id='word_1_729' title='bbox 1395 4858 1474 4923; x_wconf 63' lang='lat' dir='ltr'><strong>Pu,</strong></span> <span class='ocrx_word' id='word_1_730' title='bbox 1502 4859 1547 4913; x_wconf 80' lang='lat' dir='ltr'><strong>uhi</strong></span> <span class='ocrx_word' id='word_1_731' title='bbox 1570 4861 1656 4931; x_wconf 69' lang='lat' dir='ltr'><strong>sappi</strong></span> <span class='ocrx_word' id='word_1_732' title='bbox 1686 4879 1721 4916; x_wconf 75' lang='lat' dir='ltr'><strong>ss</strong></span> 
     </span>
     <span class='ocr_line' id='line_1_55' title="bbox 275 4923 1472 5051; baseline 0.003 -72"><span class='ocrx_word' id='word_1_733' title='bbox 275 4923 393 5014; x_wconf 69' lang='lat' dir='ltr'><strong>roiusp&#39;</strong></span> <span class='ocrx_word' id='word_1_734' title='bbox 408 4923 676 5051; x_wconf 54' lang='grc' dir='ltr'><strong>ιγίᾣὶλειιεκογλίο,</strong></span> <span class='ocrx_word' id='word_1_735' title='bbox 692 4927 966 4985; x_wconf 62' lang='lat' dir='ltr'><strong>detinuerimus·</strong></span> <span class='ocrx_word' id='word_1_736' title='bbox 1020 4929 1154 4999; x_wconf 47' lang='lat' dir='ltr'><strong>Pisana),</strong></span> <span class='ocrx_word' id='word_1_737' title='bbox 1172 4945 1205 4984; x_wconf 76' lang='lat' dir='ltr'><strong>n·</strong></span> <span class='ocrx_word' id='word_1_738' title='bbox 1222 4930 1259 4983; x_wconf 80' lang='lat' dir='ltr'><strong>L·</strong></span> <span class='ocrx_word' id='word_1_739' title='bbox 1310 4931 1348 4985; x_wconf 82' lang='lat'><strong>34</strong></span> <span class='ocrx_word' id='word_1_740' title='bbox 1364 4933 1428 4985; x_wconf 79' lang='lat' dir='ltr'><strong>ante</strong></span> <span class='ocrx_word' id='word_1_741' title='bbox 1444 4929 1472 4982; x_wconf 91' lang='lat' dir='ltr'><strong>P</strong></span> 
     </span>
    </p>

    <p class='ocr_par' dir='ltr' id='par_1_10' title="bbox 276 4999 1027 5075">
     <span class='ocr_line' id='line_1_56' title="bbox 276 4999 1027 5075; baseline 0.005 -25"><span class='ocrx_word' id='word_1_742' title='bbox 276 5013 344 5062; x_wconf 78' lang='lat' dir='ltr'><strong>rarsi</strong></span> <span class='ocrx_word' id='word_1_743' title='bbox 372 5015 446 5070; x_wconf 79' lang='lat' dir='ltr'><strong>surps</strong></span> <span class='ocrx_word' id='word_1_744' title='bbox 489 5015 570 5064; x_wconf 67' lang='lat' dir='ltr'><strong>sors:</strong></span> <span class='ocrx_word' id='word_1_745' title='bbox 598 4999 665 5054; x_wconf 82' lang='lat' dir='ltr'><strong>s&#39;dsm</strong></span> <span class='ocrx_word' id='word_1_746' title='bbox 691 5002 842 5071; x_wconf 75' lang='lat' dir='ltr'><strong>sorsfisrrml</strong></span> <span class='ocrx_word' id='word_1_747' title='bbox 867 5001 966 5057; x_wconf 75' lang='lat' dir='ltr'><strong>setalia</strong></span> <span class='ocrx_word' id='word_1_748' title='bbox 1025 5070 1027 5075; x_wconf 15' lang='lat' dir='ltr'>y</span> 
     </span>
    </p>
   </div>
   <div class='ocr_carea' id='block_1_5' title="bbox 0 0 1874 5550">
    <p class='ocr_par' dir='ltr' id='par_1_11' title="bbox 0 0 1874 5550">
     <span class='ocr_line' id='line_1_57' title="bbox 0 0 1874 5550; baseline 0 0"><span class='ocrx_word' id='word_1_749' title='bbox 0 0 1874 5550; x_wconf 95' lang='lat' dir='ltr'><strong> </strong></span> 
     </span>
    </p>
   </div>
  </div>
 </body>
</html>
