3698 5560
6 475 8 510 l

6 537 8 580 l

142 297 229 354 ouon
245 297 375 348 curesc.
392 301 487 352 nuru.
503 301 662 360 ronse
825 283 882 362 97
1383 293 1426 362 ΠΙ
1448 298 1569 361 41-7

115 441 264 505 reportent,
282 441 382 506 mnu
398 435 455 492 lint
483 437 604 505 Quodsi
622 455 702 502 remo
720 457 769 498 coe
786 441 924 513 detondet,
943 443 1016 514 quod
1035 460 1130 500 eorum
1149 460 1295 502 commune
1312 449 1364 504 erit
1380 450 1515 520 posslderi
1532 458 1569 524 et,

175 523 304 580 admoniti
322 541 376 580 non
394 527 548 582 excitentur
565 529 602 584 ud
620 530 663 584 eui
681 529 882 601 defensionem,
905 533 999 588 uenire
1017 547 1047 588 ue
1066 535 1203 590 iussurum
1222 538 1369 604 proconsul
1387 539 1434 594 nit.
1465 545 1494 595 et
1511 541 1569 609 qui-

138 611 194 666 dem
212 629 266 668 non
285 628 346 669 eree
364 619 484 670 actorem
504 616 548 671 uel
565 617 710 689 syndicum
728 624 795 674 tunc
812 636 920 692 quoque
939 621 1130 692 intellegimus,
1150 638 1212 680 cum
1231 624 1255 678 ie
1267 623 1340 680 obsit
1351 631 1400 680 eut
1411 627 1569 684 udetudino

112 699 296 768 rimpedietur
317 709 365 758 sut
389 701 515 760 inhabilis
537 705 573 760 eit
597 706 634 761 ud
656 707 804 776 agendum.
840 708 876 762 Et
894 709 917 764 si
936 713 1082 766 exmerent
1101 709 1249 768 defendere
1267 711 1335 768 uelit
1352 713 1569 786 uniuersitatem,

137 789 263 857 permittit
285 792 444 862 proconsul,
468 793 539 848 sicut
556 793 589 850 in
612 794 781 864 priuetomm
805 794 1010 854 defensionibus
1033 797 1210 869 obseruator,
1233 800 1299 870 quis
1321 815 1355 858 eo
1375 801 1457 858 modo
1475 805 1603 861 meliors

135 877 253 932 condicio
271 879 458 936 uniuersitatis
475 879 516 936 fit

106 966 120 1023 i
182 964 334 1022 umarus
351 967 420 1024 libro
438 975 538 1026 octeno
556 969 592 1024 nd
609 969 738 1026 edictum.
769 969 798 1028 Si
817 972 967 1043 municipes
984 974 1029 1030 uel
1047 975 1138 1049 eliqua
1156 975 1322 1032 uniuersltus
1340 978 1377 1032 sd
1396 973 1570 1060 [sen—ron
1590 991 1615 1044 Ε

134 1053 265 1122 egendum
285 1055 333 1110 det
350 1062 480 1126 notorem,
498 1072 554 1113 non
571 1059 623 1113 erit
640 1059 786 1116 dicendum
804 1061 884 1129 qucei
901 1076 919 1115 r
935 1061 1059 1132 pluribus
1077 1061 1174 1119 dutum
1192 1064 1232 1120 sio
1250 1063 1358 1120 heberi:
1377 1053 1570 1141 bic—endu]

133 1157 159 1196 re
176 1141 288 1212 publice
305 1145 351 1200 nel
368 1147 546 1202 uniucreilcte
563 1147 720 1216 interuenit,
738 1163 793 1204 non
810 1164 861 1218 pro
879 1150 1003 1218 singulis.
1587 1170 1602 1210 s

6 1295 7 1302 ἵ
104 1233 119 1290 3
180 1232 259 1286 Innnr
282 1231 352 1288 lrbro
369 1249 441 1290 nono
459 1234 495 1289 ud
513 1234 642 1291 edictum.
678 1236 751 1291 Nulli
769 1237 936 1305 permittatur
953 1237 1062 1294 nomine
1080 1239 1201 1296 ciuitatis
1219 1239 1263 1296 uel
1282 1241 1374 1297 curiae
1394 1237 1569 1324 [W
1588 1253 1615 1306 Ε

133 1321 244 1388 experiri
263 1321 316 1374 nisi
334 1321 368 1390 ei,
386 1323 432 1378 cui
449 1323 493 1378 lex
510 1324 652 1402 permittit,
670 1329 719 1378 sut
736 1325 798 1393 lego
817 1330 943 1382 cessnme
960 1325 1028 1382 ordo
1046 1325 1135 1396 dedit,
1155 1341 1218 1386 cum
1236 1327 1308 1385 duee
1326 1318 1570 1400 puteiffesiefft

133 1413 176 1462 sut
192 1409 313 1478 emplius
331 1425 412 1478 quam
431 1410 511 1466 dune.

104 1499 117 1554 l
179 1496 302 1552 Psunue
318 1496 388 1553 libro
406 1514 477 1554 nono
496 1499 532 1554 cd
550 1499 679 1554 edictum.
706 1499 790 1554 Plane
805 1507 836 1555 ut
848 1500 919 1557 duee
931 1508 1024 1573 parter
1036 1503 1214 1559 decurionum
1228 1502 1373 1574 udluerint,
1394 1502 1570 1588 [Πῇοῖ
1588 1517 1615 1570 Ε

1409 1582 1570 1591 ——--...

131 1584 279 1654 isquoque
299 1601 379 1654 quem
399 1585 548 1641 decernent
566 1587 702 1642 numerari
720 1593 821 1658 poteet.
1588 1619 1618 1660 rt

102 1677 117 1732 5
179 1672 333 1728 Unrrmure
350 1672 419 1728 libro
437 1680 537 1730 octauo
555 1674 591 1729 nd
609 1675 738 1731 edictum.
767 1677 839 1732 lllud
852 1678 1002 1734 notandum
1014 1679 1182 1749 Pomponius
1194 1679 1240 1749 ait,
1260 1679 1334 1750 quod
1347 1687 1376 1736 et
1395 1675 1568 1765 Q
1588 1693 1615 1746 Ε

130 1761 209 1830 putris
227 1761 391 1830 suffragium
410 1759 465 1817 lilio
483 1763 604 1833 proderit
623 1769 650 1818 et
669 1761 717 1818 filli
735 1767 816 1836 putri,
950 1755 954 1764 ’

102 1853 116 1906 3
176 1851 300 1904 Procne
315 1848 384 1904 libro
403 1866 475 1906 nono
492 1850 528 1904 ud
547 1851 676 1908 edictum.
704 1853 771 1908 item
783 1869 886 1925 eorum,
905 1855 951 1924 qui
964 1855 993 1910 in
1004 1853 1126 1910 eiuedem
1141 1859 1278 1924 potestate
1292 1861 1371 1910 eunt:
1393 1851 1568 1938 [W
1586 1867 1614 1920 Ε

129 1939 202 2006 quasi
218 1937 335 1993 decurio
353 1939 424 1994 enim
441 1938 494 1994 boc
512 1939 597 2009 dedit,
616 1955 670 1996 non
687 1942 766 2010 cunei
785 1942 937 1998 domestice
953 1960 1079 2013 perrone.
1107 1943 1181 2012 quod
1199 1948 1228 1998 et
1245 1942 1419 1998 inhonorum
1433 1945 1565 2014 petitione

105 2041 114 2082 1
129 2027 176 2080 erit
196 2026 381 2096 ceruendum,
405 2027 457 2082 nisi
480 2029 525 2082 lor
543 2029 682 2098 municipii
701 2029 745 2084 uel
763 2037 896 2100 perpetue
913 2032 1083 2088 consuetudo
1101 2029 1253 2100 prohibent.
1291 2031 1320 2088 Si
1338 2032 1502 2088 decuriones
1520 2032 1566 2088 de-

129 2121 270 2170 creuerunt
294 2115 428 2169 actionem
452 2131 502 2184 per
524 2131 587 2170 eum
611 2117 775 2172 mouendum
798 2133 879 2188 quem
903 2119 1040 2175 duumuiri
1064 2119 1209 2190 elegerint,
1233 2121 1257 2174 ie
1281 2120 1390 2175 uidetur
1415 2119 1450 2176 ub
1470 2120 1565 2176 ordine
1586 2137 1615 2178 ro

129 2203 226 2256 electus
248 2209 279 2257 et
298 2202 360 2256 ideo
378 2203 495 2272 experiri
513 2209 616 2272 potest:
635 2206 714 2274 perui
732 2207 804 2260 enim
823 2206 918 2277 refert,
943 2207 1002 2278 ipse
1021 2207 1087 2263 ordo
1106 2208 1220 2276 elegerit
1237 2222 1273 2262 sn
1291 2208 1315 2263 ie
1334 2209 1378 2264 cui
1397 2207 1463 2263 ordo
1483 2205 1566 2277 nego-

128 2291 188 2344 tium
206 2291 297 2345 dedit.
329 2291 378 2344 eed
396 2291 419 2345 ei
437 2291 477 2346 ita
495 2290 679 2362 decreueriltt,
698 2299 730 2348 ut
746 2310 935 2366 quoecumque
954 2295 1095 2350 incidisset
1112 2295 1311 2366 controuersia,
1331 2296 1391 2352 eius
1409 2296 1565 2366 petendue¹

128 2380 264 2447 negotium
284 2379 375 2433 Titius
392 2378 519 2450 nuberet,
543 2380 602 2450 ipso
621 2382 679 2436 iure
698 2381 726 2436 id
744 2382 885 2438 decretum
903 2384 1003 2438 nullius
1022 2383 1152 2438 momenti
1171 2398 1246 2453 esse,
1265 2384 1331 2453 quir
1349 2399 1403 2440 non
1421 2385 1509 2454 possit
1527 2385 1566 2438 ui·

128 2465 180 2522 deri
197 2468 233 2522 dc
253 2484 291 2524 ea
307 2482 346 2536 re,
365 2483 435 2536 quse
453 2467 543 2524 adhuc
561 2469 590 2525 in
607 2471 793 2526 controuersia
805 2485 859 2526 non
872 2471 916 2540 sit,
935 2471 1046 2526 decreto
1059 2471 1152 2526 dotem
1165 2472 1392 2553 persecutionem.
1422 2471 1472 2526 sed
1485 2471 1567 2526 hodie

104 2554 188 2612 rhuec
206 2557 305 2612 omnic
320 2569 370 2624 per
388 2555 517 2626 syndicus
535 2558 624 2613 solent
641 2558 792 2614 secundum
809 2559 931 2616 locorum
949 2559 1176 2614 consuetudinem
1194 2560 1333 2630 explicari.
1364 2559 1436 2626 Quid
1454 2559 1567 2614 sicctor
1585 2577 1615 2618 rc

128 2644 201 2698 datus
225 2651 327 2715 postea
351 2643 461 2700 decreto
485 2645 661 2702 decurionum
684 2646 837 2717 prohibitus
855 2649 904 2716 sit,
929 2663 965 2704 un
982 2649 1109 2718 exceptio
1126 2648 1152 2704 ei
1171 2648 1288 2703 nocent?
1320 2653 1350 2702 et
1365 2653 1435 2717 puto
1454 2647 1495 2702 eic
1513 2645 1565 2701 boc

104 2733 329 2803 surripiendum,
347 2737 378 2786 ut
396 2733 420 2786 ei
439 2733 573 2803 permissu
591 2734 729 2804 uidentur,
749 2735 793 2790 cui
812 2741 839 2790 et
857 2737 993 2806 permissu
1010 2735 1100 2792 duret
1137 2735 1225 2792 Actor
1242 2735 1429 2791 uniuersitetis
1447 2735 1471 2790 si
1490 2739 1564 2804 eget,

128 2823 296 2892 compellitur
320 2821 403 2876 ctiam
425 2819 585 2892 defendere,
609 2837 663 2877 non
688 2827 780 2877 cutem
798 2824 970 2894 compellitur
988 2840 1087 2880 cauere
1105 2824 1140 2879 de
1158 2828 1227 2880 reto.
1265 2823 1315 2880 sed
1333 2823 1469 2880 interdum
1488 2823 1511 2877 si
1531 2823 1565 2878 de

128 2909 231 2966 derreto
249 2907 403 2979 dubitetur,
421 2914 489 2979 puto
507 2909 732 2980 interponendum
750 2911 831 2967 etde
850 2915 911 2968 roto
929 2913 1092 2969 cnutonem.
1120 2918 1197 2968 actor
1211 2913 1303 2982 inque
1316 2912 1368 2967 iete
1381 2909 1565 2982 procuratoris

128 2998 245 3067 partibus
268 2997 394 3067 iungitur
418 3003 446 3052 et
468 2999 581 3054 iudicati
604 2999 676 3054 ectio
694 2998 721 3054 ei
739 3015 774 3054 ex
792 2999 882 3055 edicto
900 3016 955 3055 non
973 3000 1055 3058 detur
1073 3001 1125 3055 uisi
1144 3001 1172 3056 iu
1190 3015 1248 3056 rem
1267 3015 1346 3055 suum
1364 2998 1446 3056 dutus
1465 2999 1509 3054 eit.
1537 3004 1612 3056 etro

128 3087 250 3142 cunstitui
274 3087 303 3141 ei
325 3091 424 3156 potcrt.
458 3101 492 3142 er
517 3087 606 3142 isdem
629 3087 720 3142 causis
740 3087 864 3144 mutendi
882 3089 983 3144 notorie
1000 3093 1124 3160 potestne
1142 3088 1206 3158 erit,
1230 3103 1266 3144 er
1284 3086 1384 3158 qrdbue
1402 3087 1485 3142 etism
1503 3103 1564 3157 pro

127 3178 263 3230 curatoris
294 3181 371 3230 actor
388 3174 470 3230 etiem
490 3173 562 3230 filius
580 3173 697 3232 iemilics
716 3176 775 3232 deri
793 3181 894 3247 potest.

8 3292 11 3353 !
101 3264 115 3318 'l
173 3263 329 3318 Ummnue
347 3261 414 3318 libro
430 3263 726 3319 decimondedictum.
754 3263 832 3320 Sicut
845 3265 1010 3336 municipum
1024 3263 1133 3320 nomino
1146 3263 1280 3320 sobonem
1293 3278 1370 3335 pree·
1390 3261 1564 3348 Q
1583 3275 1610 3328 Ε

127 3357 165 3404 tor
180 3351 267 3420 dedit,
287 3351 328 3406 ite
346 3357 376 3404 et
393 3351 525 3406 cduereus
543 3365 591 3407 eos
609 3353 758 3408 iustissime
776 3353 938 3409 edicendum
957 3353 1073 3424 putauit
1101 3352 1151 3408 sed
1163 3353 1304 3422 etleguto,
1323 3351 1410 3422 quiin
1422 3354 1562 3422 negotium

105 3455 112 3496 r
128 3439 258 3507 publicum
279 3443 421 3510 sumptum
440 3439 513 3510 lecit,
532 3445 598 3510 puto
617 3439 737 3496 dandum
756 3441 891 3496 actionem
907 3441 934 3496 in
947 3441 1107 3511 municipes.
1135 3439 1165 3498 Si
1177 3440 1244 3510 quid
1257 3440 1428 3496 uniuersitcti
1440 3440 1563 3512 debetur,
1584 3457 1612 3498 rr

106 3527 234 3598 rsingulls
253 3543 313 3584 non
330 3527 458 3584 debetur:
478 3543 529 3584 nec
547 3529 621 3598 quod
639 3527 723 3584 debet
741 3529 907 3586 uniuersitee
924 3531 1024 3599 singuli
1042 3528 1151 3586 debent
1179 3530 1210 3586 In
1228 3527 1421 3598 decurionibus
1441 3529 1485 3584 uel
1503 3529 1563 3584 eliis

131 3615 353 3672 uniuersitetrbns
370 3615 434 3672 nihil
452 3615 544 3686 refert,
564 3621 655 3672 utrum
674 3632 769 3672 omnus
787 3617 860 3672 idom
878 3623 1008 3674 muneent
1026 3634 1061 3673 nu
1079 3634 1144 3688 pere
1163 3623 1273 3674 monent
1291 3617 1335 3672 uel
1353 3632 1448 3674 omnes
1467 3617 1563 3674 immu-

131 3731 274 3800 mviii)

964 3843 995 3850 ...-
999 3840 1565 3854 mm—

132 3901 137 3932 ¹
146 3903 256 3968 femare
275 3899 398 3952 lardarius
415 3898 456 3952 Β.·
473 3899 661 3956 controuersia
678 3900 726 3968 cie,
744 3898 855 3969 petendi
874 3901 908 3966 (u.
921 3899 968 3966 ri?

131 4038 316 4094 32'u'ctorem
330 4039 357 4090 F
385 4037 451 4094 ted
464 4040 564 4094 onnP⁶
599 4040 819 4095 5301111011οΡ
871 4041 969 4101 reiron
983 4038 1120 4095 &uerreirlu
1134 4039 1251 4106 rimc(?)
1264 4039 1333 4094 <berc
1346 4039 1434 4094 Tirrou
1447 4041 1502 4094 τῶκ
1518 4039 1563 4094 ibt·

131 4109 397 4166 fiuni'us'uersitutis
415 4110 461 4176 F!
480 4107 520 4179 fil]
540 4111 577 4166 sit
592 4112 621 4165 P
672 4111 818 4166 71111111ίοί-
873 4113 927 4166 sdic
954 4109 1159 4174 iuurrurourme
1187 4111 1335 4182 operrizeru
1363 4111 1413 4165 BS
1443 4111 1564 4182 (Steplr.)

14 4204 18 4252 ,-
131 4182 213 4248 petl'l
228 4181 665 4244 oniuereitusssuniuereitnteP·
682 4182 818 4237 83131111-
872 4183 907 4236 24
934 4181 1048 4236 bodi‘c'c
1074 4184 1102 4235 F
1167 4183 1202 4238 25
1230 4180 1300 4250 expl.
1330 4195 1384 4237 ecc.
1414 4181 1464 4236 loo.
1488 4197 1563 4236 cons.

132 4249 187 4306 dum
204 4251 819 4322 ffllqmsiw’lsi01sicsitpraetor1²⁰
872 4253 949 4320 PVl
971 4251 1083 4308 n'u'ctor
1100 4254 1127 4305 F
1174 4253 1208 4307 27
1228 4257 1259 4307 ut
1277 4253 1302 4306 ei
1320 4252 1454 4322 permissa
1471 4251 1564 4307 uidea-

132 4321 233 4377 incr*
256 4338 310 4393 pro
334 4319 386 4375 F²¹
449 4323 483 4376 10
502 4323 677 4394 permittitur]
707 4323 818 4387 PVLU,
872 4323 925 4392 tur]
951 4319 1019 4378 ὦεῐε
1043 4325 1130 4378 burele
1154 4322 1248 4390 ὲκείκῳ
1266 4321 1315 4377 rr'ur
1334 4323 1455 4384 runcinus
1474 4321 1563 4378 iberes

16 4386 20 4397 '
132 4393 354 4458 permittendi}
371 4391 467 4454 ἐφεῖται
480 4395 529 4448 BS
545 4394 654 4520 (Stssb.)
671 4395 675 4460 Ι
691 4394 818 4448 *nominc
871 4393 1051 4464 intrerpiciisr
1072 4395 1120 4448 BS
1139 4395 1262 4465 (slepi),
1280 4395 1326 4448 sed
1340 4401 1424 4465 polest
1441 4413 1471 4448 er
1488 4399 1565 4448 actor

134 4462 164 4514 Ρ
201 4468 232 4520 11
251 4466 300 4521 lex
317 4463 459 4533 permittit]
479 4465 506 4516 F
518 4485 574 4520 cum
627 4472 651 4519 sl
665 4465 713 4518 BS
732 4463 817 4528 (buo-
872 4473 1025 4538 cogitatione
1043 4467 1112 4537 effici
1130 4465 1202 4518 ectio
1223 4465 1228 4532 Ι
1249 4469 1278 4518 ot
1302 4463 1432 4518 mihil
1449 4465 1454 4530 Ι
1474 4464 1564 4519 sitatis

16 4540 17 4549 ¹
135 4553 175 4587 nor
196 4535 353 4606 irreperet),
376 4535 489 4604 exlege
512 4535 678 4604 permittitur
695 4535 818 4600 Pvttu,
872 4537 1067 4591 ...28uutem
1081 4535 1303 4604 compelliturtn
1317 4535 1365 4587 F*
1417 4535 1452 4590 28
1470 4535 1563 4590 dede·

16 4639 17 4676 5
134 4607 198 4670 pluro
221 4627 271 4660 orn.
285 4606 322 4660 V⁰
384 4605 745 4676 14quoqu0r²1quem
770 4626 818 4660 ona.
872 4607 955 4674 croto]
970 4607 1080 4660 decreto
1098 4607 1170 4660 P·V
1219 4607 1254 4660 29
1272 4603 1407 4660 ntuetr
1429 4607 1434 4672 Ι
1453 4604 1564 4662 u'u’ctor
1653 4633 1656 4642 =

137 4673 228 4730 1)·111Ι
256 4679 289 4731 17
299 4675 434 4744 eiusdem]
444 4677 473 4740 F,
483 4675 604 4730 eiusdem
612 4677 698 4746 patrie
707 4675 818 4740 PVLU,
871 4677 913 4744 ΕΙ
928 4676 1012 4732 ist'a'e
1023 4677 1064 4744 rt
1080 4675 1300 4746 procuratoribus
1318 4677 1359 4730 P·
1403 4677 1438 4730 30
1451 4691 1504 4730 non
1517 4675 1563 4730 de·

137 4744 156 4796 oi
166 4747 429 4810 cruentioicrorle
438 4748 485 4800 RS
501 4747 505 4814 Ι
521 4750 585 4801 sunt
597 4767 645 4800 om.
655 4748 694 4801 P⁰
740 4748 774 4801 18
791 4751 820 4802 el
871 4752 916 4803 tur
934 4749 992 4814 F¹l
1013 4747 1048 4802 eit
1066 4748 1102 4816 ot]
1123 4748 1159 4802 eit
1176 4763 1211 4802 ex
1228 4748 1264 4801 F¹
1319 4746 1565 4816 31eip0teetlct

138 4832 177 4868 oss
187 4818 260 4872 ΡΠ·
282 4820 286 4884 1
306 4817 439 4888 petitione
451 4817 620 4886 (petitionem
634 4819 672 4884 P)
689 4818 752 4872 bon.
766 4818 823 4871 PV
871 4823 964 4888 potest
976 4819 1010 4872 pr
1027 4818 1032 4885 l
1048 4817 1153 4872 ledem‘
1162 4819 1200 4870 F’
1214 4819 1219 4884 Ι
1235 4817 1369 4873 u‘u'ctcrie
1381 4817 1422 4886 F!
1437 4823 1563 4887 potestne

139 4887 166 4940 13
181 4889 330 4944 mundus
349 4889 390 4942 P⁶
433 4889 467 4943 21
487 4889 531 4943 cui
549 4888 625 4957 ordo]
644 4889 688 4943 cui
706 4888 766 4944 ordi
781 4889 817 4942 F²
872 4889 909 4942 F
946 4889 981 4943 33
999 4889 1099 4944 munioi
1119 4889 1174 4944 ium
1189 4889 1306 4944 P⁶V⁰L⁰
1342 4889 1377 4943 34
1391 4886 1570 4956 lego‘ou'th

139 4955 167 5009 il
196 4958 552 5029 controuereiuei⁴'cumque
586 4959 769 5016 incidisset'ue
798 4959 822 5012 F
871 4960 907 5014 35
924 4959 1073 5030 monicipee
1141 4959 1365 5028 luniuoreitetiu⁴
1384 4959 1422 5012 F’
1437 4961 1442 5026 Ι
1457 4956 1564 5014 debitor

140 5026 296 5098 iddio:
319 5031 363 5086 isc
387 5030 529 5086 oisbs'rncre
552 5031 695 5094 brinnende
712 5029 816 5100 iuniore,
871 5031 941 5100 sing.
960 5031 1007 5096 P',
1027 5029 1135 5087 debitur
1152 5031 1223 5100 sing.
1242 5031 1279 5083 L·
1331 5031 1367 5084 36
1385 5029 1452 5084 uliae
1470 5029 1517 5081 F·‘
