3690 5558
261 198 378 264 XVIIII
402 202 416 264 1
440 205 556 259 32—39
930 189 1018 271 554
1418 217 1465 262 ns
1488 215 1688 263 terreamus

204 356 242 414 32
315 356 465 411 Uneranus
488 354 556 411 libro
574 355 718 411 undecimo
736 355 772 410 ad
790 353 918 410 edictum.
955 353 984 409 Si
1006 355 1067 424 quis
1091 369 1108 409 a
1131 369 1175 409 me
1197 354 1286 410 oleum
1309 354 1385 424 quod
1407 355 1520 410 emisset
1537 347 1690 438 Q
1706 364 1730 416 Ε

262 444 390 500 adhibitis
409 445 508 513 iniquis
526 443 691 514 ponderibus
710 445 874 514 accepisset,
892 449 923 498 nt
941 444 968 498 in
987 443 1068 499 modo
1087 459 1131 498 me
1148 442 1266 512 falleret,
1285 445 1330 498 uel
1349 448 1456 514 emptor
1473 444 1690 512 circumscriptus

261 534 297 588 sit
314 549 330 588 a
348 533 490 587 uenditore
508 533 674 602 ponderibus
692 532 849 601 minoribus,
868 533 1034 602 Pomponius
1052 533 1091 586 ait
1108 547 1190 601 posse
1208 532 1277 586 diei¹
1292 532 1461 587 uenditorem
1474 531 1527 586 sibi
1538 531 1604 586 darc
1617 546 1691 601 opor-

260 627 319 677 tere
337 622 410 691 quod
428 624 490 692 plus
508 627 552 676 est
569 627 674 692 petere:
697 622 771 692 qnod
789 621 873 676 habet
891 621 1038 676 rationem:
1062 636 1127 690 ergo
1146 626 1175 675 et
1192 625 1299 690 emptor
1317 636 1352 675 ex
1371 626 1463 691 empto
1482 619 1595 675 babebit
1611 621 1692 676 aetio

261 728 331 781 nem,
351 728 406 781 qua
424 715 568 766 contentus
587 726 647 765 osse
666 713 760 780 possit.
1709 717 1721 757 ⁵

204 800 242 858 33
313 801 391 854 marr
407 801 477 855 libro
496 800 626 855 uicesimo
643 801 725 855 tertio
744 798 778 853 ad
798 799 926 853 edietum.
963 798 999 852 Et
1017 798 1041 852 si
1058 813 1113 852 uno
1131 798 1219 868 pretio
1236 799 1328 868 plnres
1347 814 1391 854 res
1410 802 1519 868 emptae
1538 792 1733 882 ΜΕ

261 889 339 959 sint’,
359 890 393 943 de
412 890 527 958 singuiis
545 904 580 943 ex
598 894 690 958 empto
709 893 737 942 et
754 887 866 942 uendite
884 887 930 955 agi
948 892 1048 957 potest.

204 979 243 1037 34
315 978 392 1032 lnam
415 977 483 1032 libro
505 977 611 1032 decimo
630 982 728 1032 octauo
747 976 782 1030 ad
802 976 930 1031 edictum.
968 975 997 1030 Si
1015 974 1100 1030 fundo
1119 975 1231 1031 uendite
1249 976 1277 1030 in
1296 977 1428 1046 qualitate
1445 977 1522 1045 inge·
1555 971 1695 1043 siffis
1711 977 1743 1030 li·

261 1081 321 1121 rum
340 1068 430 1137 captio
449 1071 499 1135 est,
518 1081 552 1121 ex
571 1071 663 1136 empto
681 1067 733 1120 erit
750 1067 831 1119 aetio.
1464 1051 1466 1056 ⁸
1711 1071 1723 1110 a

205 1157 244 1216 35
314 1155 392 1209 lnam
409 1154 477 1211 libro
495 1157 698 1225 septuagesimo
717 1155 752 1209 ad
771 1155 899 1208 edietum.
928 1152 957 1207 Si
975 1153 1037 1221 quis
1054 1150 1168 1207 fundum
1182 1153 1286 1224 emerit,
1305 1155 1521 1225 quasipereum
1539 1147 1735 1236 WB

261 1242 376 1299 fundum
395 1243 477 1298 eundi
496 1244 595 1312 agend
613 1245 656 1298 ius
673 1259 729 1298 non
748 1248 835 1312 essct,
861 1247 890 1296 ct
907 1241 1051 1296 interdIeto
1070 1241 1104 1296 de
1122 1241 1219 1297 itinere
1237 1249 1355 1312 actuque
1374 1243 1464 1298 uictura
1482 1244 1533 1312 sit,
1551 1229 1696 1311 {empto

261 1331 374 1388 babebit
391 1333 538 1387 actionem:
557 1333 621 1387 lieet
639 1333 711 1387 enim
730 1332 871 1401 stipulatio
889 1330 924 1384 da
943 1330 1078 1384 cuictione
1096 1345 1151 1385 non
1169 1333 1362 1402 committatur,
1381 1333 1518 1402 quianon
1536 1339 1582 1386 est
1594 1331 1630 1386 de
1641 1333 1696 1386 iure

262 1421 402 1477 seruitutis
419 1421 448 1476 in
465 1435 521 1475 rem
541 1423 648 1476 actione
666 1421 880 1491 pronuntiatum,
900 1424 991 1474 tamen
1010 1419 1155 1473 dicendum
1175 1425 1218 1475 est
1230 1435 1264 1474 cx
1276 1427 1369 1490 empto
1382 1422 1518 1475 actionem
1531 1425 1696 1490 competere.

205 1512 244 1572 36
315 1510 434 1564 Pronus
456 1509 526 1564 libro
545 1511 661 1578 septimo
680 1509 715 1563 ad
734 1510 879 1563 Plautium.
911 1507 1043 1562 Uenditor
1061 1507 1158 1563 domus
1177 1513 1323 1579 antequam
1342 1525 1403 1564 eam
1422 1509 1521 1578 tradat,
1541 1504 1736 1592 ΜΕ

263 1597 355 1653 damni
372 1595 465 1653 infecti
483 1599 685 1668 stipulationem
704 1599 878 1668 interponere
895 1595 986 1665 debet,
1005 1597 1077 1666 quia,
1096 1603 1243 1666 antequam
1254 1613 1371 1653 uacuam
1383 1598 1587 1668 possessionem
1601 1599 1697 1666 tradat,
1715 1605 1738 1645 1⁵

262 1687 415 1742 custodiam
440 1691 468 1742 et
491 1687 658 1755 diligentiam
682 1691 822 1757 praestare
847 1685 930 1740 debet
948 1691 976 1740 et
992 1701 1057 1755 pars
1075 1690 1118 1739 est
1136 1685 1278 1742 custodiae
1297 1687 1509 1757 diligentiaeque
1527 1685 1600 1743 banc
1618 1688 1698 1742 inter·

261 1791 363 1847 ponere
381 1776 598 1844 stipulationem:
617 1780 646 1830 et
663 1775 725 1830 ideo
744 1775 767 1829 si
786 1774 813 1830 id
832 1774 990 1843 neglexerit,
1008 1773 1147 1829 tenebitur
1164 1777 1288 1844 emptori.

204 1866 244 1925 37
314 1865 392 1918 lnam
409 1864 477 1919 libro
496 1870 594 1933 quarto
612 1864 718 1918 decimo
737 1864 772 1918 ad
784 1863 929 1918 Plautium.
957 1862 1035 1917 Sicut
1046 1878 1163 1933 aequum
1176 1870 1219 1919 est
1231 1864 1319 1919 bonae
1331 1863 1395 1918 fidei
1406 1865 1524 1934 emptori
1542 1858 1739 1947 WB

262 1954 374 2008 alterius
387 1953 478 2008 dolum
492 1969 547 2008 non
559 1968 666 2022 nocere,
685 1954 724 2007 ita
735 1969 791 2007 non
803 1957 846 2007 est
858 1966 976 2021 aequum
989 1951 1077 2007 eidem
1090 1967 1224 2022 personae
1236 1953 1385 2008 uenditoris
1398 1954 1441 2008 sui
1453 1953 1546 2008 dolum
1559 1939 1698 2023 prodesse}
1716 1959 1739 2000 1⁹

205 2045 244 2104 38
316 2042 429 2096 Oramus
450 2041 519 2096 libro
543 2045 642 2098 octauo
665 2040 843 2110 digestorum.
880 2039 909 2095 Si
934 2040 1059 2095 uenditor
1082 2040 1199 2096 hominis
1218 2042 1288 2096 dixit
1304 2042 1441 2111 peculium
1459 2057 1524 2097 eum
1543 2038 1738 2126 [ἑῇ-Μ

263 2130 363 2186 babere
386 2130 481 2184 decem
500 2146 551 2185 nec
569 2131 751 2200 quemquam³
769 2130 975 2200 adempturum,
1000 2131 1045 2183 et‘
1063 2131 1086 2184 si
1108 2130 1169 2200 plus
1187 2130 1283 2200 habet,
1308 2137 1397 2185 totum
1415 2135 1551 2201 praestet,
1577 2133 1632 2188 nisi
1650 2132 1700 2186 hoc

263 2225 350 2274 actam
368 2225 419 2289 est,
439 2223 470 2272 ut
488 2219 631 2274 dumtaxat
648 2219 743 2273 decem
762 2223 923 2288 praestaret,
943 2218 966 2272 si
984 2219 1074 2272 minus
1092 2225 1142 2289 est,
1161 2225 1281 2289 praestet
1298 2234 1360 2274 osse
1379 2219 1474 2274 decem
1493 2224 1522 2274 et
1540 2221 1627 2275 talem
1646 2235 1699 2276 ser·

230 2319 243 2363 1
262 2325 327 2363 uurn
347 2321 422 2376 esse,
447 2313 480 2362 ut
497 2311 603 2362 tantum
622 2309 723 2377 peculii
741 2306 849 2362 babeat.
887 2305 917 2361 Si
934 2322 984 2376 per
1001 2313 1150 2378 emptorem
1170 2309 1287 2377 steterit,
1306 2323 1360 2377 quo
1380 2309 1469 2362 minus
1488 2309 1514 2364 ei
1533 2310 1699 2380 mancipium

262 2396 428 2465 traderetur,
452 2411 501 2465 pro
524 2395 632 2450 cibariis
656 2411 705 2466 per
728 2395 868 2450 arbitrium
890 2395 1097 2450 indemnitatem
1118 2411 1200 2466 posse
1218 2397 1322 2451 seruari
1340 2396 1441 2452 Sextus
1459 2397 1570 2468 Aelius,
1593 2399 1700 2453 Drusus

230 2496 245 2541 a
263 2485 399 2554 dixerunt,
418 2479 533 2554 quorum
552 2489 580 2540 et
598 2485 664 2540 mibi
682 2486 833 2540 iustissima
850 2485 959 2540 uidetur
976 2499 1038 2540 esse
1056 2486 1200 2541 sententia.
1237 2486 1344 2540 Firmus
1362 2501 1379 2540 a
1396 2487 1513 2542 Proculo
1531 2487 1661 2556 quaesiit,
1678 2487 1700 2540 si
1716 2493 1740 2532 ιι

263 2574 298 2628 de
316 2573 445 2643 plumbeo
463 2575 576 2628 castello
593 2572 701 2628 fistulae
719 2573 772 2628 sub
789 2579 890 2628 terram
909 2574 1009 2628 missac
1028 2589 1126 2644 aqrram
1145 2575 1276 2630 ducerent
1290 2575 1317 2629 in
1330 2589 1429 2629 aenum
1440 2575 1574 2630 lateribus
1587 2576 1700 2630 circum-

263 2667 406 2732 struetum,
426 2679 461 2716 an
478 2662 530 2716 hae
549 2661 657 2716 aedium
675 2667 777 2732 essent,
796 2677 831 2716 an
849 2669 881 2718 ut
898 2668 960 2717 ruta
971 2678 1054 2718 caesa
1065 2663 1159 2718 uineta
1171 2661 1288 2732 fixaque,
1307 2666 1396 2732 quae⁶
1408 2663 1518 2718 aedium
1531 2678 1588 2720 non
1600 2671 1700 2720 essent

262 2753 308 2807 ille
325 2752 465 2820 rescripsit
482 2748 590 2821 referre,
609 2751 675 2820 quid
694 2751 748 2806 aeti
767 2757 849 2806 esset.
876 2752 943 2820 quid
961 2767 1028 2821 crgo
1046 2752 1070 2807 si
1088 2751 1153 2806 nibil
1171 2751 1206 2806 de
1224 2765 1258 2805 ca
1269 2766 1298 2806 re
1310 2767 1399 2822 neque
1411 2757 1521 2822 emptor
1532 2769 1625 2823 neque
1638 2769 1700 2809 uen-

263 2841 335 2896 ditor
352 2841 556 2910 cogitaucrunt,
578 2845 611 2894 nt
627 2840 787 2910 plerumque
804 2841 833 2894 in
851 2841 984 2896 eiusmodi
1002 2841 1085 2896 rebus
1104 2841 1230 2896 euenisse
1248 2841 1331 2910 solet,
1355 2855 1445 2896 nonne
1463 2843 1577 2912 propius
1595 2849 1653 2912 est,
1671 2847 1701 2898 ut

190 2937 192 2942 “
263 2930 366 2984 inserta
383 2935 411 2983 et
428 2929 535 2983 inclusa
552 2927 677 2983 aedificio
694 2933 801 2998 partem
820 2928 879 2983 eius
897 2943 958 2982 csse
976 2929 1185 2984 existimemus?
1717 2939 1740 2976 ιι

206 3019 245 3078 39
316 3019 509 3074 Monusrmus
525 3017 594 3073 libro
606 3018 700 3088 quinto
713 3031 913 3087 responsorum.
941 3017 1057 3088 Quaero,
1076 3019 1100 3072 si
1111 3018 1172 3087 quis
1185 3017 1224 3072 ita
1235 3016 1349 3073 lundam
1360 3018 1524 3090 condiderit,
1543 3015 1701 3103 [We—³⁹
1717 3019 1739 3074 ll

264 3111 295 3162 ut
312 3106 341 3162 id
358 3121 459 3162 uenum
478 3107 572 3161 datum
591 3121 653 3162 esse
670 3105 804 3176 uideatur,
823 3105 897 3174 quod
916 3106 987 3161 intra
1004 3107 1135 3162 terminos
1152 3108 1212 3177 lpse
1223 3107 1355 3176 possedit,
1372 3107 1462 3162 sciens
1474 3113 1569 3164 amen
1582 3111 1700 3180 aliquam

263 3200 368 3266 partem
387 3200 490 3250 certam
508 3211 539 3250 so
557 3211 611 3250 non
628 3195 770 3265 possidere
788 3210 842 3250 non
861 3195 1048 3251 certiorarrerit
1066 3201 1224 3266 emptorem,
1244 3213 1278 3250 an
1298 3211 1333 3250 ex
1347 3201 1439 3264 empto
1452 3195 1554 3252 iudicio
1566 3204 1700 3268 teneatur,

264 3299 325 3339 oum
345 3283 413 3338 baec
431 3284 566 3354 generalis
584 3284 700 3338 adiectio
720 3284 756 3338 ad
774 3297 821 3353 ea,
846 3297 917 3353 quae
935 3284 1091 3354 specialiter
1109 3285 1186 3339 nouit
1203 3285 1251 3354 qui
1267 3283 1391 3338 uendidit
1408 3297 1460 3338 nee
1478 3287 1601 3356 excepit,
1620 3287 1700 3357 perti·

265 3387 330 3428 nere
348 3386 403 3427 non
422 3371 531 3442 debeat,
549 3388 585 3428 ne
597 3371 835 3442 aboqnin‘emptor
847 3377 979 3442 capiatur,
998 3373 1044 3442 qui
1056 3372 1181 3442 fortasse,
1200 3373 1223 3427 si
1235 3372 1287 3427 hoe
1300 3373 1483 3442 cognouisset,
1501 3376 1547 3430 uel
1559 3381 1700 3446 empturus
1717 3381 1741 3422 ³⁵

266 3456 276 3529 ΙΙ
295 3476 350 3516 non
368 3467 443 3516 esset
459 3463 505 3516 uel
523 3462 635 3516 minoris
652 3465 794 3530 empturus
812 3464 900 3530 esset,
925 3461 949 3516 si
967 3462 1127 3516 certioratus
1146 3461 1180 3515 de
1198 3462 1258 3516 loeo
1277 3467 1350 3516 certo
1368 3460 1496 3516 sitisset‘:
1521 3479 1585 3518 cum
1604 3465 1658 3520 hoc
1674 3469 1701 3519 et
1716 3457 1779 3514 talt'

265 3548 339 3617 apud
359 3555 468 3604 ueteres
486 3552 523 3604 sit
539 3550 655 3605 relatum
674 3551 703 3604 in
721 3551 779 3604 eins
797 3565 927 3620 persona,
952 3551 1000 3619 qui
1018 3550 1058 3605 sio
1076 3555 1234 3620 exceperat:
1253 3549 1407 3606 ‘smuitutcs
1425 3551 1538 3621 siquae
1557 3552 1699 3620 debentur,

265 3637 465 3693 'debebuntur'z
490 3640 590 3694 etenim
613 3639 680 3694 iuris
704 3643 830 3694 auctores
853 3639 1064 3709 responderunt,
1087 3639 1111 3692 si
1135 3643 1226 3694 certus
1250 3638 1376 3694 uenditor
1394 3639 1559 3710 quibusdam
1578 3641 1701 3711 personia

222 3767 226 3777 ,
265 3731 354 3782 certas
372 3729 519 3783 seruitutes
538 3728 637 3784 debere
655 3743 710 3783 non
729 3727 917 3782 admonuisset
934 3733 1093 3798 emptorem,
1114 3742 1149 3782 ex
1168 3732 1260 3796 empto
1278 3743 1341 3782 eum
1359 3730 1445 3783 teneri
1463 3728 1573 3799 debere,
1592 3729 1701 3800 quando

264 3814 332 3869 hace
350 3817 485 3884 generalis
504 3817 629 3886 exceptio
647 3831 702 3872 non
720 3816 755 3872 ad
774 3831 808 3871 ea
824 3817 961 3886 pertinere
973 3815 1081 3888 debeat,
1099 3831 1170 3887 quae
1182 3815 1309 3872 uenditor
1320 3817 1398 3872 nouit
1409 3832 1534 3888 quaeque
1546 3821 1702 3889 specialiter
1716 3825 1742 3866 ιθ

229 3975 231 3978 ,
266 3913 429 3985 FlPiVUll

267 4059 276 4092 ¹
295 4055 349 4111 diei
367 4058 413 4110 del.
485 4057 497 4092 ²
515 4061 544 4112 et
561 4056 696 4127 quaedam
715 4071 810 4112 earum
828 4057 873 4111 uel
891 4071 986 4112 omnes
1004 4056 1111 4111 euicme
1129 4057 1184 4112 sint
1202 4066 1249 4112 ina.
1268 4059 1303 4122 (a.
1317 4059 1345 4121 ι’.)
1410 4057 1422 4092 ⁸
1441 4056 1589 4127 quiequam
1602 4041 1701 4126 (detali

265 4130 278 4163 ⁴
296 4127 390 4197 adet]
409 4127 453 4182 ad.
467 4128 549 4182 esse?
619 4130 630 4163 ⁵
648 4143 719 4197 quae
731 4129 778 4182 del.
796 4130 831 4195 (a.
845 4133 873 4196 ι.)
944 4129 956 4162 ⁸
974 4127 997 4182 si
1015 4128 1177 4183 certioratus
1195 4127 1230 4182 dc
1248 4129 1308 4183 loco
1327 4131 1402 4183 certe
1419 4125 1518 4184 suisset
1536 4129 1583 4183 det

267 4257 458 4316 lame‘t'P
502 4260 763 4330 2oireumscriptum
778 4261 816 4313 P⁶
862 4259 955 4328 duno]
1010 4261 1119 4314 Fetere
1137 4260 1262 4328 Hiceta)
1282 4259 1323 4326 Ul,
1342 4275 1386 4314 me
1400 4276 1479 4316 0uum
1497 4261 1540 4327 γ’,
1558 4261 1587 4316 in
1601 4256 1725 4331 equum'

266 4331 348 4387 modo
365 4346 420 4386 uno
436 4331 476 4384 P·
491 4332 495 4398 Ι
512 4345 556 4385 res
575 4350 622 4384 orn.
635 4331 749 4397 1²·le
765 4335 875 4400 emptae
892 4331 956 4418 sint]
1010 4329 1129 4395 PlVlU,
1157 4340 1205 4385 ine.
1221 4331 1260 4384 P⁰
1331 4333 1365 4386 27
1388 4330 1442 4386 bac
1464 4331 1574 4387 aedium
1599 4331 1699 4398 essent]

266 4401 312 4456 ’aba
336 4403 373 4456 'esi
399 4401 517 4456 rruduart
545 4401 626 4456 noui
652 4403 785 4472 πράγματα
808 4402 891 4473 apati]
917 4421 955 4456 κιιι
1009 4401 1267 4466 edinmeessentP·,
1276 4401 1368 4456 edium
1377 4402 1577 4458 essentPWU
1583 4401 1698 4474 luiticis]

266 4473 386 4544 ὲκιιικιιθῷ
406 4472 489 4526 naara
508 4473 523 4525 l
542 4491 599 4526 uua
619 4473 643 4526 Β
661 4475 786 4544 (Tipasa),
810 4475 875 4527 uude
895 4492 956 4542 aup·
1010 4473 1113 4528 inuicta
1136 4474 1184 4537 P‘¹,
1209 4473 1332 4528 iniuncta
1359 4472 1432 4527 ΡΨ
1454 4477 1459 4542 Ι
1486 4490 1558 4544 quaa
1585 4478 1632 4530 del.
1669 4471 1700 4528 Ι]ι

262 4549 334 4618 pleni
350 4563 431 4616 capra
468 4542 568 4598 tlaetie
581 4544 670 4598 eritP
703 4545 737 4598 12
749 4543 904 4599 deuictiene
916 4543 957 4598 P·
1011 4545 1045 4598 29
1054 4544 1217 4614 cogitauerit
1225 4545 1297 4610 PVl
1313 4545 1429 4615 propriIs
1438 4547 1486 4610 1²⁰,
1497 4548 1625 4616 proprius
1665 4543 1703 4598 ‘U

267 4618 301 4672 18
320 4617 407 4672 bonae
487 4617 520 4670 19
539 4629 656 4684 aequum
675 4635 725 4668 om.
737 4616 777 4668 P·
830 4617 865 4670 20
884 4616 955 4686 eum]
1011 4615 1045 4669 32
1061 4620 1092 4670 ut
1103 4615 1149 4670 i*d⁴
1162 4616 1207 4681 F‘,
1224 4616 1265 4670 uti
1279 4617 1371 4670 Taua:
1390 4617 1446 4671 εἴτι
1464 4616 1543 4672 ὲιιτὸο
1559 4619 1616 4672 reba
1630 4618 1699 4688 ὃρωιι

266 4689 295 4744 in
322 4703 384 4744 etun
414 4687 453 4742 P‘
515 4687 550 4740 22
576 4685 677 4754 actum]
703 4685 780 4752 P'U,
808 4691 900 4742 autem
927 4687 956 4753 F}
1011 4687 1132 4750 aeacum,
1150 4687 1230 4750 τοῨτο
1248 4687 1370 4758 adaperui
1390 4688 1538 4759 B(Tipuc.)
1592 4689 1627 4744 33
1645 4703 1700 4744 cer·

266 4776 326 4815 aa..
351 4761 389 4814 P·
409 4760 414 4828 Ι
435 4761 573 4830 praesstct
593 4759 619 4812 F
638 4760 739 4832 (aas)
793 4759 828 4812 23
851 4759 958 4813 steterit
1009 4758 1164 4812 tioraueatit
1186 4759 1226 4812 P·
1284 4759 1319 4812 3⁵
1342 4757 1425 4814 debet
1447 4759 1487 4812 P*
1507 4763 1512 4826 l
1536 4757 1705 4830 capiaturll'

266 4846 320 4901 quo
338 4832 428 4886 minus
447 4831 472 4886 el
489 4830 651 4900 mancipium
671 4847 719 4882 om.
733 4829 819 4893 P·V⁰,
837 4830 862 4884 el
881 4845 956 4884 man·
1009 4829 1045 4884 36
1068 4829 1113 4882 uel
1136 4831 1247 4885 minoris
1270 4835 1411 4898 empturus
1435 4836 1511 4885 esset
1533 4850 1582 4885 mu
1595 4831 1672 4886 Μ’
1693 4829 1698 4896 Ι

266 4903 366 5028 {iguem
379 4901 548 5042 oranterlll
559 4899 804 5041 Pmtgiumitffl
818 4901 958 5043 possitPi
1010 4899 1069 5026 ἔξω]
1089 4899 1158 5025 ἕξοι
1177 4901 1216 4954 Ρ·
1259 4902 1294 4956 38
1313 4901 1503 4971 responderint
1520 4902 1561 4956 P·
1603 4903 1640 4958 40
1657 4899 1696 4968 eal

337 4987 424 5027 arram
485 4990 534 5030 ans
587 4985 606 5040 ⁰,
659 4987 703 5028 rra
797 4987 825 5028 m
848 4987 974 5028 aenum-
1045 4987 1070 5026 m
1117 4981 1129 5004 ⁶
