3734 5578
309 229 413 296 XXVI
434 231 571 296 31-10
986 221 1072 302 752
1261 248 1307 293 nn
1330 241 1731 340 cousraununolnuronr

310 387 351 454 Δῷ
368 385 507 458 ὲιιίτροποιι
528 386 541 438 ir
562 384 714 456 corpiropa,
734 383 795 438 τότε
812 383 844 439 τὸ
856 383 949 438 iatius
969 383 1175 456 duantapoicear
1195 382 1222 438 ἐκ
1241 383 1289 438 iric
1306 384 1355 445 τοῨ
1373 381 1497 444 inerim?
1514 379 1632 443 ὲΞογειἋε
1650 381 1672 434 ai
1684 389 1731 434 tra·

277 475 394 528 tritara
413 474 595 544 εγιιεχὼριιωιι
616 473 653 527 sal
674 473 736 527 ucri
754 473 802 527 rr'ra
823 473 928 537 Γιιώιιιιιι
953 474 1114 535 ΒεΒιιιοῨοθιι
1140 472 1204 534 soie
1228 471 1391 542 ὲιιιτρόιιογε.
1429 469 1538 526 italiis
1558 470 1606 524 ιιὲιι
1626 467 1731 537 scripsi

311 563 326 617 ὁ
344 564 479 627 teterrime,
499 561 643 632 περαιτέρω
662 559 741 623 offis
761 562 800 616 (bc
818 561 855 615 ἐπὶ
875 561 907 616 τὸ
924 563 1044 616 caeteros
1059 563 1265 632 noawpasnosci
1278 561 1293 615 ὁ
1306 561 1458 627 ιἰΓοῨιιειιοο,
1478 558 1543 613 billi
1560 559 1651 612 irride
1662 557 1732 618 airis

278 659 293 704 3
313 653 423 706 tetardi·
447 651 493 704 ‘eil
513 649 543 704 Δὲ
560 650 640 704 ἄλλοι
658 669 704 714 rrc,
724 649 784 704 τότε
803 652 1022 720 πολγιιραριιοιιεῖ,
1048 650 1079 706 τὸ
1097 651 1238 723 ιιρὸεωιιοιι
1258 651 1280 704 εἰ
1296 651 1367 704 derra
1385 647 1541 704 ὲιιιτιὶλειοιι.
1572 647 1629 702 Ἔτι
1649 647 1733 700 sitan

311 742 352 795 tei
369 740 407 796 ὅτι
428 739 564 811 κογρᾶτωρ
583 737 645 793 κατὰ
663 737 787 792 tissime
805 737 867 800 οῩᾹὲ
885 738 936 801 inb
954 739 1052 810 πατρὸς
1071 738 1159 811 ὀρθῶς
1171 741 1277 804 ditarat,
1296 739 1360 794 imi
1378 739 1467 792 tutelo
1481 737 1561 792 cicae
1581 737 1761 796 Bessmoicdut

310 829 361 892 Ῡιιὸ
379 829 427 891 τοῨ
446 829 599 894 asceticos.

274 914 292 971 2
364 919 516 972 Nanarrus
532 916 602 972 libro
619 916 699 970 tertio
715 915 878 991 regularum.
908 916 1004 971 Mulier
1020 916 1113 972 liberis
1130 932 1185 972 non
1201 922 1276 971 recte
1289 921 1453 971 testamento
1467 919 1587 970 tutorem
1606 908 1735 997 [Q
1750 915 1779 971 S*

311 1006 370 1061 dat:
394 1006 443 1061 sed
466 1006 490 1060 si
511 1005 629 1074 dederit,
653 1005 764 1060 decreto
785 1005 920 1074 praetoris
943 1005 987 1060 uel
1010 1007 1179 1075 proconsulis
1203 1021 1237 1061 ex
1263 1006 1438 1076 inquisitione
1465 1001 1672 1058 confirmabitur
1692 1019 1736 1058 nee

279 1103 292 1146 1
312 1093 456 1150 satisdabit
472 1094 574 1163 pupillo
592 1108 648 1148 reru
666 1094 771 1148 saluam
789 1092 855 1148 fore.
892 1092 947 1148 Sed
965 1099 994 1148 et
1011 1095 1034 1148 si
1053 1100 1197 1150 cruatcra
1219 1100 1306 1150 matre
1330 1097 1495 1150 testamento
1519 1091 1604 1148 datus
1627 1092 1664 1146 sit
1683 1090 1738 1146 filiis

312 1185 379 1254 eius,
398 1184 509 1258 decreto
527 1180 701 1238 confirmatur
718 1198 753 1237 ex
770 1183 952 1252 inquisitione.
1754 1189 1776 1227 ro

275 1265 294 1325 3
365 1272 506 1328 Iunrauus
522 1270 591 1325 libro
609 1272 739 1326 uicesimo
758 1272 845 1340 primo
863 1271 1040 1340 digestorum.
1069 1271 1121 1337 Qui
1139 1289 1157 1327 a
1173 1276 1252 1342 patre
1270 1277 1344 1326 tutor
1355 1272 1473 1341 scriptus
1484 1275 1529 1325 est
1540 1275 1592 1326 aut
1609 1264 1771 1353 [ζῇ-,33

312 1376 367 1416 non
388 1361 459 1415 insto
477 1363 643 1416 testamento
661 1367 781 1415 autnon
799 1365 831 1415 ut
847 1361 909 1429 lege
927 1359 1159 1429 praecipiebatur,
1184 1359 1385 1416 confirmandus
1403 1364 1447 1414 cst
1465 1359 1500 1414 ad
1518 1359 1635 1434 tutelam
1653 1373 1739 1428 geren·

313 1449 376 1505 dam
393 1449 507 1519 perinde
525 1464 558 1503 ac
576 1449 600 1503 si
618 1465 652 1504 ex
669 1452 834 1504 testamento
852 1453 927 1504 tutor
944 1455 1026 1519 esset,
1044 1449 1072 1504 id
1091 1455 1133 1504 est
1151 1453 1183 1503 ut
1199 1449 1342 1504 satisdatio
1360 1449 1386 1504 ei
1404 1447 1568 1502 remittatur.

275 1533 295 1590 4
366 1540 484 1594 Patruus
506 1536 575 1592 libro
600 1538 730 1608 singulari
746 1532 787 1592 'de
810 1536 1032 1592 excusationibus
1050 1538 1204 1592 tutelarum.
1241 1537 1270 1592 Si
1287 1543 1419 1608 patronus
1436 1537 1481 1591 uel
1499 1535 1591 1606 quiuis
1611 1530 1772 1618 ΜΒ

313 1631 459 1682 extraneus
478 1626 627 1696 impuberi,
651 1642 732 1696 quem
749 1625 878 1680 heredem
897 1627 1057 1691 instituerit,
1083 1630 1200 1682 tutorem
1219 1627 1326 1682 dederit
1343 1631 1372 1682 et
1390 1630 1468 1682 extra
1485 1640 1520 1680 ea
1537 1624 1605 1679 nibil
1623 1626 1653 1680 in
1670 1625 1740 1679 bonis
1756 1633 1778 1673 tt

312 1715 413 1771 babeat
435 1715 566 1784 pupillus,
580 1731 645 1771 ·non
669 1716 739 1770 male
762 1715 869 1770 dicetur
891 1715 1020 1770 iudicium
1039 1715 1098 1770 eins
1115 1715 1284 1786 sequendum
1303 1731 1378 1785 esse,
1403 1715 1450 1785 qui
1468 1718 1497 1768 et
1513 1727 1662 1784 personam
1680 1714 1740 1780 eius,

312 1819 393 1875 quem
411 1808 529 1858 tutorem
548 1819 609 1858 esse
626 1805 751 1874 uoluerit,
770 1805 877 1859 nouerit
894 1809 922 1857 ct
939 1804 1166 1874 impuberemita
1183 1805 1286 1874 dilexit,
1304 1808 1336 1858 ut
1353 1819 1415 1860 eum
1434 1802 1563 1858 heredem
1582 1802 1740 1857 institueret

276 1888 294 1945 5
364 1895 544 1948 Panmrnnus
562 1891 630 1948 libro
649 1893 793 1948 undecimo
811 1893 1011 1962 quaestionum.
1042 1894 1159 1948 littores
1177 1909 1195 1948 a
1212 1899 1310 1963 patruo
1328 1897 1493 1948 testamento
1509 1891 1590 1946 datos
1611 1886 1741 1975 [s‘ffa‘t
1757 1893 1777 1946 P

312 1983 392 2038 iussit
409 1986 518 2052 praetor
535 1981 711 2050 magistratus
730 1980 905 2038 confirmare:
923 1982 952 2036 hi
964 1981 1118 2036 cautionem
1131 1997 1239 2052 quoque
1252 1983 1375 2051 accipere
1387 1981 1544 2036 debuerunt
1555 1995 1608 2035 nec
1621 1982 1741 2036 uoluntas

314 2072 384 2141 eius,
408 2071 456 2140 qui
478 2075 595 2125 murem
615 2069 680 2124 dare
698 2086 752 2126 non
770 2072 872 2141 potuit,
895 2071 1097 2140 neglegentiam
1117 2072 1325 2140 magistratuum
1344 2074 1467 2126 excusat.
1499 2069 1621 2138 denique
1640 2073 1742 2139 praetor
1757 2077 1779 2116 ιι

315 2175 369 2216 non
393 2163 456 2215 ante
477 2159 616 2213 decretum
635 2159 807 2228 interponere
824 2164 917 2231 potest
935 2175 1016 2230 quam
1035 2175 1084 2229 per
1101 2161 1303 2230 inquisitionem
1321 2159 1427 2215 idoneis
1445 2159 1640 2228 pronuntiatis
1677 2157 1743 2212 unde

315 2249 446 2318 sequitur,
464 2253 504 2316 ut,
522 2248 546 2302 si
564 2247 680 2301 tutelae¹
699 2253 822 2318 tempore
840 2249 972 2305 soluendo
990 2264 1045 2308 non
1062 2247 1181 2319 fuerunt,
1200 2251 1227 2304 in
1245 2249 1282 2318 id,
1301 2248 1374 2318 quod
1391 2248 1426 2303 de
1443 2248 1524 2303 bonis
1537 2263 1634 2302 eorum
1647 2245 1743 2302 seruari

315 2353 370 2393 non
386 2337 482 2406 possit,
500 2340 595 2390 conta
612 2337 790 2406 magistratus
808 2338 880 2394 actio
898 2338 1068 2394 decernatur.

279 2419 298 2478 6
368 2426 445 2480 insu
467 2423 535 2480 libro
558 2425 653 2494 quinto
676 2440 876 2496 responsorum.
912 2427 943 2482 Si
964 2425 1021 2482 filio
1043 2425 1139 2498 puberi
1156 2430 1235 2496 pater
1253 2430 1369 2481 tutorem
1389 2428 1438 2480 ant
1455 2423 1592 2495 impuberi
1612 2419 1778 2508 Q?

316 2519 469 2570 curatorem
486 2513 600 2583 dederit,
619 2514 688 2569 citra
705 2515 905 2586 inquisitionem
923 2522 1033 2586 praetor
1051 2531 1098 2571 eos
1117 2513 1275 2571 confirmare
1294 2513 1414 2569 debebit.
1758 2517 1779 2558 ¹⁵

280 2597 298 2654 i
368 2603 626 2658 Haauodamtnus
643 2601 711 2658 libro
730 2604 850 2660 meando
867 2605 933 2659 iuris
951 2606 1140 2673 epitomarum.
1177 2604 1300 2658 Naturali
1317 2601 1382 2672 filio,
1403 2602 1448 2657 cui
1465 2601 1532 2656 nibil
1549 2617 1591 2656 re·
1612 2595 1778 2686 ΜΡ

284 2692 409 2747 llictum
428 2696 478 2760 est,
497 2696 571 2746 tritor
588 2689 689 2746 frustra
707 2691 788 2747 detur
805 2709 822 2747 a
839 2699 916 2764 petre
935 2709 986 2748 nec
1003 2694 1062 2748 sine
1080 2695 1254 2764 inquisitione
1273 2690 1457 2748 confirmatur.
1490 2689 1521 2746 Si
1538 2699 1696 2761 quaeratur,
1713 2707 1744 2744 an

316 2795 352 2836 ex
369 2780 542 2851 inquisitione
560 2785 633 2835 recte
651 2779 733 2838 datus
751 2783 788 2836 sit
804 2787 891 2851 tutor,
909 2786 1039 2853 quattuor
1056 2783 1125 2838 haec
1143 2781 1342 2838 consideranda
1359 2785 1437 2835 sunt:
1461 2796 1497 2835 an
1516 2779 1559 2834 hic
1577 2780 1688 2836 dederit
1702 2779 1745 2848 qui

317 2869 381 2924 dare
399 2870 501 2940 potuit,
522 2871 551 2923 et
568 2869 613 2924 ille
631 2871 768 2940 acceperit
785 2871 829 2926 cni
847 2869 936 2926 fuerat
953 2870 1074 2942 dandus,
1092 2877 1121 2927 et
1138 2872 1162 2927 is
1180 2871 1277 2927 damr²
1295 2870 1374 2926 cuius
1392 2869 1476 2924 dandi
1494 2867 1614 2924 facultas
1632 2875 1703 2939 erat,
1720 2873 1745 2922 et

315 2973 366 3028 pro
383 2957 511 3014 tribunali
528 2957 667 3014 decretum
685 2959 883 3028 interpositum.
1760 2961 1781 3000 θ’

279 3039 299 3098 8
369 3047 582 3103 Terenoumus
603 3046 673 3104 libro
696 3053 794 3117 quarto
817 3048 924 3103 decimo
947 3048 1171 3119 disputationum.
1207 3050 1240 3104 ln
1258 3046 1443 3104 confirmando
1460 3051 1552 3102 tutore
1569 3045 1625 3102 boc
1642 3035 1779 3116 praetorP

316 3123 451 3206 inquirere
469 3135 564 3206 debet,
583 3152 619 3191 an
637 3137 776 3192 durauerit
793 3137 878 3206 patris
896 3137 1035 3192 uoluntas:
1060 3138 1133 3208 quod
1151 3139 1179 3192 in
1197 3135 1269 3192 sacili
1287 3143 1343 3206 est,
1366 3137 1389 3191 si
1406 3137 1532 3206 proximo
1551 3137 1666 3192 mortis⁸
1683 3145 1745 3191 tem-

316 3240 382 3295 pore
399 3229 504 3280 tutores
522 3241 577 3280 non
594 3227 652 3280 iure
670 3226 715 3280 uel
733 3230 873 3281 curatores
890 3226 1030 3296 scripserit
1046 3231 1132 3296 pater.
1161 3243 1224 3284 nam
1243 3227 1267 3281 si
1285 3231 1348 3281 ante
1367 3241 1468 3296 annos,
1490 3229 1523 3280 ut
1545 3226 1638 3294 spatio
1660 3224 1745 3280 medio

317 3313 437 3384 potuerit
454 3312 623 3370 facultatium
642 3314 699 3372 dati
717 3328 772 3368 non
790 3314 848 3368 iure
865 3315 964 3370 tutoris
982 3331 999 3369 a
1015 3319 1094 3384 patre
1116 3313 1174 3370 fieri
1197 3315 1361 3384 deminutio,
1382 3314 1428 3369 uel
1452 3329 1560 3369 morum
1579 3321 1645 3370 ante
1663 3315 1746 3370 eclam

317 3404 362 3458 uel
380 3404 505 3472 ignorata
522 3403 634 3458 emersit
650 3401 818 3473 improbitas,
837 3407 885 3456 aut
901 3403 1057 3459 inimicitiae
1076 3420 1138 3459 cum
1155 3409 1234 3474 patre
1251 3408 1419 3474 exarserunt,
1760 3405 1782 3444 ³⁵

280 3484 299 3544 9
372 3493 382 3565 ll
400 3493 519 3546 Paunus
536 3490 605 3546 libro
623 3491 754 3562 singulari
772 3489 807 3546 de
824 3491 1034 3562 cognitionibus.
1070 3494 1115 3549 uel
1133 3509 1196 3548 cum
1213 3490 1280 3548 fisco
1304 3493 1422 3563 aliquem
1447 3497 1620 3548 contractum
1639 3491 1745 3546 damno
1760 3477 1792 3532 P'
1806 3471 1854 3520 ’Μ

211 3600 214 3606 ’
317 3596 378 3636 sum
397 3580 593 3649 miscuissent⁴,
1381 3631 1393 3640 ,

262 3662 301 3721 10
370 3669 583 3724 temnamus
600 3667 668 3725 libro
685 3672 783 3738 quarto
801 3668 907 3724 decimo
925 3669 1149 3739 disputationum.
1179 3670 1324 3724 utilitatem
1337 3669 1502 3740 pupillorum
1513 3684 1593 3739 prae·
1613 3661 1781 3752 Q?

317 3761 362 3812 tor
378 3757 513 3828 seqnitur,
535 3773 591 3813 non
609 3757 770 3827 scripturam
790 3758 948 3813 testamenti
966 3759 1010 3812 uel
1028 3757 1221 3813 codicillorum.
1249 3775 1313 3814 nam
1335 3759 1420 3828 patris
1445 3759 1615 3814 uoluntatem
1641 3763 1746 3828 praetor

318 3847 358 3902 ita
375 3847 499 3917 accipere
517 3845 612 3916 debet,
637 3846 661 3901 si
678 3861 734 3901 non
751 3844 803 3901 t'uit
820 3847 932 3917 ignarus
950 3847 1053 3902 scilicet
1072 3861 1178 3917 eorum,
1193 3863 1273 3917 quae
1291 3849 1367 3917 ipsa⁵
1385 3852 1497 3917 praetor
1514 3846 1549 3901 de
1567 3851 1659 3901 tutore
1677 3860 1744 3900 eom·
1761 3847 1784 3885 ω

318 3941 397 4006 perta
413 3934 505 3992 habet.
533 3935 599 4005 quid
617 3935 735 4004 denique
753 3936 776 3990 si
794 3940 892 4006 postea
908 3934 943 3990 de
961 3951 1009 4006 eo,
1034 3951 1115 4006 quem
1137 3938 1232 4006 pater‘
1249 3940 1414 3992 testamento
1433 3934 1601 3990 codicillisue
1620 3949 1675 3990 non
1692 3935 1746 3988 inre

210 4079 211 4084 ,
319 4024 403 4094 dedit,
421 4025 532 4094 scripsit
547 4028 666 4079 tutorem
684 4038 746 4080 esee
764 4023 855 4080 nolle?
881 4039 979 4094 nempe
996 4040 1051 4080 non
1069 4026 1191 4094 sequitur
1208 4025 1324 4095 primam
1341 4025 1510 4080 uoluntatem
1528 4027 1648 4093 praetor,
1667 4035 1746 4092 aqua

318 4119 399 4184 pater
415 4113 549 4169 discesdt.

319 4211 364 4280 F(
368 4211 438 4275 WD,
456 4220 501 4284 qut
518 4213 599 4266 danao
618 4217 709 4283 incipit
725 4231 749 4264 a
762 4211 797 4265 27
814 4211 883 4266 aerb.
896 4225 931 4265 an
949 4226 984 4265 ex
1001 4210 1184 4281 inquisitione,
1200 4211 1280 4280 Flo)

319 4340 507 4482 ἔρριῶρθάρρ.
586 4342 721 4398 ’damst
799 4342 933 4398 ⁸morti?
1011 4343 1189 4399 ‘iniuissent
1212 4345 1272 4411 (oca
1289 4345 1320 4398 de
1338 4342 1460 4412 Wnisr)?
1539 4335 1634 4414 ‘ipse
1651 4339 1746 4410 (addit

320 4529 335 4582 1
355 4533 481 4583 curatore
497 4531 588 4584 litteris
606 4529 710 4598 Latinis
726 4529 754 4581 F
805 4526 1006 4599 inspar'rcpa'-
1059 4529 1190 4595 noninre
1209 4534 1322 4599 epatre
1340 4529 1386 4594 Ρ),
1408 4527 1467 4584 dati
1488 4532 1601 4599 apatre
1619 4542 1673 4582 non
1690 4526 1745 4581 inre

318 4617 388 4686 few
411 4599 466 4724 Fi.
510 4597 1007 4726 trististltirittittt
1058 4597 1746 4732 attitiaettcisclaa

319 4684 486 4812 ἓιιξοῖιῖὼθῐὶ
510 4741 646 4796 witisi]
668 4687 820 4812 etpreliqurp
832 4743 893 4796 libri
918 4749 1008 4796 corba
1060 4691 1745 4814 minbtlolfflliiinmarq.atdcnuntiaub:Hisith

320 4813 367 4866 ΡΙ*
385 4821 409 4867 et
427 4813 540 4868 Graecos
593 4811 628 4866 33
646 4816 803 4868 curatores⁴
820 4813 959 4884 scripserit
970 4813 1008 4865 Γ)
1060 4813 1234 4868 denunciatio
1246 4813 1300 4868 W]
1308 4817 1345 4878 (ia
1360 4813 1542 4884 nrcr9.P[isis]
1556 4807 1747 4874 deminutiotc

319 4885 355 4939 34
373 4884 432 4939 dati
455 4899 509 4940 non
531 4883 590 4938 iure
611 4883 711 4937 tutoris
733 4899 750 4938 a
771 4885 858 4954 patre]
883 4884 927 4948 F¹,
950 4883 1008 4939 dati
1060 4885 1095 4940 35
1113 4884 1247 4954 ignorata]
1266 4885 1323 4950 EG,
1341 4885 1486 4952 ignorante
1501 4885 1533 4948 F,
1551 4885 1693 4952 ignorante
1709 4879 1744 4940 D,

319 4975 374 5046 {3011
391 4991 449 5046 jure
466 4959 565 5047 ἐρωή,
584 4975 607 5045 't'
624 4995 714 5060 patro,
735 4992 762 5045 ,d
778 4998 816 5046 m
835 4991 893 5050 dati
909 4991 1007 5046 tutoris
1059 4957 1217 5024 ignoranter
1234 4955 1253 5009 1
1267 4961 1357 5028 (sopra
1374 4975 1475 5010 aecum
1494 4956 1527 5009 al.
1540 4959 1568 5020 a)
