3734 5578
293 225 396 292 XXVI
420 229 433 291 l
454 232 553 286 4-12
964 217 1050 298 746
1511 241 1559 288 un
1580 241 1714 288 sunaus

255 385 274 441 4
345 382 464 438 Pnuuus
487 381 556 437 libro
578 387 677 437 octauo
701 382 736 437 ad
755 381 895 436 Sabinum.
933 380 1011 445 erod
1033 380 1145 448 dicitur,
1170 381 1193 435 si
1218 379 1373 434 indistincte
1397 378 1479 434 datus
1496 379 1533 435 sit
1551 385 1670 448 curator,
1690 380 1746 434 iuS

292 476 378 526 totam
398 471 473 525 litem
492 470 586 524 datum
606 470 701 539 uideri,
722 469 837 525 sortasse
856 485 888 524 eo
907 475 1026 538 spectet,
1046 471 1068 524 si
1088 468 1205 524 familiae
1223 467 1418 524 herciscundae
1437 472 1486 523 ant
1502 469 1638 524 communi
1655 469 1715 523 diui·

292 560 385 615 duudo
404 564 452 614 aut
469 558 563 614 finirrm
582 559 763 629 regundorum
784 560 854 614 actio
873 565 947 613 esset
965 574 1026 613 cum
1045 563 1148 627 tutore,
1172 561 1215 612 et¹
1235 559 1259 612 si
1275 558 1432 613 indistincte
1455 556 1537 612 datus
1560 561 1646 626 esset,
1668 573 1715 612 uon

292 650 379 704 solum
399 664 432 703 eo
451 649 559 702 nomine
578 653 686 702 curator
704 653 786 718 esset,
805 648 878 717 quod
897 652 992 716 ageret
1009 648 1127 717 pupillus
1145 648 1296 717 pupillaue,
1320 645 1369 701 sod
1387 647 1505 701 inuicem
1523 661 1633 717 quoque
1650 645 1717 715 quod

260 751 271 793 1
292 753 354 792 cum
373 737 415 790 his
433 741 568 805 ageretur.
605 738 725 791 Possunt
742 742 834 794 autem
852 737 896 790 uel
914 737 1006 805 plures
1024 736 1052 790 in
1070 736 1186 805 plurium
1204 736 1294 790 locum
1313 736 1357 791 uel
1374 750 1445 790 unus
1462 735 1491 790 in
1508 736 1567 805 plu·
1600 731 1743 800 nssetffsts

292 826 380 880 rium¹
398 827 441 880 uel
459 842 531 880 uuus
550 826 630 880 unius
648 827 708 880 loco
727 826 770 880 uel
790 827 817 880 in
835 841 917 879 uuam
936 825 1010 878 litem
1029 825 1074 878 uel
1091 825 1119 878 in
1137 825 1230 893 plures
1248 829 1357 879 curator
1374 825 1440 894 peti.

255 916 274 974 ὁ
345 915 516 970 Pouseurus
539 914 607 970 libro
631 915 747 984 septimo
770 913 876 969 decimo
900 912 1094 968 assabinum.
1131 913 1200 968 (lum
1224 913 1309 968 semel
1330 907 1750 994 petitussittalis[1j‘sj't,sS

260 1017 272 1061 1
292 1009 415 1072 curator,
438 1003 568 1072 quamdiu
586 1004 609 1058 is
627 1007 736 1057 curator
753 1007 875 1071 maneat,
898 1002 967 1057 alius
985 1003 1012 1056 in
1031 1001 1144 1056 eandem
1163 1002 1238 1056 litem
1257 1006 1365 1058 curator
1380 1003 1439 1072 peti
1455 1017 1511 1057 non
1527 1005 1630 1071 potest
1666 1002 1719 1056 Etsi

291 1091 381 1146 Titius
399 1091 475 1146 uerbi
493 1093 582 1161 gratia
600 1093 732 1146 aduersus
745 1090 836 1146 Seium
856 1096 964 1146 curator
982 1091 1083 1160 petitus
1101 1091 1145 1159 sit,
1164 1090 1235 1144 idem
1249 1091 1338 1145 Titius
1355 1089 1487 1145 aduersus
1505 1091 1589 1146 alium
1608 1094 1719 1146 tutorem
1735 1101 1746 1140 a

291 1180 351 1235 dari
369 1181 480 1250 poterit,
499 1185 530 1234 ut
547 1195 581 1234 ex
599 1179 715 1234 diuersis
734 1181 824 1234 causis
843 1195 913 1234 unus
931 1179 1046 1234 duorum
1060 1178 1070 1250 Η
1084 1184 1238 1234 curatorum
1257 1179 1345 1234 locum
1364 1179 1494 1247 optineat.
1521 1179 1597 1248 quod
1616 1179 1720 1249 quidem
1734 1185 1795 1234 tttt'

292 1273 320 1323 et
338 1269 470 1324 aduersus
489 1269 604 1323 eundem
623 1269 737 1337 accidet,
757 1269 825 1322 siin
844 1267 967 1322 diuersas
985 1267 1046 1322 lites
1064 1268 1107 1323 in⁸
1126 1267 1241 1323 diuersis
1259 1266 1427 1337 temporibus
1444 1267 1518 1322 idem
1535 1271 1657 1336 petatur.

256 1364 274 1421 6
343 1356 494 1412 Unumuus
511 1357 580 1412 libro
598 1359 739 1426 trigesimo
757 1362 855 1412 octauo
873 1357 909 1412 ad
928 1355 1067 1412 Sabinum.
1102 1357 1179 1412 bluto
1196 1358 1316 1426 itemque
1335 1362 1428 1410 mutae
1444 1355 1568 1424 impube
1588 1352 1753 1439 [ᾗέῑΤεε

291 1445 366 1502 ribus
384 1451 502 1502 tutorem
520 1446 580 1502 dari
597 1463 679 1517 posse
698 1461 792 1501 uerum
811 1451 865 1500 est:
889 1445 938 1500 sed
957 1461 993 1500 an
1012 1447 1159 1501 auctoritas
1177 1447 1217 1501 eis
1235 1445 1435 1500 accommodari
1453 1446 1554 1514 possit,
1575 1434 1721 1502 subicitur.

290 1541 319 1590 et
336 1537 360 1590 si
378 1541 470 1605 potest
487 1537 602 1606 tacenti,
626 1541 655 1590 et
672 1541 748 1590 muto
766 1539 866 1603 potest.
895 1538 938 1588 est
955 1539 1048 1589 autem
1066 1535 1172 1603 uerius,
1195 1539 1228 1588 nt
1245 1533 1366 1588 lulianus
1388 1533 1458 1589 libro
1481 1533 1616 1590 uicesimo
1639 1536 1722 1605 primo

260 1632 271 1674 1
290 1623 458 1692 digestorum
477 1625 600 1694 scripsit,
625 1625 708 1679 etiam
730 1622 885 1678 tacentibus
903 1624 1094 1678 auctoritatem
1119 1637 1200 1692 posse
1219 1622 1452 1678 accommodaret
1489 1621 1548 1678 Sub
1566 1624 1722 1680 condicione
1739 1630 1761 1669 ¹⁵

290 1712 496 1782 apraesidibus
513 1713 714 1783 prouinciarum
733 1726 787 1767 non
805 1726 887 1781 posse
911 1711 971 1766 dari
994 1717 1111 1766 tutorem
1136 1711 1227 1781 placet
1250 1717 1289 1780 et,
1314 1712 1338 1766 si
1361 1710 1444 1766 datus
1467 1712 1516 1781 sit,
1540 1712 1644 1767 nullius
1667 1727 1723 1768 esse

290 1802 420 1857 momenti
439 1801 592 1857 dationem:
611 1807 640 1855 et
658 1802 697 1856 ita
709 1801 874 1870 Pomponius
894 1801 946 1854 ait:
966 1799 1036 1854 bauo
1055 1805 1146 1855 autem
1160 1800 1349 1868 adiectionem,
1368 1815 1450 1870 quam
1462 1801 1606 1869 praesides
1619 1803 1724 1872 prouin-

290 1891 392 1945 ciarum
415 1889 520 1945 iaciunt
538 1890 662 1946 'tutorem
682 1885 732 1958 de,
755 1889 779 1943 si
803 1887 984 1944 satisdederit'
1003 1905 1057 1944 non
1076 1888 1264 1945 condicionem
1286 1890 1314 1944 in
1337 1903 1368 1944 se
1390 1887 1506 1957 babere,
1529 1888 1580 1944 sed
1605 1890 1724 1946 admoui·

288 1979 405 2048 donem,
429 1994 484 2034 non
502 1980 580 2034 aliter
598 1979 623 2033 ei
640 1979 755 2033 tutelam
774 1979 915 2047 committi,
933 1993 1015 2047 quam
1034 1979 1058 2032 si
1077 1976 1262 2046 satisdederit,
1286 1975 1337 2032 boo
1355 1983 1471 2032 estnon
1489 1978 1569 2032 aliter
1587 1980 1616 2034 ei
1633 1995 1725 2049 gerere

258 2077 272 2122 2
289 2067 514 2138 permittendum,
537 2084 619 2138 quam
638 2067 662 2123 si
679 2082 736 2121 rem
756 2067 859 2122 saluam
877 2065 936 2121 iore
955 2067 1067 2122 canerit.
1104 2066 1215 2120 Tutoris
1238 2064 1313 2120 datio
1338 2081 1427 2136 neque
1450 2067 1558 2136 imperii
1576 2073 1623 2123 est
1641 2085 1724 2140 neque
1741 2076 1764 2114 ²⁰

289 2156 492 2227 iurisdictionis,
511 2155 560 2212 scd
579 2157 605 2212 ei
623 2156 673 2210 soli
692 2156 831 2225 competit,
849 2156 893 2210 cui
913 2155 1071 2211 nominatim
1089 2155 1141 2210 boo
1159 2154 1236 2209 dedit
1252 2155 1298 2209 uel
1315 2156 1360 2210 lex
1377 2156 1422 2210 uel
1441 2161 1554 2212 senatus
1572 2159 1725 2214 consultam

227 2245 335 2299 etuel
352 2245 488 2314 princeps.
525 2242 614 2299 Surdo
632 2243 766 2313 impuberi
784 2244 885 2313 poterit
903 2248 978 2299 tutor
995 2243 1063 2298 dari.
1098 2244 1133 2298 Ei
1151 2244 1229 2299 cuiue
1246 2247 1325 2313 pater
1342 2244 1370 2298 in
1390 2243 1511 2299 bostium
1528 2251 1671 2316 potestate
1688 2253 1727 2302 eet

289 2337 409 2389 tutorem
427 2333 486 2388 dati
504 2348 559 2389 non
575 2347 657 2402 posse
675 2333 766 2402 palam
784 2337 841 2388 est:
860 2331 909 2388 sed
928 2332 952 2386 si
970 2331 1051 2387 datus
1070 2333 1114 2401 sit,
1132 2349 1168 2388 sn
1180 2333 1209 2387 iu
1220 2331 1350 2402 pendenti
1362 2333 1399 2387 sit
1410 2331 1494 2403 datio,
1513 2336 1610 2404 quaeri
1628 2341 1725 2406 potest

290 2427 319 2477 et
336 2437 390 2478 non
408 2427 475 2492 puto
493 2421 631 2477 dationem
650 2422 773 2476 ualeret:
791 2421 831 2476 sic
849 2421 921 2476 euim
939 2426 1004 2490 post
1017 2423 1104 2491 patris
1117 2437 1270 2492 regressum
1283 2420 1396 2476 reccidit
1407 2422 1436 2476 in
1447 2427 1626 2494 potestatem,
1645 2429 1726 2494 atque

290 2511 314 2566 si
331 2525 480 2581 numquam
498 2513 576 2580 pater
593 2509 629 2565 ab
648 2509 773 2566 hostibus
791 2512 888 2580 eaptus
906 2507 1012 2565 luisset.
1039 2509 1123 2566 imnlo
1141 2515 1251 2566 curator
1268 2509 1440 2566 substantiae
1457 2510 1517 2566 dari
1535 2511 1628 2582 debet,
1648 2529 1685 2568 ne
1701 2513 1727 2568 in
1743 2519 1765 2558 ²⁵

290 2599 381 2655 medio
398 2605 501 2670 pereat

254 2686 272 2745 7
343 2687 494 2744 Umnuus
511 2687 580 2744 libro
598 2687 719 2744 secundo
737 2688 961 2760 disputationum.
994 2686 1024 2743 Si
1041 2685 1113 2743 filius
1131 2685 1247 2744 familias
1266 2683 1760 2771 QQJQesentels

290 2781 365 2833 tutor
383 2793 400 2832 a
416 2781 544 2847 praetore
562 2776 644 2832 datus
662 2777 712 2847 sit,
736 2778 761 2832 si
784 2778 894 2848 quidem
912 2781 991 2847 pater
1008 2777 1123 2831 tutelam
1143 2777 1270 2847 agnouit,
1293 2779 1322 2833 in
1340 2778 1458 2834 solidum
1477 2778 1561 2833 debet
1579 2781 1684 2850 teneri,
1706 2781 1728 2834 si

290 2881 344 2922 non
362 2865 508 2935 adguouit,
531 2865 675 2921 dumtaxat
693 2867 727 2922 de
745 2868 861 2936 peculio.
890 2865 1056 2936 adgnouisse
1080 2870 1171 2920 autem
1194 2865 1317 2936 uidetur,
1342 2866 1402 2922 siue
1426 2867 1514 2936 gessit
1537 2867 1599 2922 siue
1622 2869 1727 2938 gerenti

289 2953 345 3011 lilio
363 2955 504 3010 consensit
521 2955 580 3010 siue
598 2955 708 3010 omnino
726 2957 818 3025 attigit
834 2956 958 3011 tutelam.
984 2955 1058 3010 uude
1076 2971 1139 3010 cum
1157 2954 1268 3024 quidem
1286 2953 1342 3011 filio
1354 2956 1520 3025 scripsisset,
1538 2961 1571 3012 ut
1582 2955 1729 3028 diligenter
1744 2966 1767 3004 ³⁰

289 3044 404 3099 tutelam
423 3049 539 3114 gereret,
559 3043 629 3100 ‘cum
648 3043 736 3113 scias,
754 3044 856 3114 inquit,
876 3043 1033 3114 'periculum
1052 3042 1088 3099 ad
1106 3059 1157 3099 uos
1174 3043 1326 3114 pertinere',
1345 3043 1402 3099 dixi
1420 3044 1624 3116 huncquoque
1643 3047 1728 3102 uideri

289 3133 471 3202 adgnouisse:
489 3133 571 3202 plane
589 3133 718 3189 sisoium
737 3134 843 3189 monuit
860 3131 954 3202 filium,
972 3147 1027 3188 nou
1045 3132 1155 3188 uidetur
1172 3133 1274 3202 agnita

252 3220 271 3280 8
342 3222 420 3278 tnnu
442 3221 511 3277 libro
534 3221 621 3291 primo
646 3221 813 3291 opinionum.
849 3223 984 3276 Patronus
1007 3237 1116 3292 quoque
1138 3225 1214 3277 tutor
1235 3221 1326 3276 liberti
1349 3222 1392 3277 eui
1415 3219 1499 3278 fidem
1521 3237 1569 3278 ex·
1588 3220 1761 3308 [Effe-es

289 3311 383 3367 hibere
401 3309 492 3380 debet,
512 3315 540 3365 et
557 3311 581 3365 si
598 3325 654 3379 qua
671 3311 699 3364 in
717 3308 841 3366 mandem
860 3309 1032 3366 debitorum⁶
1047 3312 1174 3379 quamuis
1191 3311 1287 3381 pupilli
1304 3309 1395 3366 liberti
1413 3317 1494 3381 gesta
1512 3317 1585 3383 sunt,
1603 3301 1728 3370 {erro-effi

288 3401 333 3457 ius
349 3400 489 3471 publicum
506 3399 648 3469 permittit.
1744 3412 1768 3452 ss

253 3491 271 3550 9
343 3490 518 3545 Mortuus
536 3487 604 3543 libro
622 3488 703 3543 tertio
721 3487 931 3543 institutionum.
967 3487 999 3542 In
1022 3501 1070 3542 eos
1094 3493 1173 3543 extra
1190 3485 1312 3544 ordinem
1330 3488 1568 3558 animaduertitur,
1587 3485 1728 3574 Q
1745 3495 1777 3566 ss

289 3579 337 3648 qui
353 3577 502 3648 probentur
520 3578 638 3632 nummis
656 3576 729 3631 datis
746 3577 860 3632 tutelam
879 3591 1031 3646 occupasse
1050 3577 1096 3632 nel
1113 3576 1201 3646 pretio
1219 3582 1334 3646 accepto
1352 3592 1464 3648 operam
1484 3579 1605 3649 dedisse,
1625 3586 1658 3636 ut
1675 3597 1728 3636 nos

289 3667 405 3722 idoneus
423 3671 499 3723 tutor
516 3666 641 3735 darenrr,
665 3666 709 3720 uel
727 3667 852 3722 consulto
874 3667 903 3722 in
921 3665 1029 3720 edendo
1046 3665 1210 3736 patrimonio
1227 3667 1409 3736 quantitatem
1428 3668 1583 3737 minuerit¹,
1609 3671 1655 3725 uel
1673 3670 1728 3724 eui-

289 3755 364 3810 denti
382 3753 478 3811 irande
496 3756 660 3826 pupillorum
677 3754 751 3809 bona
767 3754 939 3809 alienassct⁸.
1745 3767 1769 3806 ss

234 3847 272 3906 10
343 3843 493 3900 Unrrsuus
511 3843 579 3900 libro
597 3843 719 3899 secundo
737 3843 773 3898 ad
791 3843 919 3899 edictum.
957 3843 1045 3898 Etiam
1065 3857 1120 3898 non
1139 3844 1280 3915 municeps
1290 3847 1366 3899 tutor
1376 3844 1436 3900 dari
1447 3849 1549 3915 petest,
1569 3841 1767 3930 ΜΕ

289 3933 437 3989 dummodo
455 3933 586 4002 municipi
602 3933 691 3988 detur.

233 4027 269 4082 11
342 4022 462 4078 Psunus
479 4020 548 4077 libro
566 4022 647 4077 tertio
666 4021 702 4076 ad
715 4020 861 4077 Uitellium.
897 4022 1028 4077 Furiosus
1046 4021 1070 4076 ei
1087 4024 1163 4078 tutor
1179 4020 1262 4076 datus
1279 4019 1375 4093 fcerit,
1397 4027 1491 4093 potest
1508 4024 1548 4079 in·
1568 4019 1726 4109 Q
1746 4030 1781 4106 lif

289 4110 382 4178 tellegi
400 4110 440 4164 iia
457 4109 524 4181 dari,
545 4126 606 4165 cum
625 4125 692 4164 suae
709 4111 809 4166 mentis
827 4125 889 4167 esse
907 4111 1035 4180 eoeperit.

233 4204 270 4261 12
342 4199 420 4253 lusu
438 4197 506 4254 libro
524 4198 631 4254 decimo
649 4214 850 4268 responsorum.
886 4199 1044 4266 Quaesitum
1057 4204 1108 4268 est,
1127 4197 1210 4269 aubi,
1224 4199 1272 4269 qui
1283 4199 1312 4255 in
1323 4200 1412 4256 locum
1426 4199 1549 4257 absentis
1568 4195 1767 4286 ff‘stffil'

288 4287 329 4342 rei
346 4286 473 4356 publicae
491 4303 575 4342 causa
592 4291 697 4343 tutores
716 4287 774 4343 dati
791 4293 863 4360 suut,
882 4295 989 4343 mortuo
1007 4288 1052 4342 illo
1069 4292 1175 4344 tutores
1188 4293 1373 4360 perseuercut,
1392 4305 1428 4344 an
1439 4289 1487 4345 alii
1498 4279 1727 4360 petendi-effic
1743 4303 1770 4343 as

288 4385 485 4454 quesne)

290 4518 355 4587 ¹et]
374 4518 425 4572 ut?
495 4518 570 4573 ¹uel
586 4519 679 4588 plures
697 4519 779 4574 unius
795 4519 856 4575 loco
875 4527 922 4573 ins.
941 4520 976 4584 (a
989 4522 1016 4584 i.)
1087 4519 1145 4574 ⁸iu
1163 4522 1210 4576 det.
1228 4521 1307 4588 (edd)
1374 4521 1608 4578 ⁴accommodari
1626 4523 1728 4590 (edm

288 4591 299 4626 ⁸
318 4589 457 4644 dationem
474 4589 566 4644 ualere
585 4591 631 4644 del.
702 4593 714 4628 ⁰
731 4590 895 4646 creditorum
915 4591 981 4656 (edd.
993 4610 1049 4646 cum
1064 4591 1188 4647 Graecia:
1207 4592 1246 4646 eie
1262 4593 1422 4664 nsprrpaor'rs
1437 4595 1493 4648 rdru
1507 4596 1655 4650 bunsrcrdsu
1670 4595 1727 4662 lq?

288 4662 299 4696 ἵ
317 4661 449 4716 minuisse
468 4661 571 4728 (Helii
642 4665 653 4697 ⁸
671 4661 806 4717 alienasse
824 4659 925 4729 (Helii

287 4786 367 4840 nuel
385 4787 477 4855 plures
491 4785 731 4855 ...tuniuslocol
752 4787 790 4840 sai
810 4787 899 4841 πολλοὶ
913 4785 976 4841 suri
1028 4787 1063 4842 33
1089 4788 1178 4858 primo
1200 4807 1248 4842 om.
1266 4789 1304 4841 F·
1365 4789 1402 4843 40
1428 4803 1484 4845 nen
1506 4789 1658 4858 municeps}
1686 4799 1727 4844 see

234 4909 237 4916 ,
287 4859 393 4912 nolimu
456 4857 495 4911 sai
509 4856 739 4912 sicssrsucnudru
754 4859 792 4912 sai
812 4860 901 4913 πολλοὶ
915 4857 971 4914 καθ’
1029 4858 1254 4914 FWDEIGeum
1268 4859 1307 4913 B:
1322 4859 1384 4916 buri
1398 4861 1565 4924 ὡκπολίτκο,
1580 4862 1725 4932 manceps

289 4927 350 4983 'nbc
378 4929 478 5001 Tipue„
511 4929 577 4983 unde
603 4932 719 5014 suppleas·
782 4931 815 4984 12
835 4930 976 5000 trigesimo
1030 4932 1165 4994 lemnon)
1179 4931 1453 4996 Accureiuqoddens:
1469 4931 1581 4988 ‘babees
1593 4933 1653 4988 sine
1668 4947 1726 4988 uon

289 5019 337 5056 om.
350 5000 386 5054 Ρ
435 5001 469 5056 23
487 4999 697 5072 impendenti*
744 5001 779 5056 32
796 5001 927 5070 adgnita
939 5003 977 5056 Ρ
1029 5005 1061 5056 ut
1078 5006 1122 5056 est
1138 4999 1248 5073 Py(sis)'
1300 5004 1336 5058 lb
1360 5007 1472 5058 essent
1489 5003 1527 5057 F’
