3848 5536
850 195 963 264 LVIIII

192 370 273 426 saria.
302 385 351 426 uos
369 369 422 426 hoc
440 371 500 428 loco
519 386 572 427 uon
591 376 647 428 ιιιιιι
666 372 792 442 exempla
810 373 968 442 afferemus,
992 387 1064 444 quae
1081 373 1128 443 qni
1146 372 1221 430 uolet
1238 373 1312 430 nullo
1330 375 1441 445 negotio
1459 389 1494 432 ex
1514 375 1627 432 adnota-

192 478 266 534 tione
286 477 423 550 coliiget¹,
441 493 524 549 quam
542 493 645 548 genera
656 479 790 549 quaedam
803 479 986 550 interpolaudi
998 478 1162 536 notabimus.
1192 480 1232 536 ita
1250 479 1441 539 obseruatione
1459 481 1573 552 dignum
1585 489 1629 538 est

191 588 300 640 tantum
319 583 433 656 abesse,
456 589 488 640 ut
508 585 667 642 emendator
685 569 777 658 legum
796 587 987 659 inscriptiones
1005 592 1034 644 et
1051 591 1193 644 auctorum
1211 587 1390 658 allegationes
1408 589 1574 660 neglexerit,
1597 593 1629 645 nt

191 692 218 747 in
240 690 286 746 his
309 690 488 748 emendandis
512 693 556 747 uel
580 693 698 748 maxime
721 693 842 750 studium
866 695 997 765 posuerit.
1030 695 1071 750 sic
1094 694 1142 750 ubi
1165 695 1235 751 duae
1253 696 1329 765 leges
1347 710 1383 750 ex
1401 695 1498 752 codem
1517 700 1628 753 auctore

189 803 320 868 sumptae
341 799 383 854 ita
400 813 431 854 se
449 798 600 870 excipiunt,
626 805 657 854 ιιι
674 800 813 856 secundae
832 815 941 872 quoqne
960 816 1059 857 nomeu
1076 799 1292 874 praescribatur,
1315 801 1476 860 emendator
1496 809 1628 874 perpetuo

189 904 336 962 substituit
354 907 446 977 adern’,
469 907 610 962 consilium
630 906 837 978 compilatorum
855 907 1009 978 religiosius
1027 914 1140 966 secutus
1158 924 1240 980 quam
1257 909 1311 980 ipsi
1328 910 1437 966 executi
1454 915 1527 966 sunt.
1556 911 1628 968 siml·

189 1014 251 1069 liter
274 1011 325 1068 ubi
347 1013 479 1069 remansit
500 1012 642 1083 inscriptio
665 1015 731 1068 edem
755 1015 840 1070 sedem
862 1015 928 1070 libro
952 1015 1083 1072 similinus
1106 1014 1247 1086 iormuia⁸,
1274 1031 1335 1072 eam
1359 1015 1475 1088 delenit,
1501 1022 1533 1073 nt
1555 1021 1629 1074 certe

189 1119 276 1175 deleri
300 1118 398 1176 debuit
420 1135 455 1174 ex
478 1125 570 1176 mente
593 1120 815 1192 compilatorum,
838 1122 885 1192 qui
909 1135 944 1178 ex
967 1122 1063 1179 eodem
1088 1121 1157 1179 libro
1175 1127 1305 1194 excerpta
1322 1121 1370 1179 obi
1388 1123 1516 1180 continuo
1535 1123 1629 1181 ordine

188 1231 363 1298 proponunt,
381 1225 434 1282 suh
453 1225 550 1282 eadem
567 1227 744 1298 inscriptione
762 1229 854 1285 omnia
872 1229 1017 1299 complecti
1035 1230 1132 1286 solent.
1160 1229 1284 1286 similiter
1301 1231 1409 1301 plenam
1425 1230 1629 1301 inscriptionem

188 1333 337 1390 reuocauit
353 1348 403 1405 pro
421 1331 509 1388 forma
527 1332 652 1390 breuiore
669 1335 699 1390 iu
716 1333 778 1390 Gaii
796 1333 872 1392 libris
889 1356 975 1391 rernm
994 1337 1191 1392 continuarum
1212 1345 1268 1392 rtur
1286 1357 1421 1393 cursorem
1439 1338 1471 1408 (l,
1485 1338 1538 1394 479
1554 1356 1581 1394 ιι.
1592 1339 1629 1408 2),

189 1440 218 1496 in
240 1440 370 1496 eiusdem
387 1437 464 1496 libris
482 1441 519 1494 od
536 1441 644 1496 edictum
661 1449 791 1514 praetoris
810 1442 921 1512 [means]
941 1443 972 1513 (Ι,
985 1443 1046 1513 679,
1060 1445 1102 1513 7),
1125 1443 1154 1499 in
1172 1443 1386 1512 hermogeniani
1405 1443 1488 1514 [iuris]
1508 1452 1629 1517 epitomu-

189 1548 275 1618 rnm⁴,
299 1547 329 1602 io
347 1544 440 1602 Alieni
457 1545 631 1619 [clipeatorum]
651 1547 683 1616 (Ι,
696 1549 757 1618 540,
770 1549 829 1618 29),
853 1549 882 1604 in
904 1547 980 1605 isonis
1002 1550 1038 1604 nri
1054 1552 1131 1622 ispum
1150 1549 1243 1606 iniiam
1261 1549 1295 1620 [st
1313 1549 1432 1622 Pupium]
1453 1550 1485 1621 (Ι,
1497 1551 1558 1622 886,
1570 1551 1630 1620 80);

190 1655 257 1710 item
279 1655 442 1727 publicorum
464 1653 509 1709 uei
527 1654 559 1707 ds
573 1654 685 1724 publicis
703 1655 807 1710 iudiciis
823 1654 884 1711 libri
903 1654 951 1711 uhi
968 1656 1133 1728 allegantur,
1155 1657 1313 1728 publicorum
1332 1658 1485 1712 iudiciorum
1502 1671 1550 1714 eos
1568 1671 1630 1715 osse

191 1761 290 1816 maluit
309 1760 355 1830 (Π,
367 1761 429 1831 811,
441 1761 467 1815 4.
484 1760 546 1830 839,
559 1759 594 1813 93
611 1761 689 1830 cet),
713 1761 826 1817 betium
845 1762 962 1818 ιιιιιιιιιίι
980 1762 1009 1818 iu
1029 1763 1114 1818 ὀνειιῐι
1136 1764 1212 1818 edicti
1235 1763 1267 1834 (I,
1280 1763 1341 1833 399,
1354 1763 1413 1833 35),
1437 1763 1473 1818 ad
1491 1761 1631 1820 Modestius·

191 1882 295 1924 nomen
314 1867 416 1922 adiecit
434 1866 558 1922 Herennia·
575 1866 607 1936 (Ι,
622 1867 681 1937 134,
695 1867 738 1922 31.
751 1868 810 1938 35),
833 1869 898 1923 Uari
915 1868 951 1924 ad
969 1869 1061 1942 Affecti
1078 1869 1123 1940 (ΙΙ,
1136 1869 1197 1940 402,
1209 1869 1253 1925 44.
1272 1869 1333 1940 548,
1346 1869 1400 1940 25),
1418 1873 1482 1926 ante
1500 1871 1632 1943 respoudit

190 1973 388 2045 respondentis
411 1987 511 2029 nomeu
536 1973 650 2028 inseruit
668 1973 844 2044 (11,1oe,13.
864 1975 925 2046 921,
939 1977 973 2032 16
992 1977 1069 2042 oet.):
1091 1989 1106 2030 e
1125 1977 1261 2032 contrario
1280 1975 1378 2032 Sabim
1397 1976 1516 2032 detraxit
1533 1991 1632 2032 nomen

191 2081 312 2136 Masurii
330 2081 362 2150 (Ι,
375 2081 418 2150 20,
432 2081 492 2150 33),
516 2079 625 2150 Ulpiani
646 2078 721 2136 libris
740 2082 777 2136 od
794 2083 902 2138 edietum
925 2081 999 2152 quod
1023 2082 1166 2152 aliquoties
1184 2082 1294 2138 additur
1310 2091 1440 2156 moetoris
1457 2081 1503 2153 (ΙΙ,
1516 2082 1577 2152 921,
1586 2084 1630 2138 41.

192 2189 254 2258 923,
268 2189 326 2255 40).
354 2191 469 2258 apparet
486 2185 677 2242 emendatores
695 2186 724 2243 iu
741 2187 964 2259 inscriptionibus
981 2190 1072 2259 legum
1091 2188 1120 2244 id
1137 2189 1283 2260 praecipue
1301 2189 1406 2260 egisse,
1427 2193 1458 2246 ut
1475 2188 1512 2245 ad
1529 2193 1631 2244 cerum

192 2311 320 2352 normam
339 2295 431 2350 omnia
448 2299 642 2350 resecarentur
659 2295 790 2364 legesque
808 2296 968 2367 plerumque
986 2312 1003 2351 a
1022 2295 1245 2366 compilatoribus
1263 2295 1416 2353 custoditae
1434 2299 1566 2368 perpetuo
1584 2295 1631 2353 oh-

192 2407 381 2458 seruareutur.
409 2401 545 2458 interdum
564 2401 699 2458 eiusmodi
721 2401 911 2459 emendations
929 2417 1025 2458 oerum
1044 2402 1162 2474 inuenit,
1188 2417 1222 2459 ex
1241 2403 1397 2460 coniectura
1419 2409 1525 2460 omen:
1548 2407 1580 2459 ut
1597 2403 1632 2474 11,

193 2510 305 2580 742,11
324 2509 423 2574 Paulus
440 2524 535 2564 uerum
555 2512 606 2578 est,
625 2507 675 2564 sed
687 2508 795 2580 Ulpiani
813 2525 913 2566 nomen
925 2509 1123 2582 praescriptum
1140 2507 1225 2566 inisse
1237 2510 1266 2566 in
1277 2511 1425 2582 exemplari
1443 2527 1477 2566 ex
1495 2525 1632 2566 comeusu

193 2617 377 2672 Basilicomm
390 2630 452 2672 cnm
464 2615 614 2672 Florentini
626 2615 728 2671 codicis
742 2615 877 2686 scriptura
894 2617 982 2686 prima
999 2617 1142 2688 colligitur.
1170 2621 1266 2674 contra
1283 2616 1349 2674 alibi
1365 2617 1438 2674 idom
1457 2617 1578 2674 studium
1596 2617 1633 2673 ad

193 2739 356 2796 peruersam
374 2723 611 2793 interpolationem
629 2737 717 2794 usque
734 2722 877 2794 processit,
895 2727 927 2778 ut
944 2724 966 2794 l,
979 2724 1040 2794 526,
1052 2725 1088 2780 34
1105 2739 1140 2780 ex
1154 2725 1341 2795 octogensimo
1354 2730 1452 2781 octaum
1464 2724 1632 2796 digestorum

194 2831 297 2887 Iuliani
319 2829 389 2886 hhro
409 2828 569 2886 emendator
586 2827 653 2886 iecit
671 2828 929 2900 quadragensimum
947 2835 1076 2888 ocinum
1095 2831 1244 2902 respiciens
1261 2831 1297 2912 ad
1315 2832 1336 2903 1,
1348 2831 1410 2904 527,
1423 2833 1465 2904 20,
1490 2835 1519 2888 st
1536 2847 1632 2904 perpe-

195 2955 270 3008 ram,
296 2941 327 2993 nt
349 2935 459 2992 aliunde
479 2940 595 2992 constat.
615 2965 647 2978 -
671 2936 704 2992 lu
724 2937 909 3006 grammaticis
927 2942 956 2992 et
973 2937 1188 3009 orthographicis
1206 2939 1273 2994 item
1291 2938 1464 2995 dimoeuasta
1482 2923 1633 2996 elaborauit

196 3045 342 3116 diligentia
366 3043 469 3100 maiore
490 3058 572 3114 quam
596 3041 695 3099 fructu.
728 3043 768 3100 ita
785 3059 869 3115 supra
890 3061 917 3116 p.
931 3045 1025 3100 XXlli
1042 3045 1097 3100 iam
1115 3045 1234 3102 uidimus
1251 3046 1280 3102 iu
1297 3045 1482 3102 numeralibus
1499 3055 1632 3102 alcuimus

195 3151 390 3222 similibusque
407 3150 544 3222 quomodo
561 3149 752 3215 belluminter
770 3165 800 3206 ss
817 3155 944 3220 gerentes
959 3151 1149 3208 emendatores
1164 3151 1220 3208 duo
1233 3151 1411 3210 elaborarint:
1429 3153 1589 3224 similiaque,
1608 3154 1633 3210 si

196 3258 308 3315 luberet
320 3259 348 3314 iu
365 3258 440 3314 hisce
458 3258 533 3314 tricis
552 3257 660 3328 morari,
679 3257 806 3328 componi
824 3260 937 3329 possent
951 3257 985 3313 do
997 3278 1010 3313 s
1023 3259 1114 3314 littera
1131 3264 1195 3330 post
1206 3260 1262 3322 sin
1281 3269 1382 3334 esseque·
1392 3258 1528 3317 uocabulo
1540 3261 1632 3317 simili-

197 3365 322 3436 busque,
346 3365 380 3420 de
404 3365 570 3436 aspiratione
590 3365 617 3420 in
638 3364 785 3420 Trallianus
807 3362 943 3420 uocabulo
967 3363 1002 3421 ab
1020 3365 1196 3423 emendatore
1213 3367 1316 3437 passim
1335 3368 1405 3424 male
1422 3368 1550 3424 {naemu
1582 3367 1632 3424 sed

198 3473 225 3528 in
237 3471 458 3543 orthographicis
470 3472 660 3528 emendatores
672 3471 725 3527 etsi
737 3477 869 3542 errarunt,
879 3475 971 3528 omen
982 3471 1054 3529 inoa
1064 3473 1222 3543 prouinciae
1234 3488 1301 3530 suae
1313 3471 1382 3530 lines
1394 3489 1424 3531 ae
1433 3475 1632 3531 continuerunt.

253 3727 263 3760 ¹
284 3723 369 3775 Pauca
392 3723 456 3776 baec
479 3723 628 3776 subiecimus
652 3740 712 3776 casu
736 3723 816 3790 magis
841 3724 978 3790 composita
1000 3741 1074 3792 quam
1098 3723 1201 3777 oonsilio
1219 3724 1325 3777 delecta.
1355 3727 1435 3794 proba
1456 3725 1521 3778 male
1539 3733 1635 3779 mutata

199 3823 259 3866 sunt
279 3812 413 3866 interulis
435 3813 511 3864 haec:
534 3813 555 3874 1,
570 3813 629 3876 103,
641 3813 677 3864 80
697 3811 843 3884 usnsepiati]
865 3820 1012 3884 suscepisti:
1037 3813 1125 3876 118,6
1147 3813 1247 3883 ardore]
1270 3821 1294 3868 si
1316 3814 1407 3869 celere:
1432 3815 1491 3877 131,
1509 3815 1544 3868 39
1570 3813 1634 3870 ou-

200 3901 326 3972 briorrsm]
341 3901 488 3974 piohrousm
507 3901 580 3968 (illud
597 3902 726 3954 reuocauit
744 3902 890 3954 emendator
909 3902 1058 3969 secundus):
1079 3903 1137 3964 146,
1150 3903 1184 3956 35
1203 3920 1252 3974 quc
1264 3902 1402 3974 deflexerit]
1420 3903 1489 3975 quod
1505 3905 1635 3976 estunam

201 3991 311 4054 217,15
335 3991 368 4046 ab
392 4011 422 4045 sa
444 4009 474 4045 rs
490 3991 588 4061 relicto]
614 3991 646 4046 ob
670 4011 700 4046 eo
717 3994 821 4046 relicto:
845 3991 935 4054 667,1
961 3999 987 4044 in
1005 4011 1034 4046 re
1047 3990 1191 4063 somiliori]
1216 3999 1271 4045 inte
1285 3993 1434 4064 familiari:
1457 3991 1580 4054 11,3ac,
1599 3992 1635 4044 44

201 4079 392 4152 usparausdo]
411 4095 619 4150 superstruere:
643 4079 704 4142 527,
722 4081 766 4132 23.
785 4079 820 4132 26
843 4079 968 4150 auctione]
987 4087 1085 4135 actione
1104 4080 1154 4132 bis:
1178 4075 1240 4143 687,
1252 4079 1287 4131 28
1304 4097 1354 4134 uon
1373 4081 1490 4132 delatum.
1518 4090 1635 4149 compta

202 4179 299 4223 mutata
326 4171 352 4222 iu
375 4169 447 4237 peius
471 4179 529 4222 sunt
552 4169 660 4236 exempli
683 4187 760 4222 causa
782 4170 804 4233 1,
824 4169 882 4232 121,
899 4170 935 4220 40
955 4168 1132 4242 peremptis]
1155 4175 1323 4239 porucriptie
1346 4169 1390 4233 1⁹¹,
1413 4178 1563 4242 perscriptis
1585 4171 1635 4224 F’:

205 4260 313 4322 125,24
336 4257 505 4326 remittantur]
529 4260 701 4312 demittantur
725 4258 768 4323 F¹‚
793 4263 980 4330 prmintuntnr
1003 4257 1054 4310 F':
1079 4257 1112 4320 Π,
1126 4257 1188 4320 407,
1202 4257 1234 4308 21
1261 4265 1319 4312 dem
1341 4258 1461 4313 orborum
1483 4258 1551 4328 inno]
1577 4266 1635 4314 item

204 4367 365 4403 murenarum
380 4349 441 4402 luno
453 4347 497 4411 F',
516 4354 574 4401 item
593 4367 610 4402 u
626 4365 746 4420 pecorum
764 4350 824 4401 tono
845 4347 882 4400 F’
900 4347 988 4414 (uoluit
1006 4353 1064 4402 item
1081 4364 1200 4418 pecorum
1218 4348 1297 4415 lano).
1386 4346 1398 4381 ²
1416 4348 1456 4400 Ita
1472 4348 1506 4410 11,
1519 4347 1580 4412 379,
1592 4349 1635 4400 36.

205 4437 265 4500 398,
277 4437 321 4490 23.
340 4435 402 4498 401,
416 4437 457 4488 10.
475 4437 537 4500 435,
552 4437 592 4488 18.
611 4437 727 4498 469,10.
746 4435 808 4498 484,
821 4435 863 4490 27.
882 4437 998 4498 492,14.
1016 4437 1077 4498 519,
1093 4436 1126 4488 14
1143 4445 1169 4487 et
1186 4435 1281 4502 passim
1297 4435 1366 4489 alibi.
1455 4436 1467 4472 ⁸
1484 4437 1579 4501 Ι,641,
1595 4438 1635 4490 14.

205 4527 265 4588 667,
283 4526 309 4578 6.
338 4526 373 4588 11,
391 4525 451 4588 425,
464 4525 507 4579 30.
535 4524 595 4590 785,
614 4526 639 4576 4.
658 4523 682 4577 7.
699 4526 738 4576 15.
766 4525 826 4586 832,
848 4527 871 4588 1,
890 4525 932 4578 20.
960 4525 1020 4588 918,
1039 4526 1082 4578 31.
1110 4525 1171 4589 923,
1188 4527 1213 4578 3.
1234 4525 1274 4577 15.
1301 4525 1478 4588 924,13.24.
1505 4525 1636 4593 aliquoties

205 4634 260 4668 eam
278 4613 410 4667 formulam
428 4615 529 4666 sustulit
546 4633 596 4666 uon
614 4614 775 4676 emendator,
801 4615 846 4666 scd
865 4615 919 4682 ipss
937 4614 1060 4668 librarius.
1161 4614 1270 4679 ⁴23,3,
1284 4612 1326 4667 74.
1352 4613 1395 4679 41,
1408 4615 1434 4677 8,
1446 4615 1472 4667 9.
1499 4615 1541 4680 48,
1554 4616 1581 4678 2,
1596 4616 1636 4668 10.

208 4706 249 4767 15,
262 4702 287 4756 i.
310 4703 350 4765 19,
363 4703 406 4754 96.
424 4704 466 4767 50,
480 4703 505 4766 2,
518 4703 543 4755 8.
562 4702 643 4765 4,17.
665 4701 707 4766 17,
719 4702 762 4754 97.
790 4704 889 4756 breuior
907 4704 986 4756 forma
1004 4723 1054 4756 non
1073 4704 1174 4772 expleta
1190 4705 1311 4758 remansit
1328 4704 1370 4768 39,
1382 4706 1409 4765 4,
1424 4704 1464 4756 10.
1482 4704 1525 4769 47,
1539 4706 1580 4768 10,
1592 4705 1636 4757 45.

205 4793 248 4858 48,
263 4794 304 4854 19,
317 4793 360 4844 42.
384 4793 427 4856 50,
439 4793 465 4856 4,
481 4795 503 4845 l.
531 4793 563 4844 ci.
581 4794 642 4846 ἰιιιιιι
660 4793 768 4855 11,186,
783 4792 807 4844 8.
928 4795 939 4830 ⁵
962 4793 1004 4846 Sic
1021 4793 1042 4856 1,
1060 4793 1120 4846 878.
1133 4791 1176 4846 37.
1189 4794 1232 4846 49.
1260 4792 1321 4856 879,
1342 4795 1382 4846 lc.
1394 4793 1437 4847 26.
1449 4793 1493 4846 28.
1519 4794 1580 4857 884,
1593 4795 1636 4848 38.

207 4901 223 4933 ιι
240 4883 319 4950 prima
336 4899 412 4936 mauu
430 4883 549 4951 aspiratio
568 4883 641 4936 adest
659 4884 679 4946 1,
692 4883 753 4945 859,
766 4885 791 4934 5.
815 4883 876 4946 931,
888 4883 931 4936 88.
959 4881 1044 4936 muter
1056 4883 1225 4940 charitalem
1243 4883 1412 4936 sicmutaturo
1425 4883 1523 4951 abipso
1535 4883 1636 4937 librario

208 4971 240 5034 11,
251 4972 312 5034 547,
323 4973 350 5024 3.
