3698 5560
290 261 319 326 ll
345 265 499 327 159-11
982 253 1037 332 78
1337 278 1383 324 nn
1406 276 1717 324 rasssscrroursus

291 416 454 470 aduersariis
471 421 553 484 pacto
570 417 711 484 transegit,
730 421 835 470 taum
854 417 882 469 in
899 415 941 468 his
959 415 1148 481 interpositum
1166 418 1276 480 pactum
1295 413 1413 494 nocebit,
1431 414 1466 468 de
1481 413 1580 483 quibus
1590 415 1661 469 inter
1672 429 1717 468 ecs

291 509 381 558 actum
400 520 461 559 esse
478 505 616 573 probatur.
643 504 685 559 his
703 509 810 560 tantum
827 503 975 558 transactio
987 501 1074 568 obest,
1093 503 1219 570 quamuis
1232 505 1316 557 maior
1329 504 1407 558 annis
1418 504 1517 572 uiginti
1530 504 1648 571 quinque
1659 517 1717 556 eam
1807 558 1812 568 ,

290 594 459 662 interposuit,
478 593 630 662 dequibus
649 599 739 647 actum
755 593 893 662 probatur.
920 607 1037 658 nemea,
1056 605 1170 659 quorum
1189 592 1310 646 actiones
1329 597 1484 660 competere
1502 592 1528 646 ei
1545 598 1642 660 postea
1657 607 1718 646 con-

290 687 398 751 pertum
416 687 467 751 est,
485 682 606 751 iniquum
625 687 669 736 est
685 682 787 751 peremi
805 687 894 749 pacto.
922 681 950 735 id
969 680 1003 734 de
1021 694 1076 748 quo
1094 681 1243 748 cogitatum
1263 695 1316 735 non
1335 680 1473 736 doceturl.
1737 697 1751 735 4

235 771 273 828 10
343 771 419 825 lusu
436 771 505 825 libre
522 771 610 838 primo
628 786 827 838 responsorum.
855 770 896 824 De
915 784 944 823 re
961 767 1085 837 liliorum,
1104 784 1173 837 quos
1188 769 1215 822 in
1228 775 1365 837 potestate
1377 785 1431 824 non
1443 769 1546 838 habuit,
1565 763 1718 852 Μ
1737 779 1773 854 ss

290 859 485 927 transigentem
506 863 611 926 patrem
630 859 740 913 minime
759 859 798 912 eis
815 858 914 913 obesse
932 858 1030 926 placet.

235 951 270 1006 11
344 949 420 1002 rnen
437 946 506 1002 libro
523 953 621 1016 quarto
639 947 674 1001 ad
692 948 820 1002 edictum.
850 948 916 1000 Post
933 961 990 1004 rem
1009 945 1155 1000 iudicatam
1174 946 1257 1001 etiam
1275 947 1298 1000 si
1316 947 1475 1015 prouocatio
1493 961 1547 1000 nen
1566 939 1763 1028 [iffa—138

245 1058 250 1070 ·
291 1041 334 1090 est
350 1037 518 1105 interposita,
536 1042 629 1090 nmen
647 1037 670 1090 si
688 1041 803 1106 negetur
820 1035 969 1090 iudicatum
988 1049 1049 1088 esse
1067 1037 1111 1089 uel
1129 1035 1247 1104 ignorari
1265 1039 1358 1103 potest
1375 1051 1410 1090 an
1427 1035 1576 1090 iudicatum
1589 1036 1639 1090 sit:
1656 1037 1721 1104 quia

291 1124 380 1180 adhuc
397 1125 430 1180 lis
449 1124 563 1180 subesse
580 1126 675 1193 possit,
693 1125 841 1178 transactio
858 1122 916 1178 fieri
932 1128 1032 1192 potest
1741 1131 1754 1170 9

235 1215 272 1272 12
344 1213 457 1268 Cursus
474 1213 542 1269 libro
559 1215 641 1268 tertio
658 1213 834 1282 digestorum.
861 1213 921 1267 Non
940 1218 982 1267 est
994 1211 1123 1266 terendus
1134 1212 1181 1280 qui
1194 1212 1357 1280 generaliter
1369 1213 1396 1267 in
1409 1212 1459 1280 his,
1477 1227 1548 1280 quae
1568 1206 1722 1294 [ffiffg
1740 1215 1766 1270 E

290 1306 454 1356 testamento
472 1303 497 1356 ei
515 1303 609 1358 relicta
622 1306 694 1370 sunt,
712 1302 883 1370 transegerit,
903 1301 1035 1369 sipostea
1046 1305 1174 1354 causetur
1186 1300 1221 1355 de
1233 1316 1263 1355 eo
1276 1301 1334 1356 selo
1346 1320 1373 1355 se
1385 1301 1530 1370 cogitasse,
1549 1301 1621 1370 quod
1633 1301 1723 1369 prima

290 1395 367 1459 parte
385 1391 541 1446 testamenti
560 1407 593 1445 ac
611 1406 665 1446 non
683 1391 764 1446 etiam
782 1389 856 1460 quod
874 1390 1023 1458 posteriore
1041 1389 1162 1457 legatum
1180 1390 1225 1444 sit.
1259 1390 1284 1444 si
1301 1395 1394 1444 umen
1412 1395 1510 1458 postea
1527 1389 1641 1444 codicilli
1659 1403 1721 1457 pro·

290 1478 421 1548 seruntur,
439 1495 493 1534 non
512 1479 634 1549 improbe
652 1479 717 1534 mihi
734 1480 857 1534 dicturus
875 1479 984 1533 uidetur
1001 1478 1036 1533 de
1054 1492 1087 1532 co
1102 1478 1245 1533 dumtaxat
1262 1494 1292 1532 ac
1310 1478 1455 1547 cogitasse,
1474 1481 1549 1546 quod
1564 1479 1668 1534 illarum
1681 1481 1722 1531 ta·

290 1567 422 1638 balanam,
441 1584 510 1637 quas
527 1574 594 1623 trrnc
611 1571 733 1635 nouerat,
753 1568 888 1635 scriptura
905 1568 1097 1622 contineretur.
1744 1575 1772 1614 ιι

233 1657 271 1717 13
342 1655 489 1712 humarus
506 1658 612 1712 Maesa
629 1655 698 1711 libro
716 1655 804 1724 primo
822 1656 858 1710 ad
875 1658 964 1724 legem
983 1655 1160 1710 uicensimam
1175 1654 1376 1711 hereditatium.
1403 1654 1475 1710 Nulli
1487 1669 1548 1723 pro
1581 1648 1723 1734 nisa}
1744 1658 1787 1731 Es

290 1749 444 1800 curatorum
461 1747 592 1814 principis
608 1745 764 1800 inconsulto
782 1745 903 1813 principe
921 1745 1072 1812 transigere
1089 1743 1162 1797 lieet.

233 1837 271 1894 14
343 1832 500 1889 somnone
512 1833 920 1903 librosecundorespcnscrum.
940 1832 1132 1888 controuersia
1139 1832 1211 1886 inter
1218 1831 1370 1900 legitimum
1380 1837 1409 1886 et
1418 1833 1548 1900 scriptum
1568 1825 1724 1913 [ῆιῖ-ιῖ
1742 1835 1770 1889 P

289 1919 416 1976 heredem
438 1927 500 1976 orta
522 1929 566 1977 cst
588 1937 675 1992 eaque
696 1923 881 1978 transactione
904 1921 979 1976 iacta
1002 1925 1077 1976 certa
1098 1921 1160 1988 lege
1182 1919 1258 1976 linita
1275 1924 1331 1974 est:
1354 1934 1457 1989 quaero
1475 1921 1623 1975 creditores
1641 1934 1723 1987 quern

288 2011 434 2066 conuenire
452 2011 588 2080 possunt?
614 2010 762 2079 respondit,
782 2012 805 2064 si
820 2010 893 2066 idem
905 2010 1053 2065 creditores
1071 2015 1172 2078 essent,
1191 2010 1238 2077 qrri
1256 2009 1469 2064 transactionem
1481 2006 1619 2078 fechsent,
1638 2010 1667 2062 id
1678 2010 1724 2063 ol>-

288 2101 441 2153 aeruaadum
459 2101 490 2154 de
508 2119 568 2154 aare
585 2102 680 2163 alieno,
698 2100 767 2170 quod
784 2107 850 2153 inter
867 2118 909 2153 eos
927 2105 1095 2152 conuenisset:
1114 2098 1137 2151 si
1155 2097 1201 2152 ulii
1218 2097 1366 2154 creditores
1384 2102 1490 2166 essent,
1509 2101 1620 2166 propter
1637 2097 1724 2152 inccr-
1745 2107 1773 2147 20

288 2191 347 2242 tum
371 2188 552 2243 successionis
569 2202 619 2256 pro
636 2191 714 2256 parte
731 2186 905 2254 hereditatis,
927 2201 1009 2254 quam
1028 2191 1144 2256 uterque
1161 2187 1189 2239 in
1206 2187 1391 2242 transactione
1408 2186 1585 2255 expresserit,
1611 2185 1724 2240 utilibus

289 2276 431 2330 acticullua
449 2276 652 2332 conuenientius
670 2280 722 2331 est.

234 2367 271 2427 15
341 2363 461 2419 Pnuuus
477 2364 547 2420 libro
563 2366 650 2435 primo
668 2365 872 2420 sententiamm.
899 2365 984 2418 Psote
1001 2369 1137 2419 conuento
1149 2363 1296 2432 Aquiliana
1311 2364 1370 2431 qui·
1389 2360 1464 2446 [Βῷ.
1474 2376 1496 2428 1,
1508 2373 1725 2444 attigua}
1744 2371 1771 2425 P

288 2451 351 2506 dem
370 2453 509 2521 stipulatio
527 2453 614 2509 subici
632 2454 714 2508 solet:
733 2453 782 2508 sed
800 2453 949 2508 consaldus
968 2457 1012 2507 est
1029 2453 1091 2508 huic
1109 2453 1252 2522 poenalem
1269 2466 1379 2522 quoque
1396 2452 1599 2520 stipulationem
1611 2451 1723 2506 subiun-

288 2556 361 2611 gere,
380 2542 445 2610 quia
462 2543 579 2599 rescisso
596 2539 667 2596 fens
684 2547 765 2612 pacta
783 2555 873 2609 poena
890 2556 925 2596 ex
943 2543 1075 2610 stipulatu
1093 2543 1150 2611 peti
1167 2545 1267 2611 potest
1745 2555 1774 2595 ss

234 2635 271 2694 16
341 2630 600 2686 Hanuoenursrrus
617 2629 685 2686 libro
702 2631 790 2699 primo
804 2630 870 2685 iuris
882 2631 1069 2699 epitomarum.
1096 2630 1148 2696 Qui
1160 2629 1242 2684 fidem
1254 2630 1344 2684 licitae
1356 2628 1548 2684 transactionis
1567 2623 1725 2712 [ism—Tr}
1745 2637 1772 2690 Ρ

288 2719 374 2788 rupit,
392 2733 447 2774 non
465 2719 625 2788 exceptione
643 2724 750 2774 tantum
768 2719 996 2790 summouebitur,
1015 2720 1064 2774 scd
1082 2724 1111 2774 ct
1128 2734 1252 2788 poenam,
1271 2733 1362 2787 quarn
1381 2718 1406 2772 si
1423 2721 1518 2772 contra
1535 2718 1665 2787 placitum
1684 2715 1724 2772 ie·

289 2808 356 2864 ecrit
373 2813 434 2863 rate
451 2813 579 2864 mancine
596 2812 686 2878 pacto,
705 2807 845 2876 stipulanti
864 2813 938 2862 recte
955 2809 1125 2877 promiserat,
1143 2813 1283 2877 praestare
1300 2811 1433 2886 eogaen„

234 2902 271 2960 17
341 2897 522 2952 Psemrauus
533 2895 603 2952 libro
614 2896 735 2952 secundo
747 2897 945 2965 quaestionum.
970 2896 1101 2952 Uanditcr
1113 2896 1272 2952 hereditatis
1284 2896 1399 2964 emptori
1411 2893 1548 2950 mandatis
1567 2889 1727 2977 [efflans
1745 2904 1785 2957 Ρ·

224 3021 230 3034 .
288 2984 441 3041 actionibus
464 2983 672 3042 condebitam
695 2983 871 3054 hereditario,
894 2985 942 3053 qni
959 2984 1104 3054 ignorabat
1120 2985 1260 3039 uenditam
1279 2999 1340 3039 esse
1358 2983 1551 3052 hereditatem,
1574 2985 1725 3052 transegit:
1746 3000 1775 3040 ac

288 3073 313 3128 si
335 3078 442 3142 emptor
464 3073 623 3130 hueditatis
644 3073 696 3130 boc
714 3073 835 3130 debitum
855 3073 890 3128 ab
908 3089 941 3128 eo
960 3073 1070 3142 exigere
1087 3073 1168 3140 uelit,
1193 3073 1318 3141 exceptio
1335 3073 1466 3128 transacti
1486 3073 1588 3141 negotii
1606 3071 1725 3128 debitori

288 3167 400 3231 propter
416 3163 597 3232 ignorantiam
615 3178 693 3218 snam
712 3162 943 3219 accommodanda
961 3167 1011 3218 ast.
1038 3162 1110 3216 idem
1129 3161 1348 3230 respondendum
1366 3166 1409 3216 est
1427 3161 1501 3216 etin
1518 3175 1561 3230 ec,
1579 3162 1627 3230 qui
1645 3159 1726 3216 lidei-

288 3253 460 3306 mmmnsarn
479 3252 583 3319 recepit
600 3250 787 3320 hereditatem,
806 3252 830 3306 si
848 3251 926 3308 heres
945 3267 1006 3306 cunr
1025 3250 1167 3320 ignorante
1185 3250 1307 3306 debitore
1325 3251 1467 3320 transegit.

288 3357 414 3426 fflVU)

291 3514 300 3546 ¹
319 3512 391 3568 Haec
408 3515 511 3568 turbata
529 3515 778 3586 interpretationibus
800 3521 913 3585 antiquis
934 3517 999 3568 maie
1024 3522 1088 3568 iuter
1106 3515 1184 3568 uerba
1207 3521 1315 3585 receptis
1336 3521 1374 3568 sic
1397 3515 1457 3567 olim
1470 3515 1594 3586 suerum:
1616 3517 1726 3568 tautum

290 3581 318 3634 in
336 3581 377 3637 his
394 3585 541 3638 mnsactio
560 3584 653 3652 obest,
675 3584 801 3654 quamuis
825 3584 910 3639 maior
933 3585 1031 3654 uiginti
1054 3585 1173 3654 quinque
1197 3585 1274 3639 annis
1298 3599 1359 3638 cam
1377 3583 1551 3652 interposuit,
1570 3582 1726 3652 dequibus

291 3656 381 3706 actum
399 3653 543 3722 probatur:
561 3671 624 3710 nam
643 3655 764 3726 iniquum
783 3659 826 3709 est
844 3655 947 3724 peremi
965 3660 1046 3725 pacto
1063 3655 1092 3710 id
1111 3656 1146 3710 de
1163 3671 1217 3725 quo
1236 3656 1385 3726 cogitatum
1404 3669 1458 3708 non
1477 3653 1598 3710 docetur.

291 3775 399 3829 2eesel
408 3776 449 3830 P·
502 3777 589 3832 delei
606 3783 704 3847 postca
715 3783 884 3847 mmpsrtum
897 3777 980 3834 habet
1033 3780 1192 3842 consuere
1215 3779 1309 3838 aerati
1331 3778 1420 3840 ahos
1445 3779 1569 3847 spareiru)
1590 3777 1646 3846 sept
1666 3779 1725 3830 τώκ

290 3842 384 3899 Latine
401 3849 479 3920 affert
494 3847 545 3902 BS
563 3847 672 3920 (steph.)
728 3851 745 3904 5
768 3853 924 3919 potestate*
941 3851 980 3903 Γ)
1032 3851 1118 3937 [ρεῶκ
1145 3851 1192 3905 BS
1215 3851 1314 3922 (Gyr.):
1340 3849 1363 3904 ei
1386 3849 1434 3902 uis
1458 3849 1482 3902 ol
1501 3847 1574 3909 airoi
1593 3848 1725 3901 lasercral

291 3914 308 3968 8
332 3921 410 3971 θεΙΒθ4
429 3919 466 3970 F’
529 3919 562 3972 10
585 3933 656 3988 quae
679 3919 776 3973 onsl't
838 3921 870 3975 11
895 3926 978 3975 testa·
1033 3919 1725 3992 scaurusstupououiac,iuourarroiccruomsscei-

290 3990 382 4040 mento
400 3987 435 4057 ei]
447 4015 474 4040 n
488 3993 652 4045 testamento
663 3990 704 4044 P⁶
718 3991 723 4058 Ι
738 3995 910 4060 uansegerat
921 3992 958 4044 F¹
972 3991 976 4062 Ι
1033 4011 1071 4045 crs
1081 3993 1108 4046 B
1120 3991 1241 4059 (Annuit
1253 3995 1371 4046 similiter
1383 3999 1458 4046 eiam
1469 3991 1555 4061 Stepls
1591 3991 1626 4044 22
1638 3989 1726 4044 actio

290 4054 326 4110 de
343 4057 384 4126 co]
404 4058 456 4114 dcc
473 4061 500 4113 F
514 4062 519 4126 Ι
538 4060 577 4129 sc]
598 4061 689 4126 PVU,
707 4064 795 4116 0an
837 4064 871 4117 12
887 4067 978 4131 ponte-
1031 4062 1113 4118 nibus
1125 4060 1726 4131 om.F:c†rstiacirurrictxoscrEfficere),

290 4127 353 4182 riori
371 4129 407 4180 F⁶
461 4130 495 4184 13
512 4131 687 4186 codemtaxat
704 4134 730 4186 F
739 4133 744 4201 Ι
760 4133 842 4202 quod]
861 4142 900 4188 sic
917 4133 979 4188 Hal.
1032 4132 1153 4195 οῩτιλίωο
1176 4132 1335 4198 euarbueuoc
1358 4135 1407 4188 BS
1435 4133 1544 4204 (Scapt.)
1602 4133 1637 4186 ‘23
1659 4145 1725 4186 con-

290 4217 346 4280 cum
368 4199 417 4254 BS
439 4201 565 4273 (scptu
590 4202 654 4274 ὅπερ
677 4203 708 4272 τῇ
733 4204 815 4274 Γραφῇ
838 4205 977 4275 περιέχεται
1032 4211 1133 4260 uento
1156 4206 1194 4258 F³
1209 4206 1213 4272 Ι
1229 4205 1384 4274 *ebulliant
1400 4203 1437 4257 F‘
1458 4205 1463 4270 Ι
1487 4203 1597 4272 quidem
1621 4221 1670 4256 οηι.
1684 4203 1726 4256 P·

290 4286 346 4321 τωκ
358 4272 498 4334 tuncassos,
517 4287 571 4340 quc
585 4275 645 4327 libri
690 4275 724 4328 14
735 4275 889 4330 continetur
900 4275 982 4329 PVU
1032 4275 1141 4330 “Pauli
1149 4276 1217 4340 libri,
1227 4295 1333 4348 quorum
1343 4283 1468 4346 perpauci
1479 4281 1575 4328 tantm
1587 4275 1635 4327 hcc
1647 4281 1726 4344 caput

292 4339 326 4394 15
350 4341 418 4395 alius
442 4343 590 4398 martianus
613 4344 650 4408 P,
677 4344 744 4400 elius
770 4346 925 4401 marcianus
947 4347 977 4411 V,
1031 4346 1123 4400 labent
1173 4347 1208 4400 24
1224 4347 1367 4416 poenalem
1384 4359 1494 4414 quoque
1512 4343 1725 4414 stipulationem]

290 4409 374 4465 celius
398 4415 487 4476 (noluit
505 4413 600 4480 aelius)
623 4429 714 4470 macer
737 4416 771 4470 U:
794 4417 907 4472 Αἰμίλιος
927 4417 953 4470 B
971 4417 976 4480 Ι
1031 4432 1148 4487 poenam
1165 4431 1275 4486 qnoque
1298 4417 1375 4470 Paul»¹
1393 4417 1453 4470 libri
1506 4417 1541 4469 25
1558 4412 1638 4484 forte]
1657 4428 1725 4482 quo-

290 4479 451 4536 hereditatio
473 4483 519 4548 P‘,
546 4483 728 4540 hereditatum
752 4487 804 4541 Vll
824 4489 828 4555 Ι
852 4503 978 4557 procura·
1032 4487 1170 4556 quomodo
1181 4489 1260 4542 Pauli
1277 4489 1337 4542 lthrt
1352 4490 1357 4554 Ι
1372 4501 1461 4556 poena
1479 4486 1575 4540 ΜΡ·
1590 4487 1595 4554 Ι
1611 4486 1725 4554 stipula-

290 4556 376 4606 torem
400 4553 437 4606 F⁶
492 4555 525 4608 18
548 4555 739 4625 transactione]
765 4559 913 4613 bansactio
937 4563 980 4612 est
1032 4559 1268 4613 nonePanltltber
1278 4557 1367 4612 Aurei.
1384 4561 1388 4624 l
1403 4557 1469 4628 peti]
1482 4556 1567 4625 repeti
1576 4557 1725 4610 Pontedd.

290 4623 329 4676 P·
350 4627 354 4691 Ι
373 4621 464 4678 lacu
481 4625 519 4677 F'
574 4626 608 4679 19
631 4627 759 4695 respondi
782 4629 901 4682 F’PVU
919 4631 924 4696 Ι
944 4629 978 4683 is·
1032 4630 1224 4684 contraiibram
1235 4629 1324 4684 Aurei.
1367 4630 1401 4684 26
1413 4629 1503 4682 licitae
1513 4627 1539 4682 't’
1547 4631 1676 4682 namnet
1686 4625 1725 4680 F*

290 4693 353 4778 dem
366 4695 412 4780 l’l
427 4694 456 4748 id
473 4694 532 4780 obs.
604 4697 639 4750 20
651 4698 825 4752 conuenisset
842 4719 891 4753 om.
903 4701 937 4753 F:
957 4700 979 4752 εἰ
1033 4700 1068 4754 30
1086 4699 1226 4756 debitore
1245 4701 1282 4754 pu
1297 4702 1302 4766 Ι
1318 4701 1462 4770 ignorauat
1480 4700 1507 4753 F

290 4781 338 4818 seu
349 4783 372 4818 or
386 4774 564 4828 Βωλγωκεκοι
578 4765 649 4828 sirei
664 4767 708 4822 sicr
722 4771 858 4834 hasererai,
871 4769 902 4823 ri
915 4789 978 4833 cyu-
