3754 5544
175 285 221 331 nn
243 281 462 332 naronnucte
848 253 936 336 585
1372 259 1433 326 XX
1457 261 1473 326 1
1498 267 1613 322 16-11

175 422 326 478 iudicatam
344 420 575 491 quemadmodum
593 419 737 476 habiturus
750 419 795 488 sit,
813 418 967 488 quaeritur:
985 433 1049 474 nam
1062 417 1211 474 dominium
1223 417 1282 474 eius
1293 417 1435 474 uindicare
1446 431 1502 473 non
1513 421 1624 487 potest*

176 511 227 566 sed
245 511 443 582 hypothecaria
459 525 542 580 agere
560 513 660 580 potest,
678 513 708 564 et
725 508 749 562 ai
767 508 893 577 exceptio
910 505 1044 562 obicietur
1062 523 1079 560 a
1096 521 1255 576 possessore
1272 506 1469 577 :uindicatae
1487 507 1613 576 replicet:

143 599 209 656 e'si
233 599 384 656 secundum
408 614 453 654 me
474 598 624 653 iudicatum
650 613 704 652 non
727 594 786 652 est'.
819 595 848 651 Si
870 597 956 667 pluris
978 595 1175 650 condemnatus
1194 596 1231 651 sit
1247 594 1354 650 debitor
1371 610 1426 650 non
1444 594 1614 651 restituendo

176 689 287 759 pignus,
306 703 388 758 quam
407 687 575 757 computatio
593 687 674 742 sortis
692 690 721 742 et
738 700 882 740 usurarum
900 683 1027 754 faciebat,
1046 700 1090 755 an,
1109 685 1259 740 sitantum
1277 684 1397 754 soluerit,
1416 689 1549 753 quantum
1567 684 1613 738 de·

175 777 270 848 bebat,
289 781 453 832 exoneretur
470 774 645 847 hypotheca?
671 774 745 844 quod
764 788 817 843 ego
834 777 966 843 qnantum
986 773 1096 844 quidem
1114 773 1150 828 ad
1168 773 1347 845 suptilitatem
1365 772 1434 842 legis
1452 776 1481 825 et
1497 771 1614 828 auotori-
1633 783 1646 826 t

176 871 264 922 utem
283 866 436 921 sententiae
453 880 509 922 non
526 864 627 936 probo:
646 865 731 920 semel
750 863 822 918 enim
841 877 926 917 causa
943 863 1059 918 transire
1071 861 1181 918 uidetur
1193 862 1229 918 ad
1242 861 1497 917 condemnationem
1509 865 1538 914 et
1549 859 1614 916 inde

176 955 296 1026 pecunie
313 952 421 1010 deberi:
440 953 490 1009 sed
508 953 652 1010 humanius
671 958 714 1010 est
730 968 785 1008 non
800 951 916 1021 amplius
928 965 1000 1020 eum,
1018 966 1101 1020 quam
1114 949 1188 1020 quod
1200 965 1230 1006 re
1241 966 1309 1006 nera
1320 949 1411 1019 debet,
1424 948 1515 1005 dando
1527 947 1614 1019 bypo·

142 1051 157 1098 'l
176 1043 287 1099 thecam
304 1043 428 1098 liberere.
447 1043 546 1098 Aliena
563 1057 608 1097 res
627 1042 729 1097 utiliter
746 1045 839 1110 potest
855 1039 971 1109 obligari
990 1037 1042 1094 sub
1061 1039 1229 1110 condicione,
1248 1039 1271 1095 si
1289 1037 1420 1094 debitoris
1438 1037 1512 1092 iacta
1523 1035 1613 1092 fuerit

141 1141 157 1187 8
177 1132 208 1188 Si
231 1133 287 1187 duo
309 1132 411 1202 pariter
433 1130 468 1188 de
486 1130 642 1202 hypotheca
659 1130 846 1200 paciscantur,
869 1129 898 1183 in
916 1131 1048 1197 quantum
1066 1127 1181 1198 quisque
1199 1127 1347 1198 obligatam
1366 1125 1548 1198 hypothecam
1567 1123 1614 1180 ha·

176 1221 252 1291 beat,
271 1226 361 1275 utrum
379 1235 429 1290 pro
447 1220 599 1289 quantitate
618 1218 704 1274 debiti
721 1233 757 1272 an
775 1231 824 1288 pro
841 1215 967 1286 partibus
984 1215 1112 1284 dimidiis,
1130 1216 1278 1284 quaeritur.
1305 1223 1335 1272 et
1352 1215 1440 1284 magis
1452 1218 1503 1284 est,
1521 1217 1553 1268 ut
1564 1228 1614 1283 pro
1634 1226 1663 1266 ro

177 1310 332 1379 quantitate
350 1308 435 1364 debili
453 1309 554 1378 pignus
572 1307 692 1362 babeant
709 1305 868 1376 obligatum.
900 1303 950 1360 sed
968 1309 1096 1374 uterque,
1121 1305 1145 1358 ai
1163 1320 1226 1360 oum
1244 1319 1401 1374 possessore
1420 1307 1498 1372 agat,
1521 1317 1614 1371 quem·

177 1397 365 1453 admodum¹i
391 1401 482 1451 utrum
501 1395 536 1450 de
553 1400 632 1466 parte
649 1395 766 1465 osusque
784 1411 820 1449 an
838 1393 873 1448 de
891 1391 1057 1463 toto‚'quasi
1075 1393 1182 1462 utrique
1201 1395 1229 1448 in
1241 1393 1357 1450 solidum
1370 1409 1414 1448 res
1427 1391 1548 1460 obligata
1559 1389 1614 1445 siti

177 1485 253 1556 quod
271 1487 323 1541 erit
340 1485 498 1555 dicendum,
522 1486 546 1540 si
565 1484 662 1540 eodem
681 1483 725 1538 die
743 1483 844 1553 pignus
861 1482 971 1552 utrique
989 1481 1083 1536 datum
1102 1487 1146 1537 est
1162 1483 1324 1552 seperatim:
1347 1481 1396 1538 sed
1415 1482 1440 1536 si
1457 1473 1614 1564 [Q

178 1575 259 1630 simul
277 1575 316 1629 illi
334 1578 363 1628 et
381 1574 433 1644 illi,
458 1575 481 1628 si
499 1573 551 1628 lioc
569 1577 661 1628 actum
679 1575 734 1641 est,
758 1576 874 1640 uterque
892 1576 967 1625 recta
985 1571 1013 1626 in
1031 1570 1148 1626 solidum
1166 1575 1245 1642 aget,
1264 1571 1288 1626 si
1306 1571 1408 1640 minus,
1426 1571 1614 1639 unusquisque
1634 1579 1663 1620 rt

142 1673 159 1718 e
177 1678 228 1734 pro
245 1667 332 1734 parte.
360 1663 456 1718 Potest
472 1663 512 1718 ita
529 1659 587 1716 lieri
603 1661 725 1731 pignoris
738 1659 813 1716 detio
825 1659 1041 1731 hypothecaeue,
1060 1665 1099 1729 ut,
1119 1661 1143 1714 si
1154 1660 1227 1714 intra
1238 1661 1342 1714 eertum
1356 1658 1366 1730 ΙΙ
1379 1663 1489 1729 tempus
1510 1645 1614 1743 Qu]
1632 1663 1649 1712 t.
1660 1665 1706 1712 teo

177 1766 235 1808 non
257 1751 295 1806 sit
315 1751 406 1806 soluta
427 1749 558 1820 pecunia,
583 1749 641 1804 iuro
665 1749 796 1818 emptoris
813 1748 955 1818 possideat
971 1764 1028 1803 rem
1047 1749 1119 1804 iusto
1136 1749 1224 1819 pretio
1241 1753 1308 1802 tunc
1325 1745 1539 1802 aestimandam:
1562 1747 1615 1802 boc

178 1840 251 1896 euim
270 1855 337 1895 casu
355 1839 465 1894 uidetur
482 1837 685 1908 quodammodo
704 1837 898 1893 condicionalis
917 1852 978 1892 esse
996 1837 1126 1892 uenditis.
1154 1837 1240 1892 etita
1257 1836 1338 1892 diuus
1351 1835 1470 1891 Seuerus
1488 1839 1517 1891 et
1528 1835 1614 1890 Anto·

177 1929 260 1984 ninus
277 1929 482 1998 rescripserunt.

117 2017 159 2076 17
232 2015 383 2071 Unstsuus
400 2015 469 2071 libro
487 2015 707 2086 quintodecimo
725 2012 761 2068 sd
780 2014 909 2070 edictum.
937 2013 1062 2084 Pignoria
1079 2014 1234 2084 persecutio
1251 2013 1280 2068 in
1298 2027 1356 2070 rem
1368 2013 1441 2084 parit
1458 2009 1615 2097 [ἷῖι-,ιᾞ
1634 2017 1661 2071 E

177 2105 314 2160 actionm
332 2105 468 2160 creditori.
1634 2112 1663 2152 ao

117 2195 159 2253 18
230 2193 351 2248 Pronus
368 2192 436 2248 libro
454 2207 527 2247 nono
545 2191 651 2248 decimo
670 2190 706 2246 ad
723 2190 851 2248 edictum.
889 2189 918 2247 Si
937 2190 972 2247 ab
990 2205 1037 2262 eo,
1056 2191 1104 2260 qui
1120 2188 1278 2246 Publiciana
1295 2191 1335 2247 uti
1353 2191 1443 2262 potuit
1459 2186 1614 2274 ffl'l'e
1633 2193 1661 2250 Ii

177 2281 244 2352 quia
261 2281 410 2338 dominium
428 2297 485 2337 uon
501 2280 611 2350 babuit,
629 2281 737 2351 pignori
755 2281 858 2352 accepi,
876 2282 917 2336 sic
933 2285 1025 2336 tuetur
1043 2295 1087 2336 me
1104 2295 1154 2350 per
1171 2279 1330 2336 Seruianam
1348 2285 1466 2352 praetor,
1485 2281 1614 2350 quemad·

177 2371 291 2426 modum
309 2370 460 2427 debitorem
477 2385 528 2440 per
544 2368 739 2425 Publicianam.

119 2461 158 2520 19
233 2460 383 2516 Unsmuus
401 2459 469 2514 libro
487 2459 619 2514 uicesimo
637 2458 725 2528 primo
744 2457 780 2512 ad
798 2457 926 2514 edictum.
957 2457 1009 2524 Qui
1027 2457 1134 2528 pignori
1151 2458 1243 2528 plures
1262 2473 1306 2514 res
1324 2457 1439 2529 accepit,
1458 2453 1615 2544 [aaa]
1634 2461 1662 2518 lt

177 2561 238 2606 nou·
252 2549 360 2618 cogitur
378 2564 460 2604 unam
477 2547 593 2604 liberare
611 2548 664 2602 nisi
682 2552 796 2618 accepto
814 2548 943 2602 uniuerso
961 2553 1092 2616 quantum
1112 2546 1235 2602 debetur.
1635 2557 1664 2598 ιι

116 2641 160 2699 20
232 2639 309 2694 buu
327 2638 396 2694 libro
414 2637 588 2707 sexagesimo
605 2637 686 2691 tertio
704 2636 740 2690 ad
758 2635 887 2692 edictum.
924 2635 994 2690 Cum
1013 2637 1154 2706 conuenit,
1173 2639 1205 2690 ut
1222 2636 1259 2704 is,
1277 2635 1325 2704 qui
1343 2635 1378 2690 ad
1397 2651 1438 2690 re·
1470 2649 1615 2708 uesano
1634 2639 1661 2694 Ε

178 2727 325 2783 sectionem
352 2723 469 2782 aedilicii
493 2724 620 2795 credidit,
649 2725 684 2780 de
706 2723 884 2794 pensionibus
908 2725 966 2780 iure
989 2725 1111 2795 pignoris
1134 2725 1194 2794 ipse
1218 2723 1352 2779 creditum
1375 2715 1614 2796 recipiaE‘etiasn

179 2817 302 2872 actiones
328 2816 409 2870 utiles
437 2813 570 2870 aduersu
597 2813 743 2884 inquilinos
770 2813 887 2882 accipiet
913 2813 1048 2870 oaudonis
1073 2815 1213 2884 exemplo,
1243 2827 1326 2882 qnam
1354 2811 1462 2870 debitor
1488 2817 1615 2874 creditori

177 2905 287 2978 pignori
308 2904 392 2958 dedit.
1110 2963 1121 2980 ⁸
1635 2911 1664 2954 aa

118 2997 158 3054 21
233 2995 311 3049 lnnn
331 2990 399 3048 libro
416 2991 621 3060 septuagesimo
639 2990 720 3045 tertio
738 2989 773 3044 ad
792 2988 921 3044 edictum.
958 2987 986 3044 Si
1005 2990 1076 3046 inter
1093 2990 1218 3044 colonum
1238 2994 1266 3046 et
1282 2995 1440 3061 procurato·
1459 2987 1615 3074 [fia—sisai
1635 2995 1663 3050 E

178 3099 237 3139 rem
256 3098 345 3138 meum
364 3081 523 3135 conuenerit
539 3080 574 3134 de
592 3079 706 3149 pignore
724 3079 767 3132 nel
784 3083 873 3133 ratam
891 3077 1009 3133 habente
1026 3094 1071 3134 me
1083 3079 1292 3134 conuentionem
1304 3079 1348 3134 uel
1362 3069 1616 3154 mandant-escuem

145 3181 158 3227 1
177 3174 312 3228 interme
330 3175 359 3224 et
377 3169 502 3225 colonum
520 3184 611 3223 meum
630 3167 791 3222 conuenisse
810 3167 943 3223 uideatur.
980 3167 1010 3223 Si
1028 3166 1134 3223 debitor
1152 3183 1275 3238 seruum,
1297 3183 1378 3238 quem
1397 3187 1414 3224 a
1431 3187 1486 3226 non
1504 3172 1615 3228 domino

178 3258 325 3316 bonafide
343 3263 448 3313 emerat
465 3261 494 3312 et
510 3257 677 3326 pignerault,
697 3261 804 3325 teneat,
824 3255 971 3311 Seruianae
989 3257 1065 3312 locus
1084 3260 1127 3311 est
1144 3261 1180 3326 et,
1199 3258 1222 3311 si
1241 3257 1375 3314 aduersus
1393 3274 1455 3314 eum
1475 3266 1540 3330 agat
1558 3277 1615 3317 cre·

144 3360 160 3406 a
179 3351 260 3418 ditor,
278 3348 332 3402 doli
351 3347 527 3418 replicatione
546 3345 736 3415 exceptionem
754 3344 851 3400 elidet:
871 3349 899 3399 et
916 3345 956 3399 ita
973 3345 1094 3400 lulianus
1107 3346 1153 3414 ait,
1172 3349 1200 3400 et
1212 3345 1296 3400 babet
1308 3347 1449 3403 rationem.
1477 3348 1616 3420 Quidquid

144 3449 159 3492 a
178 3437 287 3510 pignori
304 3435 441 3492 commodi
459 3436 518 3491 siue
536 3433 701 3490 incommodi
717 3432 830 3488 fortuito
849 3434 974 3504 accessit,
993 3433 1021 3488 id
1040 3433 1075 3488 cd
1093 3433 1244 3490 debitorem
1262 3435 1389 3505 pertinet.
1422 3435 1451 3491 Si
1464 3453 1508 3492 res
1520 3438 1615 3508 pigne·
1635 3445 1665 3487 ss

178 3535 240 3584 rata
258 3541 312 3581 non
329 3525 501 3595 restituatur,
525 3524 559 3578 lis
578 3523 711 3578 aduersus
728 3537 916 3593 possessorem
934 3523 986 3578 erit
1003 3523 1188 3594 aestimanda,
1206 3524 1256 3578 sed
1275 3525 1369 3594 utique
1387 3526 1465 3582 aliter
1482 3525 1616 3584 aduersus

177 3617 270 3688 ipsum
288 3613 449 3684 debitorem,
467 3613 548 3668 aliter
565 3612 698 3667 aduersus
715 3612 840 3681 quemuis
858 3627 1058 3682 possessorem:
1077 3627 1140 3667 nam
1156 3612 1289 3668 aduersus
1301 3613 1452 3670 debitorem
1464 3631 1519 3671 non
1531 3617 1615 3685 pluris

178 3719 262 3774 quam
281 3703 376 3772 quanti
394 3701 489 3771 debet,
509 3702 574 3772 quia
591 3717 646 3756 non
663 3701 749 3771 pluris
767 3701 889 3771 interest,
908 3700 1041 3756 aduersus
1060 3707 1166 3757 ceteros
1184 3717 1357 3772 possessores
1376 3703 1457 3758 etiam
1476 3705 1569 3775 pluris,
1587 3710 1617 3762 et

178 3793 254 3864 qnod
272 3793 389 3862 amplius
407 3788 500 3846 debito
513 3793 677 3846 consecutus
688 3789 808 3845 creditor
820 3788 911 3860 fuerit,
928 3791 1073 3846 restituere
1085 3789 1169 3846 debet
1180 3789 1298 3846 debitori
1308 3791 1489 3862 pignoraticia
1500 3794 1615 3850 actione.

177 3901 205 3954 F
210 3898 267 3970 11³(
268 3897 342 3969 VUll

178 4006 954 4019 *ww-*—

181 4053 188 4084 ¹
210 4053 276 4118 aget
294 4057 341 4102 ius.

178 4177 388 4236 2reiudicatae
410 4177 557 4249 re‘p'plicet
580 4179 626 4242 Γ),
648 4177 768 4234 iudicate
790 4178 871 4249 repli-
925 4193 994 4234 cana
1011 4177 1091 4234 ΡΠ·
1133 4180 1169 4234 23
1186 4179 1360 4250 publicanam
1379 4181 1418 4234 P·
1462 4180 1497 4236 24
1508 4180 1617 4251 pignori

179 4259 225 4307 cet
243 4253 284 4316 17⁰,
302 4251 422 4306 iudicate
433 4279 487 4303 .....
500 4250 547 4313 P·,
564 4249 683 4305 iudicate
702 4251 741 4304 rei
758 4250 872 4319 replicet
923 4250 1026 4320 plures]
1053 4251 1168 4322 pignore
1193 4253 1241 4316 P⁶‚
1266 4252 1375 4322 pignori
1401 4251 1475 4306 V·U·
1537 4253 1617 4307 32a

178 4321 227 4388 P‘,
250 4321 364 4377 iudicati
387 4321 500 4391 replicet
527 4318 560 4374 U‘
613 4321 707 4390 iimo]
728 4336 790 4376 eum
809 4321 871 4376 PU*
925 4323 1026 4376 om.P·
1068 4323 1105 4377 34
1123 4322 1393 4392 excomptionemP⁰
1408 4324 1413 4391 Ι
1429 4323 1518 4392 etita]
1533 4323 1617 4388 itaP‚

177 4395 197 4450 4
214 4394 327 4448 soluerit
339 4393 371 4448 'a'
384 4391 421 4447 F*
441 4395 446 4460 l
467 4391 567 4446 debeat
589 4391 686 4456 Pvut
709 4391 811 4448 babeat
837 4393 871 4446 U:
923 4391 964 4446 ita
981 4396 1012 4447 ut
1034 4393 1059 4450 U
1098 4393 1134 4448 38
1152 4394 1216 4462 quia
1234 4409 1288 4449 non
1359 4394 1394 4449 39
1407 4395 1552 4450 restituere
1570 4393 1617 4449 de·

179 4465 196 4520 5
230 4464 265 4520 ab
297 4465 448 4536 suptilitate
480 4464 549 4532 legis
581 4467 609 4518 et
640 4465 804 4519 auctoritate
832 4463 871 4516 P·
923 4462 972 4518 bet
989 4483 1038 4518 om.
1057 4483 1103 4519 suo
1122 4467 1185 4530 loco,
1203 4465 1279 4520 iubet
1303 4466 1360 4530 (sed
1382 4474 1484 4520 omissis
1502 4467 1618 4521 interest

179 4538 298 4606 lquam
316 4555 363 4590 om.
378 4535 459 4600 V·U·,
478 4543 525 4590 tac.
538 4535 579 4588 Ρ·
622 4533 818 4604 9obligantam
832 4535 871 4588 P⁶
924 4534 1057 4590 aduersus
1084 4541 1190 4591 ceteros
1213 4551 1386 4606 possessores
1413 4538 1496 4592 etiam
1520 4537 1616 4607 pluris)

180 4609 215 4663 10
229 4624 264 4662 an
276 4623 325 4676 pro
389 4609 422 4663 11
436 4605 521 4661 debiti
539 4625 587 4659 om.
597 4606 638 4659 P:
686 4607 719 4660 13
738 4607 761 4660 ei
779 4605 870 4674 simul]
924 4612 989 4660 tuter
1001 4608 1188 4674 conuatlescit)
1206 4617 1229 4663 st
1246 4606 1296 4664 aed
1312 4628 1339 4680 p.
1351 4609 1405 4662 586
1423 4609 1477 4663 a.3
1494 4608 1550 4663 P·.·
1567 4609 1616 4662 ad·

178 4679 261 4734 simul
279 4678 385 4732 P·Vu·
438 4679 473 4733 14
496 4676 597 4746 minus]
621 4677 710 4731 minus
733 4683 799 4746 aget
822 4677 872 4730 PU
922 4685 982 4731 aaut
992 4697 1038 4732 suo
1051 4681 1106 4734 loco
1116 4680 1175 4748 (seri
1184 4680 1273 4733 iisdem
1282 4681 1367 4734 uerbis
1377 4681 1491 4748 omissis)
1502 4679 1539 4734 V:
1551 4679 1617 4748 quie

179 4753 214 4805 16
233 4749 432 4804 aestimandum
452 4750 480 4814 F,
498 4747 684 4802 extimendum
704 4749 751 4812 P⁰,
770 4748 871 4803 exami·
923 4761 978 4802 non
996 4749 1081 4819 pluris
1098 4750 1213 4805 interest
1228 4753 1309 4822 suppl.
1323 4750 1371 4815 P‘,
1389 4753 1488 4822 reliqua
1501 4751 1553 4803 Pr:
1571 4751 1616 4802 ds·

178 4819 351 4876 nandamU
402 4821 435 4875 19
457 4820 579 4889 pignoris
672 4819 707 4874 20
725 4818 869 4887 actionem]
914 4821 978 4890 ficit
996 4827 1022 4873 tn
1040 4821 1081 4874 lus
1102 4821 1149 4874 U·:
1168 4822 1250 4896 efod
1264 4841 1290 4892 p.
1303 4821 1392 4875 586o.
1405 4821 1423 4874 3
1438 4823 1442 4887 Ι
1458 4821 1495 4890 et]
1510 4819 1547 4874 F¹
1560 4839 1616 4875 cum

180 4891 194 4944 ri
219 4893 275 4976 περὶ
300 4891 349 4952 τοῨ
371 4890 496 4962 ὲκεχῩρογ
520 4889 669 4960 dpubzosca
691 4890 731 4958 τῷ
750 4889 870 4960 teserem}
926 4889 951 4944 Β
969 4891 1091 4956 ieiumi:
1116 4892 1155 4946 sai
1174 4891 1206 4946 τὸ
1224 4891 1288 4948 ueri
1306 4891 1338 4946 τὸ
1356 4891 1433 4962 χρὲοε
1451 4892 1553 4955 titmcs,
1573 4893 1617 4945 set

177 4961 264 5028 iscipu
290 4961 370 5023 sisoi
387 4963 436 5023 τοῨ
458 4962 606 5032 spissaret
628 4960 755 5016 ὲκιίκιιείι
772 4959 824 5016 deu
845 4962 874 5014 B
923 4961 970 5026 1³³,
987 4965 1031 5016 est
1049 4961 1131 5017 PVU
1144 4963 1213 5030 (uide
1230 4970 1281 5018 not.
1293 4963 1423 5034 praeced.)

178 5031 288 5102 (Aaou.)
308 5053 338 5088 eu
356 5039 562 5105 interpretatione
585 5041 678 5104 opinor
730 5033 765 5087 21
782 5030 871 5102 publi·
