3848 5536
795 254 798 259 ’
822 252 1001 322 lxxxvii

194 429 401 500 diligentissime
423 429 534 500 collegit
555 427 685 485 defunctu
708 443 742 484 eo
765 428 818 484 clia
841 427 933 484 delata
955 428 990 484 ad
1008 427 1151 484 Schraderi
1170 425 1279 484 affinem
1299 429 1431 498 collegam
1450 443 1541 484 meum
1560 443 1623 486 con·

193 537 392 593 iunctissimnm
417 537 565 607 Georgium
583 537 688 606 Benna,
713 535 767 591 alia
788 550 875 606 eaque
900 537 979 607 plura
1001 535 1076 592 illata
1098 533 1280 592 bibliothecae
1297 535 1467 605 Tubingensi
1486 539 1547 604 (ms.
1562 537 1625 592 303.

192 646 252 702 eut.
265 646 328 702 311.
340 645 421 714 312),
439 643 514 699 unde
531 641 744 699 subministratis
761 657 812 713 per
829 643 983 713 complures
1001 657 1087 698 annus
1105 642 1249 699 commoda
1267 647 1296 698 st
1313 643 1393 714 plene
1412 659 1479 699 usus
1497 658 1566 699 aum.
1597 643 1626 697 in

191 750 279 808 lorms
302 751 406 824 operis,
428 765 511 821 quam
535 749 703 806 Schrndesus
726 747 779 806 sibi
802 749 957 820 proposuit,
982 763 1034 819 ego
1057 749 1123 820 quid
1147 747 1312 820 improbem,
1336 765 1391 806 non
1413 765 1483 820 opus
1508 755 1551 806 est
1573 749 1627 806 boc

189 859 250 915 loco
268 872 420 930 exponere:
443 857 493 914 sed
516 871 680 927 quamquam
704 857 834 927 pleraque
857 855 885 910 iu
903 855 1077 912 collectaneis
1094 856 1147 912 illis
1165 861 1273 928 reperta
1289 856 1485 927 pandectarum
1504 855 1626 926 recogni-

189 966 293 1022 tionem
312 964 379 1022 mihi
395 979 451 1022 non
468 964 530 1020 uisa
547 967 612 1020 sunt
629 963 760 1020 adiuuare
777 963 870 1034 itaque
887 962 1039 1033 reicienda,
1059 966 1152 1019 umen
1174 968 1282 1035 praeter
1305 963 1372 1034 alia,
1395 963 1430 1019 de
1454 961 1553 1034 quibus
1572 963 1626 1018 sin·

188 1073 305 1143 gr'llstim
324 1071 431 1143 monui,
453 1071 599 1127 utilissima
623 1069 689 1126 mihi
712 1069 765 1128 init
782 1069 908 1126 codicum
925 1070 1138 1126 Bononiensium
1157 1071 1254 1126 nautia
1271 1069 1412 1126 elaborata
1428 1069 1591 1126 examinatis
1610 1085 1627 1124 a

189 1178 345 1235 Schrsdm
362 1179 477 1249 eiusque
495 1178 598 1249 amicis,
616 1177 722 1234 Clossio
740 1177 768 1234 iu
780 1176 877 1246 Gallia,
896 1175 1001 1233 liechio
1014 1177 1042 1232 in
1057 1177 1206 1248 Britannis,
1224 1178 1385 1247 praesertim
1404 1192 1471 1233 uero
1489 1176 1626 1232 aBlumio

188 1289 217 1340 et
232 1285 340 1342 llaiero
358 1287 386 1342 in
404 1285 483 1341 ltalia
500 1282 671 1340 bibliothecis
689 1281 837 1340 maioribus
860 1298 948 1354 paens
972 1283 1099 1340 omnibus
1120 1299 1182 1340 cum
1201 1284 1330 1340 adiuncta
1347 1283 1424 1340 breui
1443 1283 1626 1354 descriptione

188 1397 217 1448 et
231 1393 397 1462 plerumque
412 1407 468 1448 uno
480 1391 603 1448 alterous
613 1391 739 1447 lectionis
751 1391 912 1462 specimine:
930 1390 1005 1461 quod
1016 1392 1070 1447 etsi
1082 1405 1136 1448 non
1151 1392 1219 1448 satis
1232 1392 1320 1462 perite
1332 1391 1464 1448 selectum
1477 1405 1539 1446 esse
1551 1389 1625 1446 dole·

187 1497 266 1569 bam,
292 1503 386 1556 tannen
407 1500 453 1555 nel
477 1499 518 1556 sic
540 1495 651 1570 profuit.
679 1497 721 1553 his
745 1497 832 1568 copiis
853 1497 1002 1554 instructus
1026 1502 1218 1569 scmtetusqne
1241 1503 1383 1570 praeterea
1403 1498 1464 1568 ipse
1481 1497 1626 1554 occasione

188 1605 284 1662 oblata
300 1621 352 1678 per
368 1603 548 1662 bibliothecen
565 1619 620 1661 nou
638 1619 742 1675 paucas
759 1604 928 1675 digestorum
944 1604 1084 1661 uolumina
1096 1605 1199 1676 scripta
1210 1621 1246 1661 ex
1258 1620 1358 1676 magno
1370 1619 1483 1661 numero
1495 1603 1625 1660 librorum

187 1713 231 1769 uel
254 1714 475 1770 examinatorum
498 1713 543 1769 uel
561 1715 636 1768 certe
653 1711 837 1782 inspectorum
855 1711 941 1782 selegi
959 1725 1021 1782 eos,
1045 1727 1115 1782 quos
1133 1712 1161 1767 in
1179 1711 1299 1768 editione
1317 1709 1444 1780 adhibui,
1469 1710 1579 1767 adiutus
1597 1709 1625 1766 in

188 1819 230 1876 bis
253 1835 366 1892 qnoque
389 1820 488 1877 studiis
509 1834 618 1877 summa
638 1817 801 1874 liberalitate
819 1818 937 1874 maxims
955 1816 1154 1889 praefectorum
1172 1817 1353 1876 bibliothecae
1371 1817 1524 1888 Parisinus,
1547 1832 1625 1888 pras·

188 1931 264 1983 terea
287 1927 439 1997 Lipsiensis
464 1932 493 1983 st
515 1925 728 1996 bambergensis
750 1930 780 1982 st
804 1924 1038 1996 Cantabrigiensis
1060 1926 1241 1997 aliarumque:
1269 1941 1331 1982 nam
1355 1929 1388 1982 nt
1415 1923 1497 1981 bodie
1522 1925 1545 1981 si
1570 1939 1624 1980 non

187 2031 305 2106 lebuine,
323 2039 398 2090 certe
409 2031 517 2090 facilius
529 2035 649 2090 uiuimus
662 2049 744 2104 quam
757 2037 849 2104 patres
863 2033 959 2104 nostri,
976 2033 1016 2089 ita
1028 2033 1198 2090 commodius
1210 2048 1318 2104 quoque
1331 2032 1428 2088 litteris
1440 2031 1583 2087 studemus
1596 2035 1625 2086 et

188 2155 250 2198 euru
269 2141 335 2198 olim
354 2142 403 2197 uix
421 2142 472 2196 uiri
490 2141 565 2197 docti
583 2141 636 2211 ipsi
654 2145 861 2196 numerarentur
878 2139 950 2197 iuter
966 2155 1028 2196 sese
1046 2141 1193 2212 mouentia,
1212 2141 1267 2197 iam
1281 2138 1505 2196 bibliothecarum
1518 2137 1625 2194 cimelia

188 2262 300 2318 quoque
323 2249 377 2304 iter
400 2247 490 2304 lacere
515 2247 677 2303 didicerunt.
710 2247 750 2302 ita
766 2247 893 2317 quamuis
911 2247 938 2304 in
956 2250 1034 2304 muta
1051 2247 1176 2303 codicum
1196 2247 1373 2318 superstitum
1392 2246 1472 2316 copia
1489 2259 1543 2300 non
1562 2260 1624 2316 spo-

188 2355 332 2425 ponderim
350 2353 434 2411 libros
452 2371 470 2410 a
487 2369 531 2410 ms
549 2365 681 2412 excussus
698 2369 760 2410 esse
777 2369 915 2426 peraeque
935 2354 963 2410 in
981 2369 1031 2410 sno
1049 2369 1150 2424 genere
1168 2353 1425 2424 excedentissimce,
1443 2359 1536 2408 tamen
1554 2351 1625 2407 inter

187 2461 272 2518 libros
300 2463 433 2533 scriptos,
463 2477 579 2534 qnorum
605 2462 723 2533 aliquam
751 2461 876 2519 notitiam
902 2460 968 2516 mihi
994 2461 1103 2532 param,
1131 2463 1220 2518 nnllns
1246 2460 1312 2533 luit,
1339 2476 1419 2531 quem
1448 2459 1624 2516 uehementer

188 2568 391 2624 desiderarem¹
415 2569 516 2640 quique
540 2575 648 2640 praeter
674 2583 723 2626 eus
748 2583 817 2639 qnos
844 2567 926 2624 habui
954 2569 1092 2640 propriam
1119 2569 1264 2626 utilitatem
1291 2567 1449 2640 promittere
1475 2566 1623 2622 uideretur.

188 2680 352 2746 apparatum
371 2689 463 2732 meum
481 2676 539 2732 scic
557 2674 684 2732 facillime
702 2675 797 2746 sugeri
814 2691 897 2746 posse
915 2673 1124 2732 auctoritatibus
1139 2676 1240 2732 additis
1251 2675 1286 2730 ad
1298 2675 1429 2732 lectiones
1441 2675 1494 2730 iam
1507 2678 1624 2730 teetatm

188 2781 354 2854 ineditiaqus
377 2782 591 2839 Bononiensium
613 2781 784 2840 librariorum
807 2781 944 2839 erroribus
966 2797 1001 2840 ex
1025 2783 1123 2838 merita
1145 2782 1282 2840 obliuione
1305 2783 1334 2838 in
1356 2783 1444 2838 lucem
1465 2781 1623 2852 protractis:

189 2889 238 2946 sed
260 2905 334 2961 quae
356 2895 386 2946 et
403 2904 477 2946 noua
493 2894 523 2946 st
539 2891 618 2947 utilia
640 2889 696 2946 sint
719 2895 751 2946 ut
771 2889 922 2960 addantur,
943 2895 1040 2961 optare
1064 2891 1153 2961 magle
1174 2891 1239 2947 lieet
1261 2905 1343 2961 quam
1365 2904 1485 2961 sperare.
1513 2887 1623 2945 omnino

188 2996 278 3053 donec
300 2995 374 3054 ieliei
397 3011 465 3053 casu
488 2997 634 3068 aliquando
658 3003 802 3068 emergant
823 2996 884 3053 libri
907 2997 1009 3054 nostris
1029 3013 1096 3054 uere
1119 2997 1257 3068 meliores,
1280 2997 1309 3053 in
1330 2995 1373 3054 his
1391 3011 1460 3068 quos
1478 2995 1623 3052 babuimus

189 3103 422 3176 adquiescendum
440 3109 491 3160 est

240 3211 301 3267 Iam
319 3209 514 3282 indicabimus,
537 3225 672 3281 quaenam
690 3210 857 3281 exemplaria
874 3211 1046 3281 elegerimus.
1077 3215 1235 3282 poteramus
1252 3211 1370 3267 iudicem
1389 3209 1490 3266 uddsrs
1508 3210 1623 3281 reliquo·

189 3333 265 3390 rum,
282 3333 354 3390 quas
371 3319 417 3374 usi
434 3317 561 3374 examine
577 3317 704 3374 institute
720 3318 865 3374 reiecimus
884 3319 928 3374 nel
947 3318 1041 3374 uidere
1060 3321 1109 3374 aut
1126 3332 1180 3374 non
1198 3317 1337 3388 potuimus
1355 3322 1405 3374 snt
1421 3317 1570 3374 noluimus:
1595 3323 1624 3374 at

190 3424 325 3482 ιιιιιιιιοιιι
342 3424 425 3481 index
441 3439 497 3482 non
515 3425 602 3482 solum
621 3425 707 3480 multa
723 3422 838 3482 baberet
854 3425 960 3482 inserta
976 3429 1006 3481 et
1023 3422 1195 3496 imperfecta,
1219 3423 1269 3480 sed
1286 3425 1384 3495 etiam,
1407 3425 1431 3481 si
1448 3424 1514 3495 quid
1532 3424 1623 3496 uideo,

190 3545 258 3588 uera
279 3531 398 3588 utilitate
420 3538 539 3604 careret,
562 3537 637 3588 certe
660 3531 696 3588 ad
718 3531 887 3602 digestorum
910 3536 1017 3588 testum
1038 3531 1239 3588 emendandum
1263 3533 1337 3588 nullo
1361 3531 1444 3589 modo
1466 3530 1623 3602 pertineret.

190 3639 265 3695 unde
287 3639 376 3710 magis
398 3639 501 3710 placuit
522 3653 586 3694 sum
609 3639 734 3694 omittere
758 3653 860 3710 eosque
884 3640 958 3697 solos
983 3637 1068 3696 libros
1091 3639 1143 3696 boc
1165 3639 1226 3696 loeo
1250 3653 1406 3711 recensere,
1432 3637 1532 3710 quibus
1556 3653 1624 3694 nsua

191 3744 279 3816 ipsam
298 3745 445 3804 editionem
463 3746 686 3817 ademarium
705 3745 740 3802 ds
759 3745 887 3804 adhibitis
906 3747 942 3803 ad
960 3747 1127 3819 appendices
1144 3747 1202 3804 suis
1219 3747 1287 3804 locis
1304 3733 1474 3818 disputatum
1487 3745 1532 3802 sit.
1560 3749 1625 3802 sunt

192 3859 282 3910 antem
301 3853 338 3910 bi.

243 3960 379 4017 [iniustas
397 3959 506 4030 digesta
523 3959 570 4030 qni
587 3960 745 4016 conducant
762 3959 872 4016 codices
889 3975 952 4016 oum
970 3960 1101 4018 rarissimi
1119 3961 1181 4032 sint,
1199 3975 1252 4031 ego
1271 3960 1330 4017 eius
1347 3960 1456 4030 generis
1473 3976 1558 4016 unum
1577 3958 1624 4016 ad·
1684 3971 1759 4018 seder

192 4064 273 4138 hibui,
292 4067 340 4138 qui
357 4067 424 4124 item
440 4067 539 4123 unicus
556 4071 601 4123 est
617 4081 652 4123 ex
670 4067 739 4123 meis
757 4067 804 4138 qui
822 4065 923 4123 habeat
940 4067 1161 4124 constitutionem
1177 4067 1316 4139 Omnem¹,
1335 4067 1398 4124 olim
1417 4066 1546 4124 Germani
1565 4065 1625 4124 Oui·
1651 4033 1792 4142 ⁰⁰¹¹‡{2”¹⁸'

191 4173 305 4246 ladonii,
330 4173 430 4231 deinde
447 4173 629 4244 hleermanni,
652 4177 750 4244 postea
767 4173 883 4245 Ksileri,
906 4174 987 4232 bodie
1011 4191 1046 4232 ex
1069 4175 1142 4232 dono
1159 4175 1282 4231 bituricii
1300 4175 1413 4246 Hauptii
1429 4175 1528 4246 optimi
1545 4173 1625 4232 amici
1643 4159 1799 4268 fflisslfgrffi

194 4405 264 4459 datos
282 4443 322 4460 ...
341 4407 422 4459 edidit
444 4405 577 4460 Schradcr'
602 4407 733 4475 'l'ubiugas
759 4407 834 4459 1819.
860 4407 884 4460 8.
909 4425 952 4474 pp.
965 4408 1007 4461 90.
1044 4409 1104 4460 item
1126 4406 1257 4461 'Editionie
1280 4408 1435 4475 digestorum
1457 4407 1624 4474 'Iubingensis

194 4498 318 4564 specimen
339 4496 508 4564 complectens
526 4498 557 4549 D.
578 4497 602 4560 1,
620 4497 650 4560 2,
667 4497 697 4560 2,
714 4494 839 4548 41-44‘
862 4496 973 4549 Burolini
999 4496 1074 4550 1837.
1097 4497 1123 4548 4.
1146 4515 1189 4564 pp.
1205 4498 1250 4549 14:
1277 4499 1319 4564 qui
1345 4497 1444 4550 libellus
1472 4497 1565 4564 prodiit
1592 4498 1625 4548 ad

195 4585 300 4639 docwria
319 4586 428 4639 Gustaui
444 4586 560 4653 Hugonis
579 4585 780 4638 semisaecularia
798 4585 957 4638 celebranda.
984 4587 1009 4638 iu
1027 4586 1127 4640 schedis
1146 4587 1245 4654 repperi
1265 4597 1415 4654 apparatum
1433 4587 1574 4639 absolutum
1592 4586 1625 4636 ad

195 4675 327 4741 primordia
345 4676 499 4742 digestorum
518 4683 544 4728 et
560 4675 651 4727 librum
669 4677 681 4728 I
699 4675 852 4741 secundique
870 4673 955 4726 titulos
977 4675 1029 4727 l—
1040 4675 1081 4726 14.

245 4767 256 4801 ¹
275 4765 360 4816 codex
383 4764 477 4832 digesti
494 4765 561 4816 Noui
584 4781 650 4816 saec.
663 4764 727 4826 XII,
751 4764 793 4831 qui
816 4765 864 4816 init
885 4764 911 4816 iu
931 4763 1084 4816 bibliotheca
1106 4773 1207 4816 senatus
1225 4764 1363 4831 Lipsiensis
1381 4765 1472 4832 rspii
1490 4781 1515 4814 u.
1532 4763 1563 4815 16
1582 4763 1624 4830 (cf.

197 4851 280 4906 ltlnme
298 4855 332 4907 de
349 4871 416 4920 gem.
435 4861 461 4905 et
479 4853 533 4905 sim.
552 4872 576 4921 p.
590 4853 639 4905 30:
663 4853 777 4920 Sauigny
795 4853 853 4905 hiat.
866 4853 912 4905 inr.
930 4853 956 4914 4,
973 4853 1016 4904 39.
1031 4851 1089 4904 101.
1102 4853 1180 4920 213),
1203 4855 1374 4906 commodatus
1392 4851 1623 4905 e.a.1820Hau-

198 4941 370 4996 bellismae
389 4941 507 4994 defuncto
526 4959 581 4994 cum
600 4942 654 4994 eius
672 4942 824 4994 bibliotheca
842 4943 975 4994 distractus
994 4941 1142 5008 delatusque
1160 4943 1186 4992 in
1205 4943 1324 5009 oppidum
1337 4943 1393 4993 Aba
1412 4941 1496 5008 paulis
1515 4941 1625 5008 postibi

199 5031 308 5084 incendio
326 5032 474 5099 absumptus
493 5041 539 5083 eat.
647 5029 773 5083 ’Eadem
791 5030 882 5098 legitur
899 5032 925 5083 iu
944 5030 1007 5083 libro
1030 5029 1059 5096 U,
1078 5032 1124 5082 scd
1142 5031 1242 5084 adiecta
1259 5029 1359 5084 saeculo
1378 5031 1477 5083 demum
1496 5030 1577 5082 XIIII.
