3720 5544
972 209 1002 276 X

272 389 367 446 harum
386 405 404 445 a
421 393 518 459 quartu
537 388 572 444 ad
591 389 734 459 septimam
752 388 875 458 exceptis
893 384 1134 443 constitutionibus
1150 386 1204 442 illis
1228 386 1263 442 de
1283 386 1398 456 digestis
1419 385 1612 443 confirmandis
1628 387 1702 444 nulls

271 497 353 568 plane
371 497 502 553 memoria
519 501 654 567 superest,
672 495 697 552 si
715 495 836 566 excipias
855 494 1105 551 commentariolum
1125 509 1209 564 supra
1226 493 1330 550 editum
1348 509 1411 551 cum
1428 498 1548 550 tractatu
1565 493 1600 551 de
1618 495 1701 551 actio-

273 604 354 660 nibus
372 604 559 659 coniunctum:
577 603 656 658 cuius
674 607 813 659 auctorem
831 600 973 674 probabile
991 605 1034 657 est
1052 600 1195 671 scripsisse
1213 605 1305 657 aetate
1322 601 1474 656 Iustiniana
1491 605 1520 656 et
1537 602 1656 672 pendere
1673 602 1702 658 in

272 711 315 767 his
332 726 367 766 cx
385 712 446 781 ipsa
463 711 657 767 constitutione
675 710 807 765 diamasa.
1692 711 1693 714 ’

145 822 255 868 Russus
326 817 431 888 Singuli
448 816 511 873 libri
529 820 657 874 constant
673 818 774 887 titulis,
796 817 844 888 qui
867 817 896 872 in
918 815 1014 871 codice
1038 815 1187 887 archetypo
1210 813 1450 884 distinguebantur
1473 815 1532 871 sine
1550 814 1647 886 dubio,
1671 821 1703 872 ut

272 925 478 995 distinguuntur
496 926 522 980 in
541 924 712 996 Florentino,
736 929 765 979 et
781 923 878 978 litteris
896 921 1045 979 maioribus
1063 925 1092 978 et
1109 921 1192 977 rubro
1210 922 1300 977 colore
1325 926 1355 977 et
1376 925 1442 978 nota
1465 921 1600 978 rubricam
1618 921 1702 992 signi·

271 1031 371 1088 ficante
388 1033 417 1086 ll
435 1047 521 1102 saque
544 1030 587 1086 bis
609 1031 700 1102 posita
717 1035 746 1087 ct
763 1035 827 1086 ante
850 1030 922 1086 tituli
945 1028 1032 1085 uerba
1052 1035 1081 1084 et
1103 1033 1168 1101 post
1191 1043 1233 1084 ea.
1257 1057 1291 1068 -
1316 1027 1451 1084 Numeros
1472 1029 1559 1084 titulis
1582 1027 1617 1084 ab
1634 1029 1702 1099 ipsis

237 1191 239 1196 ,
273 1138 495 1209 compilatoribus
519 1139 607 1194 nullos
630 1137 784 1208 adscriptos
804 1136 889 1194 lirisse
907 1153 969 1193 cum
988 1137 1051 1192 inde
1070 1136 1219 1206 colligitur,
1242 1134 1316 1205 quod
1339 1135 1368 1190 in
1391 1135 1529 1192 uolumine
1546 1135 1703 1192 Florentino

272 1247 369 1317 paucis
385 1247 452 1303 locis
470 1246 593 1316 exceptis
611 1250 778 1301 correctores
796 1244 906 1300 demum
922 1257 970 1299 eos
982 1243 1154 1312 addiderunt,
1173 1247 1231 1297 tum
1249 1241 1322 1312 quod
1341 1240 1432 1298 ubiuis
1449 1242 1606 1299 scribuntur
1622 1244 1703 1314 notis,

272 1369 327 1408 non
345 1354 450 1408 litteris.
477 1369 540 1408 nam
560 1368 621 1407 cunr
640 1356 766 1408 notarum
785 1350 867 1406 etiam
885 1350 1064 1406 numeralium
1083 1349 1238 1406 interdictio
1256 1349 1284 1404 in
1301 1348 1457 1419 primordiis
1469 1349 1639 1420 digestorum
1657 1365 1702 1405 sx-

273 1475 369 1531 pressa
387 1459 422 1515 ad
440 1461 569 1515 uniuersa
586 1459 694 1528 digesta
710 1459 866 1529 perueniat,
891 1458 914 1512 si
932 1456 1057 1512 rubricas
1074 1457 1103 1512 in
1121 1455 1270 1527 archetypo
1289 1456 1437 1527 exemplari
1461 1461 1620 1512 numeratae
1637 1455 1703 1512 fuis·

273 1571 350 1637 sent,
368 1567 472 1622 numeri
491 1565 601 1621 hiante
619 1566 742 1636 singulos
760 1563 970 1622 tituloslitteris
987 1563 1133 1635 perscripti
1150 1578 1205 1619 non
1222 1563 1262 1618 ita
1280 1563 1470 1634 euanuissent,
1489 1568 1520 1618 ut
1536 1564 1641 1620 nullum
1658 1579 1703 1620 ua·

272 1689 354 1746 quam
379 1688 472 1728 eorum
496 1673 643 1744 uestigium
667 1677 830 1730 remaneret.
857 1677 964 1727 mature
985 1675 1078 1726 maren
1101 1669 1185 1726 hosce
1206 1685 1335 1727 numeros
1359 1671 1481 1727 adiectos
1503 1685 1565 1726 esse
1589 1674 1618 1726 et
1635 1671 1703 1726 anti·

274 1780 397 1850 quissimi
415 1779 518 1836 codicis
536 1779 647 1837 habitus
665 1780 788 1836 declarat
804 1784 834 1834 et
851 1777 1044 1849 allegationum
1067 1781 1125 1832 tam
1143 1775 1309 1832 Graecorum
1332 1793 1414 1848 quam
1434 1778 1591 1834 Latinorum
1611 1781 1704 1834 aucte

272 1903 333 1943 rum
351 1887 432 1943 ratio:
451 1902 503 1942 nec
520 1903 570 1944 nos
589 1902 636 1944 eos
654 1888 774 1957 recipere
792 1884 988 1942 dubitabimus.

110 1999 182 2073 tegas
198 2013 255 2059 quae
326 1995 410 2050 Tituli
428 1999 627 2064 componuntur
643 1995 712 2051 locis
729 1999 886 2064 auctorum,
908 1992 956 2063 qui
979 2006 1051 2047 nnnc
1074 1990 1159 2060 uulgo
1182 1990 1354 2061 appellantur
1371 1990 1447 2060 leges
1465 1991 1525 2046 sine
1542 1989 1705 2061 fragmenta,

131 2063 237 2109 dicuntur
273 2102 424 2158 Iustiniana
453 2107 546 2157 autem
578 2105 669 2158 aetate
700 2099 835 2156 uocabulo
867 2101 972 2170 aptiore
1004 2098 1186 2168 digestorum:
1218 2112 1283 2154 narn
1315 2097 1355 2152 sic
1386 2097 1534 2166 loquuntur
1562 2111 1616 2154 non
1645 2098 1705 2167 ipse

274 2209 383 2280 quidem
408 2209 589 2279 lastinianus,
617 2213 647 2264 at
671 2207 821 2280 prudentes
844 2205 1027 2276 antiquissimi
1049 2204 1150 2274 quique
1177 2208 1234 2260 tam
1261 2203 1360 2259 Latino
1386 2217 1512 2259 sermone
1537 2204 1596 2260 usi¹
1622 2219 1704 2274 quam

273 2315 405 2372 Graeco'.
432 2317 568 2386 excerptis
590 2315 633 2371 his
656 2331 673 2371 a
695 2311 919 2384 compilatoribus
939 2326 1068 2368 numeros
1090 2327 1145 2367 non
1162 2311 1251 2382 magis
1269 2311 1421 2383 adscriptos
1439 2323 1501 2366 esse
1518 2325 1601 2381 quarn
1613 2311 1706 2368 'titulis

273 2427 330 2479 tam
355 2439 389 2479 ex
413 2422 554 2480 codicibus
578 2426 693 2493 apparet
715 2437 797 2493 quam
823 2436 858 2477 ex
881 2417 1098 2490 allegationibus.
1128 2435 1191 2475 nam
1219 2433 1254 2474 ex
1280 2416 1355 2474 libris
1377 2417 1551 2474 Florentinus
1577 2431 1705 2474 numeros

273 2530 408 2588 eiusmodi
429 2530 514 2586 babet
535 2530 624 2586 nullos
646 2543 697 2584 nec
720 2529 809 2599 magis
833 2526 936 2584 babent
958 2526 1144 2583 Bononienscs
1169 2527 1304 2596 quotquot
1325 2529 1434 2580 extant:
1456 2523 1653 2595 Neapolitanus
1676 2528 1706 2580 et

273 2635 545 2694 Pommersfeldensis
568 2636 672 2694 habent
693 2637 816 2708 quidem,
838 2635 888 2691 sed
910 2633 955 2688 ille
973 2633 1099 2703 Latinos,
1122 2632 1167 2688 hic
1185 2631 1319 2703 Graecos,
1342 2635 1458 2701 uterque
1478 2637 1570 2688 autem
1588 2631 1616 2688 in
1634 2647 1704 2687 mar·

272 2745 365 2816 ginern
377 2745 493 2800 reiectos
505 2743 663 2815 formaeque
675 2743 799 2800 minoris:
818 2741 985 2800 Graecorum
996 2744 1140 2810 praeterea
1151 2753 1325 2796 numerorum
1337 2737 1456 2809 uestigia
1471 2737 1573 2796 adsurt
1589 2739 1618 2795 in
1635 2737 1704 2795 libro

273 2851 452 2908 Berolinensi.
478 2851 552 2908 unde
569 2851 736 2921 intellegitur
753 2850 803 2906 hor
821 2863 931 2919 quoque
949 2861 1078 2902 numeros
1095 2846 1173 2902 initio
1191 2862 1209 2902 a
1226 2860 1339 2916 corpore
1357 2844 1468 2916 afuisse,
1487 2849 1594 2902 mature
1611 2849 1704 2901 autem

273 2959 346 3016 adici
373 2962 486 3030 coeptos
509 2973 571 3014 esse
593 2963 706 3029 propter
728 2955 864 3026 allegandi
891 2953 1122 3012 commoditatem.
1154 2969 1218 3008 nam
1245 2953 1273 3008 in
1299 2951 1415 3022 digestis
1441 2951 1558 3008 citandis
1587 2955 1704 3022 excepto

272 3069 379 3125 Iuliano
397 3071 584 3135 antecessore,
607 3065 655 3135 qui
677 3057 734 3120 iere
757 3079 774 3119 a
797 3063 917 3119 numeris
939 3060 1060 3118 abstinet
1081 3061 1171 3116 locum
1195 3060 1223 3115 in
1245 3059 1325 3114 titulo
1349 3058 1431 3114 modo
1451 3059 1530 3116 aliter
1546 3057 1705 3130 significans

275 3176 312 3247 (e.
325 3192 349 3231 e.
368 3185 439 3231 circa
457 3175 542 3229 medlo
560 3175 636 3242 bea),
653 3171 735 3228 modo
754 3170 873 3226 auctoris
891 3184 990 3225 nomen
1009 3165 1193 3237 adscribens⁸,
1211 3164 1308 3237 reliqui
1324 3165 1467 3236 utriusque
1483 3165 1593 3238 linguae
1611 3169 1704 3222 aucto

251 3297 319 3338 >res
345 3286 460 3337 utuntur
486 3279 597 3350 quidem
624 3278 757 3348 numeris,
787 3281 931 3348 tantopere
961 3281 1052 3331 autem
1082 3275 1102 3331 ii
1128 3273 1234 3331 numeri
1257 3273 1328 3328 inter
1354 3288 1385 3328 se
1411 3271 1541 3329 differunt
1565 3287 1622 3329 non
1645 3277 1704 3329 tan·

272 3393 332 3444 turn
351 3389 379 3445 in
398 3386 582 3458 singularibus
600 3384 784 3454 citationibus,
802 3398 874 3453 quae
891 3386 1040 3454 potuerunt
1057 3398 1074 3438 a
1091 3380 1208 3437 librariis
1225 3380 1375 3450 corrumpi,
1398 3379 1448 3435 sed
1464 3380 1526 3450 ipsa
1543 3379 1705 3436 numerandi

275 3495 393 3564 ratione,
416 3498 448 3550 ut
471 3493 540 3549 alios
564 3505 692 3548 numeros
709 3489 745 3548 ab
764 3491 824 3546 aliis
847 3489 1005 3546 auctoribus
1027 3487 1228 3560 exemplaribus
1246 3487 1302 3542 suis
1321 3485 1474 3557 adscriptos
1492 3498 1554 3542 esse
1573 3489 1706 3556 appareat

276 3603 366 3674 capite
390 3601 482 3672 aliquo
504 3600 588 3670 male,
615 3603 647 3654 ut
670 3595 713 3668 tit,
741 3597 801 3653 siue
823 3596 952 3653 adiuncto
974 3592 1202 3666 praecedentibus
1224 3594 1284 3650 siue
1307 3592 1372 3649 inde
1398 3593 1547 3648 seiunctot.
1576 3591 1706 3648 uidentur

331 3836 341 3870 ¹
359 3833 425 3886 Uido
443 3849 519 3898 supra
537 3849 563 3898 p.
576 3829 650 3882 VIIII
668 3830 778 3898 allegata
794 3830 945 3882 testimonia.
1033 3827 1156 3880 ¹Notum
1174 3834 1214 3877 est
1225 3825 1337 3878 Graecos
1356 3825 1392 3877 sic
1408 3825 1462 3877 iere
1473 3825 1577 3877 laudare
1596 3824 1704 3892 digestas

276 3922 306 3977 ὲκ
325 3921 364 3990 τῷ
384 3920 403 3974 a‘
426 3919 534 3987 arsdcrq)
553 3918 601 3980 roi
621 3919 640 3973 θ’
656 3921 743 3982 τίτλογ
760 3917 808 3979 τοῨ
828 3917 846 3972 u'
865 3917 970 3982 Βιῦλίογ,
989 3925 1018 3968 ut
1033 3923 1193 3984 opponantur
1205 3915 1252 3967 sibi
1264 3914 1381 3978 lirecros
1394 3924 1420 3965 ct
1432 3913 1551 3968 miralie.
1577 3931 1602 3966 u.
1614 3914 1704 3966 Heinr-

277 4011 342 4064 bsch
360 4009 438 4062 Basil.
456 4010 535 4062 uolo
551 4027 576 4076 p.
589 4009 632 4060 21.
662 4026 726 4060 unus
750 4006 897 4060 emendator
920 4007 976 4059 libri
996 4005 1134 4058 Florentini
1156 4022 1201 4072 pro
1224 4021 1254 4057 eo
1277 4003 1399 4057 uocabulo
1422 4004 1499 4055 utitur
1517 4003 1616 4056 Graeco
1638 4004 1707 4070 quod

276 4109 317 4153 est
333 4097 473 4162 &absumus
492 4100 527 4166 (u.
546 4099 579 4149 ad
596 4098 617 4160 1,
636 4097 697 4158 902,
708 4097 764 4164 42).
870 4096 882 4131 ⁸
900 4097 983 4148 Etiam
1001 4095 1103 4158 Gracci,
1122 4095 1228 4146 maxime
1246 4093 1411 4160 antiquiores,
1429 4109 1507 4160 saepe
1524 4092 1558 4145 ad
1575 4110 1707 4146 numerum

277 4189 374 4242 addunt
391 4205 482 4241 nornen
501 4187 622 4250 samoris,
646 4185 755 4252 exempli
771 4203 848 4238 causa
865 4186 895 4237 Β.
908 4186 951 4248 22,
970 4187 993 4248 l,
1011 4184 1027 4237 7
1046 4184 1098 4236 sch.
1113 4185 1141 4234 l:
1166 4181 1194 4236 ’ss
1216 4183 1255 4249 τῷ
1274 4182 1308 4235 κέ
1331 4191 1363 4235 llr.
1381 4200 1412 4234 rr.
1432 4181 1451 4235 ι’
1473 4188 1520 4244 aq.
1540 4180 1576 4233 ιιι(
1597 4179 1706 4244 i'lar'lor

276 4278 362 4348 ῥιιτῷ,
382 4296 430 4345 quo
448 4278 602 4344 significatur
619 4275 712 4338 1).21,
726 4275 755 4337 1,
768 4275 815 4338 68,
828 4275 859 4338 2,
877 4275 919 4326 uel
935 4273 965 4326 B.
980 4274 1021 4336 11,
1033 4273 1059 4336 2,
1072 4271 1105 4323 el
1119 4273 1171 4324 sch.
1184 4273 1214 4324 3:
1236 4269 1275 4324 dre
1293 4269 1364 4325 einero
1382 4266 1557 4331 bOilurcubl:
1575 4267 1604 4325 ἐκ
1622 4270 1663 4337 τῷ
1683 4269 1702 4323 κ’

278 4376 325 4422 brt.
344 4367 400 4421 τῶκ
419 4367 450 4422 de
467 4369 553 4438 ffers
569 4366 729 4436 proconsulis
747 4362 840 4426 circi·
860 4361 959 4418 ὲκεῑθειι
979 4361 1023 4433 rip
1041 4359 1178 4416 iudaeam
1198 4358 1229 4414 τὸ
1248 4359 1263 4425 p‘
1280 4369 1327 4424 trs.
1338 4359 1387 4421 roi
1399 4377 1445 4412 rrr.
1458 4358 1489 4411 b'e
1507 4357 1707 4422 oreilmaison

277 4455 443 4520 brslbuaroc,
463 4452 493 4507 bc
511 4452 562 4508 ὲετὶ
582 4451 700 4508 eisocrbc
717 4452 765 4514 τοῨ
783 4452 819 4506 uz'
844 4462 892 4506 ΒιΒ.
912 4451 966 4505 reiro
985 4450 1110 4515 atriorum
1129 4451 1176 4517 (sic
1194 4451 1261 4500 enim
1272 4449 1407 4518 legendum
1419 4450 1477 4516 est),
1495 4448 1707 4516 ubisignificatnr

276 4546 309 4598 D.
322 4544 365 4607 47,
378 4545 421 4606 20,
434 4543 459 4594 9.
529 4542 541 4576 ⁴
558 4541 598 4594 Ita
610 4541 703 4594 Graeci
720 4541 745 4592 in
763 4541 826 4594 libro
844 4542 968 4593 tricesimo
986 4539 1120 4607 allegando
1134 4540 1280 4606 plerumque
1297 4555 1414 4590 numeros
1425 4537 1542 4605 uulgares
1559 4546 1708 4605 sequuntur,

276 4642 306 4686 ut
322 4633 339 4684 1.
353 4631 387 4684 66
406 4631 484 4699 (Β.4,
499 4630 558 4698 119)
580 4661 610 4668 -
630 4630 665 4682 76
684 4629 762 4696 (B.4‚
777 4631 836 4697 109)
856 4660 889 4668 -
909 4628 943 4681 77
957 4629 1027 4696 (13.4
1044 4647 1070 4697 p.
1082 4629 1125 4681 90.
1138 4628 1181 4680 96.
1194 4628 1237 4680 99.
1251 4628 1309 4679 106.
1324 4627 1384 4694 136)
1403 4656 1437 4666 -
1455 4624 1490 4679 78
1504 4627 1543 4694 (Β.
1556 4627 1581 4690 2,
1594 4627 1657 4694 619)
1674 4657 1706 4666 -

278 4723 313 4775 80
331 4721 371 4788 (Β.
385 4719 491 4787 2,594)
516 4749 549 4758 -
573 4719 608 4770 82
627 4719 711 4787 (Β.4,
729 4719 774 4785 94)
800 4750 831 4758 -
857 4716 891 4771 87
911 4719 950 4786 (Β.
963 4719 989 4781 2,
1001 4719 1078 4785 698),
1101 4718 1181 4770 rarius
1204 4734 1320 4768 numeros
1343 4716 1437 4768 habent
1458 4715 1550 4767 unione
1574 4717 1708 4780 suaderes,

278 4820 307 4863 ut
324 4811 359 4862 53
377 4826 423 4876 pro
440 4807 475 4859 52
494 4807 534 4874 (Β.
547 4809 573 4872 5,
586 4807 648 4875 807)
669 4839 699 4846 -
720 4807 752 4861 ’71
772 4827 818 4876 pro
830 4806 866 4861 70
884 4807 924 4875 (Β.
937 4807 963 4870 2,
978 4807 1038 4873 119)
1058 4835 1088 4844 -
1109 4806 1144 4859 78
1156 4824 1202 4873 pro
1214 4804 1248 4859 77
1268 4804 1654 4872 (erlbblbl2,1804.1310)
1674 4835 1707 4846 -

278 4900 310 4951 81
325 4917 371 4966 pro
383 4897 418 4950 80
431 4896 470 4964 (Β.
483 4897 509 4960 3,
521 4895 584 4965 751)
605 4927 636 4936 -
656 4897 691 4949 88
703 4915 749 4964 pro
761 4897 796 4948 82
809 4897 849 4964 (Β.
862 4898 888 4959 4,
900 4896 954 4964 91).
982 4897 1049 4962 quod
1067 4913 1117 4948 non
1135 4895 1204 4947 casui
1221 4894 1379 4946 tribuendum
1391 4911 1456 4957 esse,
1474 4893 1520 4946 secl
1531 4893 1709 4960 explicandum

278 5006 309 5041 cx
326 4987 488 5055 inscriptione
506 4995 566 5038 ante
584 4987 600 5038 l.
613 4987 649 5038 60
667 4988 680 5055 5
698 4987 709 5036 l
729 5003 862 5054 perperam
884 4986 971 5054 agnita
993 4992 1061 5036 recte
1084 4985 1180 5037 monuit
1202 4983 1376 5036 Zachariaeus.
1401 4981 1491 5035 similia
1512 4983 1654 5036 notauimus
1674 4983 1709 5036 ad
