3696 5568
803 283 864 342 vll

138 425 261 481 uiuudem
279 439 313 480 ex
325 425 482 482 llorentins
498 425 587 494 pn'ore
603 425 810 496 posterioreqne
826 425 898 480 mule
908 423 1026 480 conileh
1037 427 1072 492 (e.
1085 439 1109 480 u
1121 441 1149 495 p.
1159 426 1220 494 328,
1233 425 1270 490 5).
1298 423 1430 480 eiusmodi
1443 425 1547 480 errorei

137 515 172 568 uei
186 515 211 568 in
226 529 260 568 ee
276 519 354 584 perte
370 529 453 584 qum
472 529 544 568 nuuc
565 513 639 568 edidi
663 513 817 583 ιιιιιιιᾱιιιιι,
841 527 956 583 quorum
979 513 1112 584 originem
1134 515 1187 568 uisi
1209 513 1245 568 ed
1267 512 1381 568 urtificia
1404 511 1546 582 confugias

136 617 221 657 suern
241 603 336 658 critice
357 608 417 658 erte
439 602 529 656 eliens
550 617 630 658 nemo
654 601 802 672 explicabit
824 602 876 658 nisi
899 607 931 658 ιιι
953 602 1005 658 hoe
1028 608 1120 658 sumet
1142 602 1244 657 codicis
1263 602 1288 656 Z
1305 603 1464 672 scriptorem
1482 607 1546 658 ente

135 691 213 746 oeulos
238 689 365 746 mornas
391 691 481 760 ipsum
507 689 605 746 librum
632 691 825 748 lloreutinum.
859 689 959 746 sddem
986 691 1072 746 simile
1099 697 1288 760 argumentum
1316 691 1489 760 desumptum
1511 706 1546 746 ex

134 779 336 848 [11111110
358 781 480 834 omnium
501 780 561 834 eius
584 780 693 849 generis
713 778 955 836 euidentissimum.
983 779 1108 834 nimimm
1133 780 1161 834 in
1183 779 1273 834 dictes
1291 780 1359 848 legis
1377 781 1394 834 9
1413 782 1456 844 11
1476 779 1547 834 inter

133 867 206 922 umbe
225 870 364 922 ὼιιιιιιιιιιι
389 875 470 922 oudo
493 873 523 922 et
545 887 575 923 eo
588 869 727 940 sacedon
751 875 788 923 eri
810 867 918 924 codices
936 868 1040 922 PVLU
1055 867 1231 938 interponunt
1253 867 1338 924 uerbe
1355 876 1435 922 rrtdur
1452 875 1547 922 merset

132 965 187 1009 eren
205 965 230 1010 u·
251 963 387 1010 ωιιιιιιιο
409 961 445 1008 est
467 963 492 1010 st
514 975 545 1010 eu
567 959 658 1012 muller
679 955 825 1026 desumpts
846 972 881 1012 ee
902 971 938 1012 ex
960 957 977 1012 l.
992 958 1025 1012 10
1040 973 1093 1027 pu,
1117 954 1164 1010 ubi
1187 955 1299 1012 desunt:
1323 957 1428 1012 scillcet
1450 955 1546 1011 eedem

132 1043 204 1098 rebe
220 1059 282 1100 cum
300 1045 439 1100 omisimi
454 1043 603 1100 Florentini
620 1043 723 1099 codicis
740 1043 879 1114 librarius,
902 1046 1040 1115 suppleuit
1061 1046 1108 1115 qui
1131 1045 1248 1100 eundem
1272 1045 1428 1100 eruenduuit
1446 1046 1474 1100 iu
1492 1041 1546 1100 due

130 1133 233 1200 prglnre
250 1133 374 1202 proxim
391 1133 593 1202 presoedeutis,
616 1147 687 1203 quse
704 1133 806 1202 pagius
823 1148 884 1189 cum
904 1132 981 1188 liniet
998 1133 1090 1190 uerbis
1108 1135 1248 1188 minium
1267 1141 1359 1199 inulto,
1383 1134 1430 1203 qui
1448 1132 1546 1189 librum

130 1218 262 1290 descripsit
278 1219 405 1276 isoiliime
423 1222 642 1291 supplementum
660 1221 698 1276 ibi
714 1221 860 1276 ednectere
877 1223 981 1292 putruit,
1000 1221 1047 1277 ubi
1065 1236 1130 1277 uere
1148 1222 1247 1292 iegitur
1264 1222 1292 1276 in
1311 1220 1451 1278 codicibus
1470 1237 1504 1276 ex
1522 1221 1548 1276 Z

129 1310 276 1377 popegsu's
293 1323 383 1380 nune
399 1310 436 1365 ed
453 1311 639 1366 Florentinum
657 1310 748 1366 denuo
765 1311 878 1366 exectis
903 1339 935 1350 —
960 1310 1032 1366 Sane
1050 1311 1078 1366 in
1096 1310 1147 1364 hso
1165 1310 1279 1366 secundi
1297 1310 1399 1366 ordinis
1416 1309 1545 1366 librorum

128 1397 286 1454 dedustione
308 1400 334 1454 si
355 1400 504 1454 comistme
525 1399 632 1468 liceret,
656 1403 820 1467 peruentum
843 1401 919 1454 esset
935 1399 970 1454 sd
994 1399 1155 1454 solutionem
1174 1399 1197 1454 si
1215 1414 1270 1454 non
1287 1399 1450 1468 expetitum,
1472 1403 1547 1456 certe

128 1485 287 1554 expeditum:
305 1487 411 1542 militet
427 1487 576 1544 secundm
593 1487 708 1542 ciussern
726 1487 881 1542 uniuersum
900 1487 1069 1543 abiciendum
1089 1502 1159 1543 osse.
1186 1487 1235 1542 sed
1249 1487 1327 1542 uiiter
1340 1503 1385 1544 res
1402 1501 1433 1542 se
1451 1485 1545 1542 irobet:

128 1589 182 1628 mm
198 1573 299 1630 sdsunt
316 1575 369 1630 loci
385 1577 481 1646 peuci,
505 1575 555 1632 sed
572 1576 653 1644 uerti,
677 1574 724 1631 ubl
742 1575 856 1632 secundi
872 1575 975 1632 ordinis
997 1575 1126 1632 librorum
1149 1576 1279 1632 lectiones
1298 1577 1480 1631 Florentinum
1498 1579 1547 1630 sut

128 1661 265 1718 menduc
287 1671 337 1720 sut
359 1666 489 1735 supplent
509 1663 756 1734 confirmeturque
778 1663 848 1720 sdeo
871 1663 1006 1720 interdum
1030 1663 1141 1720 mirilico
1159 1664 1195 1720 sb
1214 1662 1406 1734 interpretibus
1424 1665 1544 1720 Grsecir.

127 1765 200 1818 qnae
221 1750 274 1808 iroc
297 1753 387 1808 solum
410 1759 497 1810 mur
517 1759 550 1810 ut
570 1757 723 1810 rtetunmue
750 1753 872 1810 codicem
893 1755 919 1808 Ζ
940 1751 1106 1822 descriptum
1133 1753 1243 1823 quidem
1267 1751 1351 1808 iuiese
1378 1767 1412 1808 ex
1436 1754 1545 1808 lloreu·

127 1838 187 1908 t'no,
208 1839 259 1896 sed
275 1845 376 1910 postea
392 1841 436 1896 hic
453 1842 508 1896 illic
525 1841 700 1898 emendatum
724 1843 760 1899 sd
777 1843 875 1898 librum
894 1843 967 1912 peris
985 1841 1154 1898 suctoritstis
1174 1841 1240 1910 (Y),
1265 1841 1342 1896 cuius
1360 1841 1462 1912 exigno
1479 1855 1545 1896 sene

126 1933 151 1980 et
164 1927 273 1998 incerte,
291 1929 343 1984 sed
359 1934 453 1986 tamen
470 1929 562 2000 dique
578 1932 676 1986 nolitis
692 1947 741 2002 por
755 1947 803 1988 eor
815 1933 888 1989 solos
899 1931 982 1988 libros
994 1929 1031 1984 cd
1043 1945 1093 1986 nos
1106 1931 1230 1986 maurit
1256 1929 1285 1985 id
1298 1929 1372 1999 quod
1384 1927 1546 1984 confirment

126 2015 170 2070 lul
190 2017 303 2086 quidm
326 2019 354 2074 in
372 2019 495 2074 Parisino
517 2019 635 2076 menime
657 2018 725 2076 libro
744 2021 783 2076 ite
799 2021 961 2091 compuncti,
986 2023 1017 2074 ιιι
1038 2019 1067 2074 in
1090 2020 1149 2074 eius
1172 2025 1319 2089 prototypo
1337 2019 1447 2087 gemine
1465 2018 1545 2073 lectio

126 2102 235 2160 mesre
253 2105 394 2176 nidorum,
418 2107 523 2162 seilicet
539 2113 596 2164 tum
614 2109 771 2166 Florentino
790 2123 872 2178 quern
890 2108 1029 2178 sdmripts
1046 2108 1072 2162 si
1090 2109 1134 2164 uel
1152 2107 1337 2178 rupeneuptr
1353 2107 1434 2162 lectio
1453 2107 1545 2162 uene·

125 2194 178 2262 typi
192 2194 315 2250 ulterius.
1221 2225 1231 2246 .

170 2283 194 2336 ³.
219 2282 349 2352 Deniqrm
365 2281 514 2340 urendum
531 2289 576 2340 est
592 2285 637 2341 usi
654 2285 858 2356 sndquissimos
875 2283 1013 2342 mundes
1029 2284 1125 2340 clusis
1143 2283 1226 2340 libros
1245 2283 1336 2340 multis
1349 2283 1416 2340 locis
1434 2299 1545 2354 pessum

125 2367 195 2425 istos
211 2385 275 2426 esse
293 2387 349 2428 uon
367 2371 535 2428 librariorum
553 2373 665 2444 incorie,
684 2373 733 2430 sed
751 2373 915 2430 scholastice
931 2373 1152 2444 interpolatione:
1177 2374 1230 2442 itu,
1252 2377 1283 2426 ut
1300 2373 1396 2442 prucis
1414 2373 1546 2443 exemplis

125 2455 258 2528 deinum
276 2461 384 2530 sntiqui
399 2461 438 2516 illi
454 2459 623 2518 formuleme
640 2481 669 2518 re
687 2481 740 2518 eree
757 2477 820 2518 eum
831 2478 887 2520 non
897 2463 1093 2532 intellegerent,
1110 2461 1154 2518 bis
1167 2461 1215 2533 (D.
1231 2463 1349 2532 tt,1,1.
1369 2461 1410 2530 13,
1423 2463 1449 2532 5,
1465 2463 1507 2530 18,
1520 2463 1545 2532 2,

124 2545 165 2602 elsi
174 2553 267 2604 nmen
280 2549 322 2604 P·
333 2563 428 2604 uerum
440 2551 571 2616 ωιιιιιιιίι)
583 2553 724 2606 muieruui
735 2551 763 2606 iu
777 2551 837 2606 ισιιι
849 2569 916 2607 eree:
933 2553 997 2608 item
1018 2553 1051 2606 D.
1067 2553 1108 2620 12,
1120 2551 1146 2620 s,
1158 2551 1185 2619 ὁ,
1198 2552 1223 2619 l,
1241 2548 1289 2606 ubi
1301 2549 1434 2620 Uipisnus
1452 2549 1546 2606 scribit

124 2633 297 2694 iure’urendo
309 2639 419 2708 propris
430 2639 621 2707 superstitione
636 2639 724 2696 iuncto
735 2638 863 2695 siendum
875 2639 953 2710 seee',
972 2640 1004 2695 ‘ei
1022 2655 1076 2696 uon
1089 2639 1216 2694 eundem
1228 2636 1296 2694 esse'
1312 2637 1348 2692 ilii
1360 2638 1546 2708 praescribere

123 2725 281 2782 meluerunt:
309 2731 368 2782 tum
395 2731 483 2782 totum
510 2731 594 2799 ceput
618 2727 839 2786 commenticium
864 2728 964 2797 legitur
992 2727 1064 2798 epod
1091 2727 1202 2784 eosdem
1230 2743 1257 2796 p.
1272 2727 1333 2796 tet,
1352 2727 1401 2782 29:
1428 2727 1546 2797 denique

123 2811 274 2884 u.1,o,1s
293 2829 358 2870 eum
374 2815 506 2885 scripsero
523 2817 560 2872 sit
576 2817 605 2872 in
619 2817 666 2872 rit
684 2816 719 2872 'in
736 2815 803 2874 orbe
815 2817 937 2872 Romarm
955 2817 1002 2885 qui
1025 2817 1080 2872 siut
1101 2831 1136 2872 ex
1159 2815 1353 2872 constitutione
1374 2815 1546 2886 impertieris

122 2900 246 2958 Antonini
263 2903 343 2960 ciues
360 2903 498 2960 Romanos
515 2905 628 2962 effectos
644 2904 723 2974 esse',
746 2920 782 2962 ex
798 2905 865 2961 orbe
881 2906 1005 2962 Romsno
1024 2904 1125 2960 'urbem
1144 2903 1311 2974 ltomunsm',
1328 2919 1363 2960 ex
1382 2905 1546 2974 imperatore

124 2989 215 3048 'diuum
227 2991 408 3048 Antoninnm'
425 2993 584 3050 effecerunt
610 2993 663 3050 isse
677 2993 837 3050 irsditsrum
855 3009 945 3050 rerum
963 2993 1162 3063 uerborumque
1180 2994 1384 3049 immutationes
1402 3009 1468 3049 seue
1485 3009 1545 3063 per-

123 3093 211 3136 umes
233 3085 263 3136 et
280 3079 319 3136 eb
335 3081 543 3152 interpoisn'oue
561 3096 616 3138 noo
633 3082 738 3138 eliense
754 3082 940 3152 dedocendus
958 3083 1069 3153 quidem
1087 3096 1141 3138 nou
1159 3087 1236 3138 eunt:
1260 3098 1324 3138 num
1347 3097 1409 3136 cum
1427 3082 1545 3151 interpo

123 3167 230 3226 lotiones
246 3170 313 3226 illes
329 3170 359 3226 in
375 3169 451 3226 libris
469 3185 503 3226 ex
522 3172 548 3225 Ζ
563 3169 693 3226 desinetis
710 3170 836 3227 omuibus
858 3171 950 3226 edsiut
972 3171 1066 3242 iteque
1085 3170 1205 3226 dubiteri
1223 3185 1277 3226 non
1294 3170 1382 3240 possit
1399 3171 1465 3238 quin
1485 3185 1546 3239 per·

123 3258 233 3328 suipra
250 3257 355 3314 luerint
371 3258 400 3314 in
417 3273 452 3316 eo
468 3259 529 3328 ipso
546 3259 641 3316 codice
657 3259 760 3316 morli
776 3259 873 3330 opinor
883 3260 1023 3316 minimum
1036 3259 1172 3316 undecimi
1184 3258 1345 3328 incipientis,
1363 3257 1464 3314 iudicio
1482 3263 1547 3314 sunt

123 3347 174 3402 siue
191 3346 277 3404 dubio
295 3345 399 3402 lrnerlo
416 3348 568 3404 neumt’ors
588 3353 617 3404 et
634 3347 744 3405 omuino
767 3348 957 3418 eudonissims
972 3363 1044 3418 quse
1062 3347 1194 3404 hebemus
1216 3347 1446 3416 interpretationis
1470 3347 1545 3416 digo
1663 3371 1665 3376 v

123 3439 217 3492 ιιιιιιιι
235 3434 315 3507 apud
331 3435 416 3490 lteios
433 3437 609 3493 manentis.
635 3441 665 3492 si
681 3436 806 3494 codicum
825 3436 980 3494 suctofitsti
998 3436 1061 3492 inde
1079 3438 1194 3492 multtum
1212 3433 1376 3504 Metitur,
1399 3435 1474 3504 quod
1492 3449 1546 3490 nou

122 3525 202 3580 solnm
219 3525 402 3580 munerasti
418 3538 480 3580 esse
497 3523 745 3596 deprehenduntur,
762 3525 813 3582 scd
829 3525 912 3580 οιιιιιι
930 3525 1094 3602 interpoled.

167 3614 243 3670 Hsec
260 3613 348 3683 igitur
365 3619 409 3668 sm
425 3613 538 3670 mnndi
555 3613 659 3670 ordinis
677 3613 801 3670 codicum
819 3613 970 3691 indoleret
988 3617 1093 3670 usturs
1122 3613 1243 3684 sequitur
1261 3617 1293 3668 ut
1303 3626 1453 3668 consensus
1466 3610 1546 3668 libro·

122 3717 175 3756 mm
198 3701 368 3758 deteriorum
390 3717 454 3756 uum
476 3702 633 3758 llorentlue
655 3702 771 3758 lectione
796 3701 867 3758 hene
889 3717 1060 3772 musonem
1083 3701 1236 3770 confirmet,
1262 3701 1341 3770 item,
1370 3698 1417 3755 ubi
1446 3699 1545 3756 dubios

123 3787 228 3846 isereu
251 3793 326 3846 iuter
342 3790 526 3846 Florentinum
543 3789 685 3860 pristinem
703 3795 733 3846 et
749 3791 863 3848 eundem
888 3791 1075 3860 mendcium,
1096 3799 1128 3846 ut
1145 3791 1247 3846 nullum
1265 3790 1344 3846 citeri
1361 3789 1415 3844 utri
1433 3789 1546 3844 edmini·

123 3879 205 3936 ιιιιιιιι
228 3878 297 3936 inde
320 3879 447 3948 mundet
471 3879 545 3948 quod
567 3879 705 3934 secuudee
729 3879 825 3938 clusis
847 3879 908 3936 irlrrl
930 3885 979 3936 snt
1002 3895 1063 3934 cum
1086 3878 1138 3934 lruc
1160 3885 1210 3934 nnt
1230 3894 1292 3934 cum
1314 3879 1362 3934 ilie
1381 3877 1546 3947 conspirent

123 3965 213 4024 deiude
231 3967 299 4024 huic
317 3967 407 4024 ordini
427 3969 552 4038 proprius
574 3969 721 4037 lectiones,
743 3969 851 4024 etismri
869 3969 928 4026 eius
946 3969 1054 4050 genens
1072 3965 1133 4023 libri
1150 3968 1194 4022 uel
1212 3983 1307 4024 omnes
1326 3967 1369 4022 uei
1387 3971 1461 4022 certe
1478 3965 1545 4022 unti-

124 4056 223 4124 quiorss
241 4060 404 4112 consumier
420 4071 467 4112 ees
485 4057 634 4126 relincunt,
657 4061 749 4112 ιιιιιιιιι
767 4057 926 4127 pierumque
943 4056 1061 4112 deriuari
1079 4062 1108 4112 et
1125 4062 1239 4126 possunt
1255 4061 1285 4110 et
1301 4055 1403 4112 debent
1419 4069 1455 4110 ex
1472 4069 1547 4110 mers

124 4145 293 4216 neglegentis
311 4145 355 4200 uel
371 4144 442 4200 edeo
460 4145 667 4216 interpolatione
684 4160 778 4202 eorum
796 4147 844 4215 qui
861 4153 924 4203 ento
936 4145 1067 4202 lmerium
1080 4145 1264 4200 Florentinum
1280 4144 1378 4200 librum
1396 4143 1546 4214 descripeo

124 4241 187 4288 runt
214 4235 337 4304 denium
359 4233 412 4288 etei
433 4249 483 4304 per
505 4249 536 4290 se
553 4234 664 4304 quidem
682 4233 837 4304 probandos
854 4234 994 4304 uidentur,
1018 4239 1111 4290 tsmcu
1133 4233 1268 4304 proprium
1292 4233 1481 4290 auctoritatem
1499 4231 1546 4288 uix

124 4329 246 4389 poterunt
262 4321 319 4378 sibi
336 4321 483 4392 modicus,
500 4323 553 4380 nisi
570 4328 619 4380 ιιιιι
636 4323 777 4379 sGruecis
793 4322 987 4392 interpretibus
1004 4321 1206 4391 confirmentur,
1224 4322 1253 4377 id
1267 4321 1342 4391 quod
1358 4335 1420 4378 roro
1437 4319 1546 4390 eccidit,

128 4415 169 4464 sut
183 4412 222 4466 in
239 4417 417 4480 compenses
435 4417 511 4482 sunt,
532 4417 564 4468 ut
580 4413 752 4468 coniectores
769 4409 851 4467 duem
869 4411 1002 4468 excedere
1025 4411 1181 4479 uiderentur,
1204 4411 1248 4466 oui
1265 4409 1414 4480 opiustioui
1436 4409 1547 4480 nuulpln·

127 4513 225 4569 semper
247 4504 277 4555 et
301 4514 336 4554 ex
360 4499 472 4558 urbitio
495 4501 583 4570 merle
606 4516 688 4569 quem
715 4515 751 4556 ex
773 4499 874 4557 iudicio
894 4501 1025 4570 pendenti
1046 4501 1128 4556 etiem
1153 4499 1241 4554 rarius
1263 4499 1340 4554 iocus
1362 4497 1469 4554 dendus
1496 4501 1546 4554 cst

129 4601 186 4642 une
202 4605 265 4644 curn
285 4587 356 4644 hoec
373 4588 413 4644 lte
430 4603 461 4644 se
478 4587 579 4644 lrubers
596 4589 804 4658 intellexissem,
823 4589 948 4658 questui
972 4603 1091 4658 mecum,
1116 4601 1207 4644 ennon
1224 4586 1457 4658 supersedendum
1474 4591 1548 4642 esset

128 4677 226 4745 ἰιςιιιο
247 4675 342 4734 officio
365 4677 517 4732 enotendse
540 4677 673 4734 eiusmodi
696 4678 825 4734 librorum
846 4679 939 4734 nudus
956 4677 1093 4741 iectionis,
1117 4689 1174 4746 qus
1190 4675 1261 4732 hunc
1278 4675 1425 4732 editionem
1442 4673 1548 4730 onemri

129 4767 207 4836 mgis
223 4781 308 4835 quem
327 4766 416 4821 cruori
435 4771 514 4822 eruut
528 4767 576 4836 qui
593 4766 727 4822 iudicent:
748 4782 810 4822 rurs
826 4768 899 4824 euim
917 4771 989 4834 suut,
1008 4769 1039 4820 ιιι
1056 4765 1121 4835 dixi,
1139 4763 1281 4835 archetypi
1297 4764 1369 4820 iliius
1390 4764 1416 4818 Υ
1430 4763 1549 4832 uestigis

129 4858 153 4906 et
171 4855 214 4910 uel
236 4870 287 4925 per
310 4853 448 4924 digestum
470 4859 550 4910 uetus
573 4855 662 4910 solum
685 4855 795 4912 minime
818 4854 984 4925 ssqusbiiie,
1007 4861 1040 4910 ut
1055 4869 1105 4925 per
1121 4855 1232 4923 longum
1251 4856 1368 4908 trectnm
1385 4853 1465 4922 plone
1484 4866 1547 4908 ouer

130 4950 244 5014 uelut,
267 4941 369 5000 deinde
391 4947 455 5013 post
472 4943 569 5012 iugens
585 4944 757 5002 iutemslium
775 4944 914 5014 inspersto
931 4942 1077 5000 uideantur
1094 4942 1192 4999 redire.
1228 4940 1301 5010 quod
1320 4941 1490 5010 sdqustenus
1507 4941 1547 4996 in·

130 5027 211 5088 dicut
234 5031 309 5090 uolui
331 5032 384 5102 ite,
407 5037 440 5088 ut
462 5033 490 5088 in
510 5031 545 5088 iis
567 5033 705 5103 pertibus,
728 5032 775 5090 ubi
797 5033 911 5090 secundi
931 5031 1033 5090 ordinis
1051 5031 1160 5088 codices
1177 5030 1287 5102 proprio
1303 5029 1376 5086 isone
1392 5029 1465 5086 nulls
1482 5028 1548 5088 milti
