<?xml version="1.0" encoding="UTF-8"?>
<!DOCTYPE html PUBLIC "-//W3C//DTD XHTML 1.0 Transitional//EN"
    "http://www.w3.org/TR/xhtml1/DTD/xhtml1-transitional.dtd">
<html xmlns="http://www.w3.org/1999/xhtml" xml:lang="en" lang="en">
 <head>
  <title>
</title>
<meta http-equiv="Content-Type" content="text/html;charset=utf-8" />
  <meta name='ocr-system' content='tesseract 3.04.00' />
  <meta name='ocr-capabilities' content='ocr_page ocr_carea ocr_par ocr_line ocrx_word'/>
</head>
<body>
  <div class='ocr_page' id='page_1' title='image "./digestaiustinia00mommgoog_0899.png"; bbox 0 0 3734 5578; ppageno 0'>
   <div class='ocr_carea' id='block_1_1' title="bbox 282 241 1708 322">
    <p class='ocr_par' dir='ltr' id='par_1_1' title="bbox 282 241 1708 322">
     <span class='ocr_line' id='line_1_1' title="bbox 282 241 1708 322; baseline 0.001 -13"><span class='ocrx_word' id='word_1_1' title='bbox 282 241 401 309; x_wconf 86' lang='lat' dir='ltr'>XXIIII</span> <span class='ocrx_word' id='word_1_2' title='bbox 422 246 442 310; x_wconf 90' lang='lat'>3</span> <span class='ocrx_word' id='word_1_3' title='bbox 465 248 581 306; x_wconf 71' lang='grc' dir='ltr'><strong>ιε’-67</strong></span> <span class='ocrx_word' id='word_1_4' title='bbox 952 242 978 320; x_wconf 76' lang='lat'><strong>7</strong></span> <span class='ocrx_word' id='word_1_5' title='bbox 984 241 1039 322; x_wconf 85' lang='lat'><strong>30</strong></span> <span class='ocrx_word' id='word_1_6' title='bbox 1250 263 1383 312; x_wconf 82' lang='lat' dir='ltr'><strong>sucuro</strong></span> <span class='ocrx_word' id='word_1_7' title='bbox 1406 261 1626 312; x_wconf 79' lang='lat' dir='ltr'><strong>nsrnmoruo</strong></span> <span class='ocrx_word' id='word_1_8' title='bbox 1646 261 1708 310; x_wconf 87' lang='lat' dir='ltr'><strong>nos</strong></span> 
     </span>
    </p>
   </div>
   <div class='ocr_carea' id='block_1_2' title="bbox 224 402 1770 2523">
    <p class='ocr_par' dir='ltr' id='par_1_2' title="bbox 281 402 1710 565">
     <span class='ocr_line' id='line_1_2' title="bbox 281 402 1710 475; baseline 0 -19"><span class='ocrx_word' id='word_1_9' title='bbox 281 403 353 471; x_wconf 85' lang='lat' dir='ltr'><strong>putri</strong></span> <span class='ocrx_word' id='word_1_10' title='bbox 371 403 449 457; x_wconf 82' lang='lat' dir='ltr'><strong>reddi</strong></span> <span class='ocrx_word' id='word_1_11' title='bbox 466 403 597 458; x_wconf 86' lang='lat' dir='ltr'><strong>iusserat:</strong></span> <span class='ocrx_word' id='word_1_12' title='bbox 621 404 719 460; x_wconf 79' lang='lat' dir='ltr'>deiude</span> <span class='ocrx_word' id='word_1_13' title='bbox 742 410 821 475; x_wconf 80' lang='lat' dir='ltr'><strong>perte</strong></span> <span class='ocrx_word' id='word_1_14' title='bbox 842 404 914 460; x_wconf 92' lang='lat' dir='ltr'><strong>dotis</strong></span> <span class='ocrx_word' id='word_1_15' title='bbox 937 406 1078 474; x_wconf 86' lang='lat' dir='ltr'><strong>persoluta</strong></span> <span class='ocrx_word' id='word_1_16' title='bbox 1100 409 1179 475; x_wconf 87' lang='lat' dir='ltr'><strong>pater</strong></span> <span class='ocrx_word' id='word_1_17' title='bbox 1202 404 1369 460; x_wconf 76' lang='lat' dir='ltr'><strong>decesserat.</strong></span> <span class='ocrx_word' id='word_1_18' title='bbox 1399 403 1665 473; x_wconf 83' lang='lat' dir='ltr'><strong>reliquampartem,</strong></span> <span class='ocrx_word' id='word_1_19' title='bbox 1687 402 1710 456; x_wconf 90' lang='lat' dir='ltr'><strong>sl</strong></span> 
     </span>
     <span class='ocr_line' id='line_1_3' title="bbox 282 489 1710 565; baseline -0.001 -20"><span class='ocrx_word' id='word_1_20' title='bbox 282 505 333 546; x_wconf 82' lang='lat' dir='ltr'><strong>uec</strong></span> <span class='ocrx_word' id='word_1_21' title='bbox 352 491 479 560; x_wconf 79' lang='lat' dir='ltr'><strong>delegata</strong></span> <span class='ocrx_word' id='word_1_22' title='bbox 497 508 547 548; x_wconf 88' lang='lat' dir='ltr'><strong>uec</strong></span> <span class='ocrx_word' id='word_1_23' title='bbox 565 495 700 563; x_wconf 87' lang='lat' dir='ltr'><strong>promissa</strong></span> <span class='ocrx_word' id='word_1_24' title='bbox 717 494 838 550; x_wconf 86' lang='lat' dir='ltr'><strong>nouandi</strong></span> <span class='ocrx_word' id='word_1_25' title='bbox 857 496 948 550; x_wconf 89' lang='lat' dir='ltr'><strong>animo</strong></span> <span class='ocrx_word' id='word_1_26' title='bbox 965 495 1038 565; x_wconf 90' lang='lat' dir='ltr'><strong>patri</strong></span> <span class='ocrx_word' id='word_1_27' title='bbox 1054 493 1160 564; x_wconf 88' lang='lat' dir='ltr'><strong>fuisset,</strong></span> <span class='ocrx_word' id='word_1_28' title='bbox 1179 493 1284 548; x_wconf 87' lang='lat' dir='ltr'><strong>mulieri</strong></span> <span class='ocrx_word' id='word_1_29' title='bbox 1303 493 1373 548; x_wconf 90' lang='lat' dir='ltr'><strong>solui</strong></span> <span class='ocrx_word' id='word_1_30' title='bbox 1391 491 1492 548; x_wconf 89' lang='lat' dir='ltr'><strong>debere</strong></span> <span class='ocrx_word' id='word_1_31' title='bbox 1509 490 1602 546; x_wconf 88' lang='lat' dir='ltr'><strong>Labeo</strong></span> <span class='ocrx_word' id='word_1_32' title='bbox 1613 489 1710 545; x_wconf 83' lang='lat' dir='ltr'><strong>Treba·</strong></span> 
     </span>
    </p>

    <p class='ocr_par' dir='ltr' id='par_1_3' title="bbox 249 580 1739 842">
     <span class='ocr_line' id='line_1_4' title="bbox 249 580 1709 654; baseline 0 -21"><span class='ocrx_word' id='word_1_33' title='bbox 249 589 263 632; x_wconf 79' lang='lat' dir='ltr'><strong>t</strong></span> <span class='ocrx_word' id='word_1_34' title='bbox 281 580 336 634; x_wconf 84' lang='lat' dir='ltr'><strong>tlue</strong></span> <span class='ocrx_word' id='word_1_35' title='bbox 354 585 466 650; x_wconf 88' lang='lat' dir='ltr'><strong>putant,</strong></span> <span class='ocrx_word' id='word_1_36' title='bbox 485 581 566 652; x_wconf 91' lang='lat' dir='ltr'><strong>idque</strong></span> <span class='ocrx_word' id='word_1_37' title='bbox 585 599 680 638; x_wconf 89' lang='lat' dir='ltr'><strong>uerum</strong></span> <span class='ocrx_word' id='word_1_38' title='bbox 699 589 750 639; x_wconf 88' lang='lat' dir='ltr'><strong>est.</strong></span> <span class='ocrx_word' id='word_1_39' title='bbox 787 584 922 654; x_wconf 81' lang='lat' dir='ltr'><strong>Mancipiu</strong></span> <span class='ocrx_word' id='word_1_40' title='bbox 940 585 967 639; x_wconf 93' lang='lat' dir='ltr'><strong>iu</strong></span> <span class='ocrx_word' id='word_1_41' title='bbox 986 585 1078 640; x_wconf 85' lang='lat' dir='ltr'><strong>dotem</strong></span> <span class='ocrx_word' id='word_1_42' title='bbox 1097 585 1241 640; x_wconf 86' lang='lat' dir='ltr'><strong>aestimate</strong></span> <span class='ocrx_word' id='word_1_43' title='bbox 1259 583 1402 653; x_wconf 83' lang='lat' dir='ltr'><strong>accepisti:</strong></span> <span class='ocrx_word' id='word_1_44' title='bbox 1420 586 1534 652; x_wconf 85' lang='lat' dir='ltr'><strong>pactum</strong></span> <span class='ocrx_word' id='word_1_45' title='bbox 1551 583 1709 635; x_wconf 82' lang='lat' dir='ltr'><strong>conuentum</strong></span> 
     </span>
     <span class='ocr_line' id='line_1_5' title="bbox 282 668 1710 740; baseline -0.001 -16"><span class='ocrx_word' id='word_1_46' title='bbox 282 668 381 724; x_wconf 86' lang='lat' dir='ltr'><strong>deinde</strong></span> <span class='ocrx_word' id='word_1_47' title='bbox 399 668 501 724; x_wconf 81' lang='lat' dir='ltr'><strong>facturn</strong></span> <span class='ocrx_word' id='word_1_48' title='bbox 520 677 570 740; x_wconf 91' lang='lat' dir='ltr'><strong>est,</strong></span> <span class='ocrx_word' id='word_1_49' title='bbox 589 676 621 727; x_wconf 91' lang='lat' dir='ltr'><strong>ut</strong></span> <span class='ocrx_word' id='word_1_50' title='bbox 632 672 755 728; x_wconf 65' lang='lat' dir='ltr'><strong>,diuortio</strong></span> <span class='ocrx_word' id='word_1_51' title='bbox 774 672 847 728; x_wconf 84' lang='lat' dir='ltr'><strong>lacto</strong></span> <span class='ocrx_word' id='word_1_52' title='bbox 865 673 998 728; x_wconf 85' lang='lat' dir='ltr'><strong>tantidem</strong></span> <span class='ocrx_word' id='word_1_53' title='bbox 1014 673 1159 728; x_wconf 72' lang='lat' dir='ltr'><strong>aestiuare</strong></span> <span class='ocrx_word' id='word_1_54' title='bbox 1170 671 1300 726; x_wconf 79' lang='lat' dir='ltr'><strong>redderes</strong></span> <span class='ocrx_word' id='word_1_55' title='bbox 1311 686 1363 726; x_wconf 89' lang='lat' dir='ltr'><strong>nee</strong></span> <span class='ocrx_word' id='word_1_56' title='bbox 1380 670 1414 727; x_wconf 90' lang='lat' dir='ltr'><strong>de</strong></span> <span class='ocrx_word' id='word_1_57' title='bbox 1426 675 1508 740; x_wconf 87' lang='lat' dir='ltr'><strong>partu</strong></span> <span class='ocrx_word' id='word_1_58' title='bbox 1520 668 1650 724; x_wconf 78' lang='lat' dir='ltr'><strong>dotalium</strong></span> <span class='ocrx_word' id='word_1_59' title='bbox 1667 684 1710 722; x_wconf 92' lang='lat' dir='ltr'><strong>au·</strong></span> 
     </span>
     <span class='ocr_line' id='line_1_6' title="bbox 282 754 1739 842; baseline 0.002 -29"><span class='ocrx_word' id='word_1_60' title='bbox 282 759 404 814; x_wconf 90' lang='lat' dir='ltr'><strong>cillerum</strong></span> <span class='ocrx_word' id='word_1_61' title='bbox 423 761 525 816; x_wconf 87' lang='lat' dir='ltr'><strong>mentio</strong></span> <span class='ocrx_word' id='word_1_62' title='bbox 543 759 617 816; x_wconf 83' lang='lat' dir='ltr'><strong>factu</strong></span> <span class='ocrx_word' id='word_1_63' title='bbox 635 767 685 817; x_wconf 87' lang='lat' dir='ltr'><strong>est.</strong></span> <span class='ocrx_word' id='word_1_64' title='bbox 714 761 843 831; x_wconf 82' lang='lat' dir='ltr'><strong>mauebit,</strong></span> <span class='ocrx_word' id='word_1_65' title='bbox 862 762 950 831; x_wconf 90' lang='lat' dir='ltr'><strong>lnquit</strong></span> <span class='ocrx_word' id='word_1_66' title='bbox 961 761 1063 831; x_wconf 80' lang='lat' dir='ltr'><strong>Labeo,</strong></span> <span class='ocrx_word' id='word_1_67' title='bbox 1081 766 1177 832; x_wconf 81' lang='lat' dir='ltr'><strong>partus</strong></span> <span class='ocrx_word' id='word_1_68' title='bbox 1194 764 1271 830; x_wconf 81' lang='lat' dir='ltr'><strong>tuus,</strong></span> <span class='ocrx_word' id='word_1_69' title='bbox 1287 761 1352 830; x_wconf 89' lang='lat' dir='ltr'><strong>qnia</strong></span> <span class='ocrx_word' id='word_1_70' title='bbox 1363 761 1387 814; x_wconf 90' lang='lat' dir='ltr'><strong>is</strong></span> <span class='ocrx_word' id='word_1_71' title='bbox 1404 775 1455 830; x_wconf 89' lang='lat' dir='ltr'><strong>pro</strong></span> <span class='ocrx_word' id='word_1_72' title='bbox 1474 754 1739 842; x_wconf 54' lang='lat' dir='ltr'><strong>[fflffls</strong></span> 
     </span>
    </p>

    <p class='ocr_par' dir='ltr' id='par_1_4' title="bbox 248 848 1713 1099">
     <span class='ocr_line' id='line_1_7' title="bbox 248 848 1712 922; baseline 0.001 -22"><span class='ocrx_word' id='word_1_73' title='bbox 248 849 402 917; x_wconf 69' lang='lat' dir='ltr'><strong>epericulo</strong></span> <span class='ocrx_word' id='word_1_74' title='bbox 421 850 616 920; x_wconf 81' lang='lat' dir='ltr'><strong>mancipiorum</strong></span> <span class='ocrx_word' id='word_1_75' title='bbox 634 868 719 922; x_wconf 89' lang='lat' dir='ltr'><strong>penes</strong></span> <span class='ocrx_word' id='word_1_76' title='bbox 738 857 765 905; x_wconf 89' lang='lat' dir='ltr'><strong>te</strong></span> <span class='ocrx_word' id='word_1_77' title='bbox 784 865 845 905; x_wconf 87' lang='lat' dir='ltr'><strong>esse</strong></span> <span class='ocrx_word' id='word_1_78' title='bbox 864 849 984 906; x_wconf 87' lang='lat' dir='ltr'><strong>deberet.</strong></span> <span class='ocrx_word' id='word_1_79' title='bbox 1021 851 1130 919; x_wconf 81' lang='lat' dir='ltr'><strong>Mulier,</strong></span> <span class='ocrx_word' id='word_1_80' title='bbox 1155 865 1225 919; x_wconf 87' lang='lat' dir='ltr'><strong>quae</strong></span> <span class='ocrx_word' id='word_1_81' title='bbox 1249 855 1358 905; x_wconf 82' lang='lat' dir='ltr'><strong>centum</strong></span> <span class='ocrx_word' id='word_1_82' title='bbox 1380 849 1453 904; x_wconf 87' lang='lat' dir='ltr'><strong>dotis</strong></span> <span class='ocrx_word' id='word_1_83' title='bbox 1470 849 1545 919; x_wconf 92' lang='lat' dir='ltr'><strong>apud</strong></span> <span class='ocrx_word' id='word_1_84' title='bbox 1563 849 1651 904; x_wconf 82' lang='lat' dir='ltr'><strong>mrum</strong></span> <span class='ocrx_word' id='word_1_85' title='bbox 1669 848 1712 902; x_wconf 81' lang='lat' dir='ltr'><strong>Its·</strong></span> 
     </span>
     <span class='ocr_line' id='line_1_8' title="bbox 282 935 1712 1009; baseline 0 -18"><span class='ocrx_word' id='word_1_86' title='bbox 282 935 373 1006; x_wconf 83' lang='lat' dir='ltr'><strong>bebai,</strong></span> <span class='ocrx_word' id='word_1_87' title='bbox 392 938 509 994; x_wconf 89' lang='lat' dir='ltr'><strong>diuortio</strong></span> <span class='ocrx_word' id='word_1_88' title='bbox 527 938 600 994; x_wconf 84' lang='lat' dir='ltr'><strong>lacto</strong></span> <span class='ocrx_word' id='word_1_89' title='bbox 618 940 736 996; x_wconf 89' lang='lat' dir='ltr'><strong>ducenta</strong></span> <span class='ocrx_word' id='word_1_90' title='bbox 754 957 771 995; x_wconf 89' lang='lat' dir='ltr'><strong>a</strong></span> <span class='ocrx_word' id='word_1_91' title='bbox 788 942 848 996; x_wconf 89' lang='lat' dir='ltr'><strong>niro</strong></span> <span class='ocrx_word' id='word_1_92' title='bbox 861 945 968 996; x_wconf 86' lang='lat' dir='ltr'><strong>errante</strong></span> <span class='ocrx_word' id='word_1_93' title='bbox 980 940 1111 1009; x_wconf 86' lang='lat' dir='ltr'><strong>stipulata</strong></span> <span class='ocrx_word' id='word_1_94' title='bbox 1123 945 1189 993; x_wconf 86' lang='lat' dir='ltr'><strong>erat.</strong></span> <span class='ocrx_word' id='word_1_95' title='bbox 1221 938 1314 994; x_wconf 82' lang='lat' dir='ltr'><strong>Labeo</strong></span> <span class='ocrx_word' id='word_1_96' title='bbox 1326 942 1414 1009; x_wconf 82' lang='lat' dir='ltr'><strong>putat,</strong></span> <span class='ocrx_word' id='word_1_97' title='bbox 1433 941 1538 1008; x_wconf 76' lang='lat' dir='ltr'><strong>quauta</strong></span> <span class='ocrx_word' id='word_1_98' title='bbox 1549 937 1600 992; x_wconf 89' lang='lat' dir='ltr'><strong>dos</strong></span> <span class='ocrx_word' id='word_1_99' title='bbox 1611 936 1712 1006; x_wconf 84' lang='lat' dir='ltr'><strong>luisset,</strong></span> 
     </span>
     <span class='ocr_line' id='line_1_9' title="bbox 282 1027 1713 1099; baseline 0.001 -18"><span class='ocrx_word' id='word_1_100' title='bbox 282 1031 386 1082; x_wconf 68' lang='lat' dir='ltr'><strong>tanum</strong></span> <span class='ocrx_word' id='word_1_101' title='bbox 405 1027 514 1097; x_wconf 86' lang='lat' dir='ltr'><strong>deberi,</strong></span> <span class='ocrx_word' id='word_1_102' title='bbox 539 1030 598 1084; x_wconf 87' lang='lat' dir='ltr'><strong>siue</strong></span> <span class='ocrx_word' id='word_1_103' title='bbox 616 1029 736 1099; x_wconf 88' lang='lat' dir='ltr'><strong>prudeus</strong></span> <span class='ocrx_word' id='word_1_104' title='bbox 755 1030 852 1084; x_wconf 90' lang='lat' dir='ltr'><strong>mulier</strong></span> <span class='ocrx_word' id='word_1_105' title='bbox 869 1031 931 1099; x_wconf 85' lang='lat' dir='ltr'><strong>plus</strong></span> <span class='ocrx_word' id='word_1_106' title='bbox 949 1035 1023 1084; x_wconf 89' lang='lat' dir='ltr'><strong>esset</strong></span> <span class='ocrx_word' id='word_1_107' title='bbox 1040 1029 1171 1099; x_wconf 76' lang='lat' dir='ltr'><strong>stipulata</strong></span> <span class='ocrx_word' id='word_1_108' title='bbox 1188 1029 1247 1083; x_wconf 86' lang='lat' dir='ltr'><strong>siue</strong></span> <span class='ocrx_word' id='word_1_109' title='bbox 1266 1027 1437 1098; x_wconf 79' lang='lat' dir='ltr'><strong>Imprudens:</strong></span> <span class='ocrx_word' id='word_1_110' title='bbox 1455 1027 1594 1082; x_wconf 82' lang='lat' dir='ltr'><strong>Labeonis</strong></span> <span class='ocrx_word' id='word_1_111' title='bbox 1611 1031 1713 1082; x_wconf 87' lang='lat' dir='ltr'><strong>seuten-</strong></span> 
     </span>
    </p>

    <p class='ocr_par' dir='ltr' id='par_1_5' title="bbox 248 1115 1754 1545">
     <span class='ocr_line' id='line_1_10' title="bbox 248 1115 1713 1190; baseline 0.003 -22"><span class='ocrx_word' id='word_1_112' title='bbox 248 1116 348 1170; x_wconf 83' lang='lat' dir='ltr'><strong>ttIam</strong></span> <span class='ocrx_word' id='word_1_113' title='bbox 366 1115 461 1186; x_wconf 90' lang='lat' dir='ltr'><strong>probo.</strong></span> <span class='ocrx_word' id='word_1_114' title='bbox 500 1118 574 1173; x_wconf 86' lang='lat' dir='ltr'><strong>Uxor</strong></span> <span class='ocrx_word' id='word_1_115' title='bbox 596 1119 713 1173; x_wconf 89' lang='lat' dir='ltr'><strong>diuortio</strong></span> <span class='ocrx_word' id='word_1_116' title='bbox 732 1117 805 1173; x_wconf 83' lang='lat' dir='ltr'><strong>sacto</strong></span> <span class='ocrx_word' id='word_1_117' title='bbox 823 1125 930 1190; x_wconf 85' lang='lat' dir='ltr'><strong>purtem</strong></span> <span class='ocrx_word' id='word_1_118' title='bbox 949 1119 1021 1174; x_wconf 88' lang='lat' dir='ltr'><strong>dotis</strong></span> <span class='ocrx_word' id='word_1_119' title='bbox 1045 1121 1198 1188; x_wconf 78' lang='lat' dir='ltr'><strong>receperat,</strong></span> <span class='ocrx_word' id='word_1_120' title='bbox 1223 1123 1329 1188; x_wconf 85' lang='lat' dir='ltr'><strong>partem</strong></span> <span class='ocrx_word' id='word_1_121' title='bbox 1354 1117 1429 1188; x_wconf 89' lang='lat' dir='ltr'><strong>apud</strong></span> <span class='ocrx_word' id='word_1_122' title='bbox 1449 1117 1540 1172; x_wconf 88' lang='lat' dir='ltr'><strong>uirum</strong></span> <span class='ocrx_word' id='word_1_123' title='bbox 1563 1117 1713 1186; x_wconf 81' lang='lat' dir='ltr'><strong>reliquerat,</strong></span> 
     </span>
     <span class='ocr_line' id='line_1_11' title="bbox 282 1203 1754 1278; baseline 0.001 -19"><span class='ocrx_word' id='word_1_124' title='bbox 282 1204 380 1260; x_wconf 87' lang='lat' dir='ltr'><strong>delude</strong></span> <span class='ocrx_word' id='word_1_125' title='bbox 399 1207 444 1260; x_wconf 88' lang='lat' dir='ltr'><strong>alii</strong></span> <span class='ocrx_word' id='word_1_126' title='bbox 463 1211 593 1275; x_wconf 84' lang='lat' dir='ltr'><strong>nupserat</strong></span> <span class='ocrx_word' id='word_1_127' title='bbox 610 1212 638 1260; x_wconf 90' lang='lat' dir='ltr'><strong>et</strong></span> <span class='ocrx_word' id='word_1_128' title='bbox 656 1207 753 1261; x_wconf 89' lang='lat' dir='ltr'><strong>iterum</strong></span> <span class='ocrx_word' id='word_1_129' title='bbox 773 1208 859 1263; x_wconf 89' lang='lat' dir='ltr'><strong>uidua</strong></span> <span class='ocrx_word' id='word_1_130' title='bbox 875 1207 948 1263; x_wconf 85' lang='lat' dir='ltr'><strong>lacta</strong></span> <span class='ocrx_word' id='word_1_131' title='bbox 966 1208 1002 1262; x_wconf 90' lang='lat' dir='ltr'><strong>ad</strong></span> <span class='ocrx_word' id='word_1_132' title='bbox 1019 1207 1137 1278; x_wconf 87' lang='lat' dir='ltr'><strong>priorem</strong></span> <span class='ocrx_word' id='word_1_133' title='bbox 1156 1208 1244 1261; x_wconf 89' lang='lat' dir='ltr'><strong>uirum</strong></span> <span class='ocrx_word' id='word_1_134' title='bbox 1263 1203 1395 1276; x_wconf 78' lang='lat' dir='ltr'><strong>redierat,</strong></span> <span class='ocrx_word' id='word_1_135' title='bbox 1414 1207 1459 1262; x_wconf 91' lang='lat' dir='ltr'><strong>cui</strong></span> <span class='ocrx_word' id='word_1_136' title='bbox 1477 1212 1588 1262; x_wconf 88' lang='lat' dir='ltr'><strong>eentum</strong></span> <span class='ocrx_word' id='word_1_137' title='bbox 1607 1206 1754 1261; x_wconf 80' lang='lat' dir='ltr'><strong>deoem¹1t</strong></span> 
     </span>
     <span class='ocr_line' id='line_1_12' title="bbox 282 1290 1714 1366; baseline 0.001 -19"><span class='ocrx_word' id='word_1_138' title='bbox 282 1293 341 1348; x_wconf 91' lang='lat' dir='ltr'><strong>doti</strong></span> <span class='ocrx_word' id='word_1_139' title='bbox 358 1294 472 1349; x_wconf 88' lang='lat' dir='ltr'><strong>dederat</strong></span> <span class='ocrx_word' id='word_1_140' title='bbox 489 1307 577 1365; x_wconf 88' lang='lat' dir='ltr'><strong>neque</strong></span> <span class='ocrx_word' id='word_1_141' title='bbox 600 1296 659 1350; x_wconf 87' lang='lat' dir='ltr'><strong>eius</strong></span> <span class='ocrx_word' id='word_1_142' title='bbox 682 1293 827 1366; x_wconf 78' lang='lat' dir='ltr'><strong>pecuniae,</strong></span> <span class='ocrx_word' id='word_1_143' title='bbox 852 1312 923 1366; x_wconf 86' lang='lat' dir='ltr'><strong>quae</strong></span> <span class='ocrx_word' id='word_1_144' title='bbox 945 1297 1051 1366; x_wconf 82' lang='lat' dir='ltr'><strong>reliqua</strong></span> <span class='ocrx_word' id='word_1_145' title='bbox 1072 1311 1107 1350; x_wconf 86' lang='lat' dir='ltr'><strong>ex</strong></span> <span class='ocrx_word' id='word_1_146' title='bbox 1131 1296 1220 1366; x_wconf 79' lang='lat' dir='ltr'><strong>priore</strong></span> <span class='ocrx_word' id='word_1_147' title='bbox 1243 1295 1307 1350; x_wconf 90' lang='lat' dir='ltr'><strong>dote</strong></span> <span class='ocrx_word' id='word_1_148' title='bbox 1325 1290 1397 1366; x_wconf 79' lang='lat' dir='ltr'><strong>erat,</strong></span> <span class='ocrx_word' id='word_1_149' title='bbox 1422 1295 1590 1350; x_wconf 87' lang='lat' dir='ltr'><strong>mentionem</strong></span> <span class='ocrx_word' id='word_1_150' title='bbox 1608 1293 1714 1350; x_wconf 79' lang='lat' dir='ltr'><strong>iecerat</strong></span> 
     </span>
     <span class='ocr_line' id='line_1_13' title="bbox 282 1377 1716 1455; baseline 0.001 -18"><span class='ocrx_word' id='word_1_151' title='bbox 282 1383 400 1438; x_wconf 90' lang='lat' dir='ltr'><strong>diuortio</strong></span> <span class='ocrx_word' id='word_1_152' title='bbox 418 1382 491 1439; x_wconf 86' lang='lat' dir='ltr'><strong>facto</strong></span> <span class='ocrx_word' id='word_1_153' title='bbox 508 1386 640 1454; x_wconf 90' lang='lat' dir='ltr'><strong>reliquum</strong></span> <span class='ocrx_word' id='word_1_154' title='bbox 660 1400 694 1440; x_wconf 88' lang='lat' dir='ltr'><strong>ex</strong></span> <span class='ocrx_word' id='word_1_155' title='bbox 711 1386 802 1455; x_wconf 90' lang='lat' dir='ltr'><strong>priore</strong></span> <span class='ocrx_word' id='word_1_156' title='bbox 820 1386 885 1440; x_wconf 89' lang='lat' dir='ltr'><strong>dote</strong></span> <span class='ocrx_word' id='word_1_157' title='bbox 904 1386 1001 1442; x_wconf 86' lang='lat' dir='ltr'><strong>iisdem</strong></span> <span class='ocrx_word' id='word_1_158' title='bbox 1020 1384 1117 1440; x_wconf 90' lang='lat' dir='ltr'><strong>dicbus</strong></span> <span class='ocrx_word' id='word_1_159' title='bbox 1135 1386 1224 1440; x_wconf 88' lang='lat' dir='ltr'><strong>uirum</strong></span> <span class='ocrx_word' id='word_1_160' title='bbox 1241 1377 1411 1439; x_wconf 86' lang='lat' dir='ltr'><strong>redditurum</strong></span> <span class='ocrx_word' id='word_1_161' title='bbox 1430 1386 1470 1440; x_wconf 91' lang='lat' dir='ltr'><strong>ait</strong></span> <span class='ocrx_word' id='word_1_162' title='bbox 1486 1384 1596 1454; x_wconf 87' lang='lat' dir='ltr'><strong>Labeo,</strong></span> <span class='ocrx_word' id='word_1_163' title='bbox 1621 1383 1716 1454; x_wconf 88' lang='lat' dir='ltr'><strong>quibus</strong></span> 
     </span>
     <span class='ocr_line' id='line_1_14' title="bbox 282 1472 1717 1545; baseline 0.001 -19"><span class='ocrx_word' id='word_1_164' title='bbox 282 1472 454 1542; x_wconf 81' lang='lat' dir='ltr'><strong>reddidisset,</strong></span> <span class='ocrx_word' id='word_1_165' title='bbox 473 1474 496 1528; x_wconf 91' lang='lat' dir='ltr'><strong>si</strong></span> <span class='ocrx_word' id='word_1_166' title='bbox 515 1474 639 1544; x_wconf 88' lang='lat' dir='ltr'><strong>superius</strong></span> <span class='ocrx_word' id='word_1_167' title='bbox 659 1474 805 1530; x_wconf 90' lang='lat' dir='ltr'><strong>diuortium</strong></span> <span class='ocrx_word' id='word_1_168' title='bbox 824 1475 895 1529; x_wconf 91' lang='lat' dir='ltr'><strong>inter</strong></span> <span class='ocrx_word' id='word_1_169' title='bbox 913 1481 961 1529; x_wconf 87' lang='lat' dir='ltr'><strong>eos</strong></span> <span class='ocrx_word' id='word_1_170' title='bbox 979 1472 1082 1529; x_wconf 86' lang='lat' dir='ltr'><strong>Iactum</strong></span> <span class='ocrx_word' id='word_1_171' title='bbox 1101 1489 1155 1529; x_wconf 90' lang='lat' dir='ltr'><strong>uon</strong></span> <span class='ocrx_word' id='word_1_172' title='bbox 1173 1478 1261 1543; x_wconf 89' lang='lat' dir='ltr'><strong>esset,</strong></span> <span class='ocrx_word' id='word_1_173' title='bbox 1279 1476 1408 1544; x_wconf 88' lang='lat' dir='ltr'><strong>quoniam</strong></span> <span class='ocrx_word' id='word_1_174' title='bbox 1426 1475 1526 1545; x_wconf 89' lang='lat' dir='ltr'><strong>prioris</strong></span> <span class='ocrx_word' id='word_1_175' title='bbox 1543 1474 1619 1528; x_wconf 90' lang='lat' dir='ltr'><strong>dotis</strong></span> <span class='ocrx_word' id='word_1_176' title='bbox 1637 1489 1717 1528; x_wconf 88' lang='lat' dir='ltr'><strong>causa</strong></span> 
     </span>
    </p>

    <p class='ocr_par' dir='ltr' id='par_1_6' title="bbox 249 1561 1758 1722">
     <span class='ocr_line' id='line_1_15' title="bbox 249 1561 1717 1633; baseline 0.002 -19"><span class='ocrx_word' id='word_1_177' title='bbox 249 1567 263 1612; x_wconf 82' lang='grc'><strong>6</strong></span> <span class='ocrx_word' id='word_1_178' title='bbox 281 1561 309 1615; x_wconf 93' lang='lat' dir='ltr'><strong>iu</strong></span> <span class='ocrx_word' id='word_1_179' title='bbox 328 1566 487 1631; x_wconf 87' lang='lat' dir='ltr'><strong>sequentem</strong></span> <span class='ocrx_word' id='word_1_180' title='bbox 506 1562 577 1617; x_wconf 87' lang='lat' dir='ltr'><strong>dotis</strong></span> <span class='ocrx_word' id='word_1_181' title='bbox 596 1562 790 1632; x_wconf 83' lang='lat' dir='ltr'><strong>obligationem</strong></span> <span class='ocrx_word' id='word_1_182' title='bbox 809 1569 884 1618; x_wconf 87' lang='lat' dir='ltr'><strong>esset</strong></span> <span class='ocrx_word' id='word_1_183' title='bbox 902 1564 1050 1618; x_wconf 63' lang='lat' dir='ltr'><strong>translatas</strong></span> <span class='ocrx_word' id='word_1_184' title='bbox 1066 1567 1095 1618; x_wconf 90' lang='lat' dir='ltr'><strong>et</strong></span> <span class='ocrx_word' id='word_1_185' title='bbox 1112 1563 1164 1619; x_wconf 86' lang='lat' dir='ltr'><strong>hoc</strong></span> <span class='ocrx_word' id='word_1_186' title='bbox 1182 1577 1277 1618; x_wconf 88' lang='lat' dir='ltr'><strong>uerum</strong></span> <span class='ocrx_word' id='word_1_187' title='bbox 1296 1567 1372 1633; x_wconf 78' lang='lat' dir='ltr'><strong>puto.</strong></span> <span class='ocrx_word' id='word_1_188' title='bbox 1409 1561 1439 1619; x_wconf 87' lang='lat' dir='ltr'><strong>SI</strong></span> <span class='ocrx_word' id='word_1_189' title='bbox 1450 1564 1494 1618; x_wconf 91' lang='lat' dir='ltr'><strong>uir</strong></span> <span class='ocrx_word' id='word_1_190' title='bbox 1506 1563 1717 1619; x_wconf 85' lang='lat' dir='ltr'><strong>socereiuiussu</strong></span> 
     </span>
     <span class='ocr_line' id='line_1_16' title="bbox 282 1651 1758 1722; baseline 0.002 -18"><span class='ocrx_word' id='word_1_191' title='bbox 282 1651 374 1706; x_wconf 88' lang='lat' dir='ltr'><strong>uxoris</strong></span> <span class='ocrx_word' id='word_1_192' title='bbox 393 1657 520 1706; x_wconf 88' lang='lat' dir='ltr'><strong>manente</strong></span> <span class='ocrx_word' id='word_1_193' title='bbox 539 1651 711 1708; x_wconf 79' lang='lat' dir='ltr'><strong>matrimonio</strong></span> <span class='ocrx_word' id='word_1_194' title='bbox 730 1653 822 1708; x_wconf 90' lang='lat' dir='ltr'><strong>dotem</strong></span> <span class='ocrx_word' id='word_1_195' title='bbox 842 1658 982 1722; x_wconf 82' lang='lat' dir='ltr'><strong>acceptam</strong></span> <span class='ocrx_word' id='word_1_196' title='bbox 1001 1651 1126 1722; x_wconf 86' lang='lat' dir='ltr'><strong>lecisset,</strong></span> <span class='ocrx_word' id='word_1_197' title='bbox 1149 1653 1257 1708; x_wconf 79' lang='lat' dir='ltr'><strong>etiamsi</strong></span> <span class='ocrx_word' id='word_1_198' title='bbox 1278 1652 1308 1707; x_wconf 90' lang='lat' dir='ltr'><strong>id</strong></span> <span class='ocrx_word' id='word_1_199' title='bbox 1330 1657 1441 1722; x_wconf 89' lang='lat' dir='ltr'><strong>propter</strong></span> <span class='ocrx_word' id='word_1_200' title='bbox 1459 1657 1616 1722; x_wconf 84' lang='lat' dir='ltr'><strong>egestatem</strong></span> <span class='ocrx_word' id='word_1_201' title='bbox 1635 1652 1717 1707; x_wconf 86' lang='lat' dir='ltr'><strong>soceri</strong></span> <span class='ocrx_word' id='word_1_202' title='bbox 1735 1661 1758 1700; x_wconf 75' lang='lat'><strong>1⁶</strong></span> 
     </span>
    </p>

    <p class='ocr_par' dir='ltr' id='par_1_7' title="bbox 248 1737 1760 2168">
     <span class='ocr_line' id='line_1_17' title="bbox 248 1737 1718 1811; baseline 0.003 -21"><span class='ocrx_word' id='word_1_203' title='bbox 248 1737 383 1795; x_wconf 76' lang='lat' dir='ltr'><strong>titutum</strong></span> <span class='ocrx_word' id='word_1_204' title='bbox 402 1746 489 1809; x_wconf 83' lang='lat' dir='ltr'><strong>esset,</strong></span> <span class='ocrx_word' id='word_1_205' title='bbox 514 1741 565 1796; x_wconf 89' lang='lat' dir='ltr'><strong>uiri</strong></span> <span class='ocrx_word' id='word_1_206' title='bbox 589 1745 681 1796; x_wconf 90' lang='lat' dir='ltr'><strong>tamen</strong></span> <span class='ocrx_word' id='word_1_207' title='bbox 703 1742 853 1811; x_wconf 87' lang='lat' dir='ltr'><strong>periculum</strong></span> <span class='ocrx_word' id='word_1_208' title='bbox 875 1739 998 1796; x_wconf 85' lang='lat' dir='ltr'><strong>futurum</strong></span> <span class='ocrx_word' id='word_1_209' title='bbox 1022 1741 1062 1796; x_wconf 89' lang='lat' dir='ltr'><strong>alt</strong></span> <span class='ocrx_word' id='word_1_210' title='bbox 1079 1740 1186 1811; x_wconf 90' lang='lat' dir='ltr'><strong>Labeo,</strong></span> <span class='ocrx_word' id='word_1_211' title='bbox 1211 1746 1239 1796; x_wconf 89' lang='lat' dir='ltr'><strong>et</strong></span> <span class='ocrx_word' id='word_1_212' title='bbox 1261 1741 1312 1798; x_wconf 88' lang='lat' dir='ltr'><strong>hoc</strong></span> <span class='ocrx_word' id='word_1_213' title='bbox 1336 1755 1434 1795; x_wconf 87' lang='lat' dir='ltr'><strong>uerum</strong></span> <span class='ocrx_word' id='word_1_214' title='bbox 1452 1745 1505 1796; x_wconf 88' lang='lat' dir='ltr'><strong>eat.</strong></span> <span class='ocrx_word' id='word_1_215' title='bbox 1542 1741 1572 1796; x_wconf 89' lang='lat' dir='ltr'><strong>Si</strong></span> <span class='ocrx_word' id='word_1_216' title='bbox 1591 1741 1655 1811; x_wconf 88' lang='lat' dir='ltr'><strong>quis</strong></span> <span class='ocrx_word' id='word_1_217' title='bbox 1671 1755 1718 1811; x_wconf 91' lang='lat' dir='ltr'><strong>pro</strong></span> 
     </span>
     <span class='ocr_line' id='line_1_18' title="bbox 281 1818 1720 1900; baseline 0.001 -18"><span class='ocrx_word' id='word_1_218' title='bbox 281 1830 392 1885; x_wconf 91' lang='lat' dir='ltr'><strong>muliere</strong></span> <span class='ocrx_word' id='word_1_219' title='bbox 410 1829 502 1885; x_wconf 88' lang='lat' dir='ltr'><strong>dotem</strong></span> <span class='ocrx_word' id='word_1_220' title='bbox 521 1830 581 1886; x_wconf 92' lang='lat' dir='ltr'><strong>uiro</strong></span> <span class='ocrx_word' id='word_1_221' title='bbox 599 1831 732 1900; x_wconf 89' lang='lat' dir='ltr'><strong>promisit,</strong></span> <span class='ocrx_word' id='word_1_222' title='bbox 751 1830 849 1885; x_wconf 90' lang='lat' dir='ltr'><strong>deiude</strong></span> <span class='ocrx_word' id='word_1_223' title='bbox 867 1829 968 1884; x_wconf 88' lang='lat' dir='ltr'><strong>herede</strong></span> <span class='ocrx_word' id='word_1_224' title='bbox 987 1830 1099 1885; x_wconf 87' lang='lat' dir='ltr'><strong>muliere</strong></span> <span class='ocrx_word' id='word_1_225' title='bbox 1107 1818 1217 1886; x_wconf 83' lang='lat' dir='ltr'><strong>&#39;relicta&#39;</strong></span> <span class='ocrx_word' id='word_1_226' title='bbox 1225 1830 1382 1900; x_wconf 88' lang='lat' dir='ltr'><strong>decesserit,</strong></span> <span class='ocrx_word' id='word_1_227' title='bbox 1400 1845 1509 1899; x_wconf 82' lang='lat' dir='ltr'><strong>quaer</strong></span> <span class='ocrx_word' id='word_1_228' title='bbox 1527 1835 1608 1900; x_wconf 85' lang='lat' dir='ltr'><strong>parte</strong></span> <span class='ocrx_word' id='word_1_229' title='bbox 1627 1829 1720 1884; x_wconf 85' lang='lat' dir='ltr'><strong>mulier</strong></span> 
     </span>
     <span class='ocr_line' id='line_1_19' title="bbox 281 1911 1720 1990; baseline 0 -18"><span class='ocrx_word' id='word_1_230' title='bbox 281 1918 306 1972; x_wconf 91' lang='lat' dir='ltr'><strong>ei</strong></span> <span class='ocrx_word' id='word_1_231' title='bbox 324 1915 504 1988; x_wconf 86' lang='lat' dir='ltr'><strong>heres&#39;esset,</strong></span> <span class='ocrx_word' id='word_1_232' title='bbox 523 1934 572 1987; x_wconf 91' lang='lat' dir='ltr'><strong>pre</strong></span> <span class='ocrx_word' id='word_1_233' title='bbox 591 1934 625 1974; x_wconf 86' lang='lat' dir='ltr'><strong>ea</strong></span> <span class='ocrx_word' id='word_1_234' title='bbox 642 1925 720 1990; x_wconf 85' lang='lat' dir='ltr'><strong>parte</strong></span> <span class='ocrx_word' id='word_1_235' title='bbox 739 1919 811 1974; x_wconf 89' lang='lat' dir='ltr'><strong>dotis</strong></span> <span class='ocrx_word' id='word_1_236' title='bbox 828 1920 993 1989; x_wconf 88' lang='lat' dir='ltr'><strong>pericnlum,</strong></span> <span class='ocrx_word' id='word_1_237' title='bbox 1017 1919 1091 1989; x_wconf 93' lang='lat' dir='ltr'><strong>quod</strong></span> <span class='ocrx_word' id='word_1_238' title='bbox 1110 1919 1162 1974; x_wconf 78' lang='lat' dir='ltr'><strong>uiti</strong></span> <span class='ocrx_word' id='word_1_239' title='bbox 1179 1911 1290 1989; x_wconf 74' lang='lat' dir='ltr'><strong>diisset,</strong></span> <span class='ocrx_word' id='word_1_240' title='bbox 1313 1919 1349 1973; x_wconf 87' lang='lat' dir='ltr'><strong>ad</strong></span> <span class='ocrx_word' id='word_1_241' title='bbox 1366 1920 1507 1974; x_wconf 87' lang='lat' dir='ltr'><strong>mulierem</strong></span> <span class='ocrx_word' id='word_1_242' title='bbox 1526 1919 1667 1989; x_wconf 86' lang='lat' dir='ltr'><strong>pertinere</strong></span> <span class='ocrx_word' id='word_1_243' title='bbox 1684 1919 1720 1972; x_wconf 77' lang='lat' dir='ltr'><strong>aii</strong></span> 
     </span>
     <span class='ocr_line' id='line_1_20' title="bbox 280 1998 1720 2079; baseline 0 -18"><span class='ocrx_word' id='word_1_244' title='bbox 280 2005 382 2076; x_wconf 89' lang='lat' dir='ltr'><strong>Labeo,</strong></span> <span class='ocrx_word' id='word_1_245' title='bbox 400 2007 465 2076; x_wconf 87' lang='lat' dir='ltr'><strong>quia</strong></span> <span class='ocrx_word' id='word_1_246' title='bbox 483 2023 534 2062; x_wconf 88' lang='lat' dir='ltr'><strong>neo</strong></span> <span class='ocrx_word' id='word_1_247' title='bbox 553 2009 649 2063; x_wconf 85' lang='lat' dir='ltr'><strong>meliu&#39;s</strong></span> <span class='ocrx_word' id='word_1_248' title='bbox 667 2007 780 2078; x_wconf 85' lang='lat' dir='ltr'><strong>aequius</strong></span> <span class='ocrx_word' id='word_1_249' title='bbox 799 2012 886 2077; x_wconf 88' lang='lat' dir='ltr'><strong>esset,</strong></span> <span class='ocrx_word' id='word_1_250' title='bbox 905 2008 979 2078; x_wconf 91' lang='lat' dir='ltr'><strong>quod</strong></span> <span class='ocrx_word' id='word_1_251' title='bbox 998 1998 1108 2078; x_wconf 74' lang='lat' dir='ltr'><strong>erigere</strong></span> <span class='ocrx_word' id='word_1_252' title='bbox 1128 2006 1169 2063; x_wconf 84' lang='lat' dir='ltr'><strong>uIr</strong></span> <span class='ocrx_word' id='word_1_253' title='bbox 1187 2007 1222 2063; x_wconf 91' lang='lat' dir='ltr'><strong>ab</strong></span> <span class='ocrx_word' id='word_1_254' title='bbox 1239 2021 1326 2064; x_wconf 83' lang='lat' dir='ltr'><strong>uxore</strong></span> <span class='ocrx_word' id='word_1_255' title='bbox 1343 2024 1399 2064; x_wconf 89' lang='lat' dir='ltr'><strong>uon</strong></span> <span class='ocrx_word' id='word_1_256' title='bbox 1416 2009 1566 2079; x_wconf 87' lang='lat' dir='ltr'><strong>potuisset,</strong></span> <span class='ocrx_word' id='word_1_257' title='bbox 1584 2006 1625 2063; x_wconf 90' lang='lat' dir='ltr'><strong>ob</strong></span> <span class='ocrx_word' id='word_1_258' title='bbox 1643 2007 1720 2062; x_wconf 81' lang='lat' dir='ltr'><strong>ider</strong></span> 
     </span>
     <span class='ocr_line' id='line_1_21' title="bbox 281 2085 1760 2168; baseline -0.001 -19"><span class='ocrx_word' id='word_1_259' title='bbox 281 2095 444 2150; x_wconf 89' lang='lat' dir='ltr'><strong>detrimento</strong></span> <span class='ocrx_word' id='word_1_260' title='bbox 463 2096 514 2150; x_wconf 89' lang='lat' dir='ltr'><strong>uiri</strong></span> <span class='ocrx_word' id='word_1_261' title='bbox 532 2097 672 2152; x_wconf 90' lang='lat' dir='ltr'><strong>mulierem</strong></span> <span class='ocrx_word' id='word_1_262' title='bbox 691 2098 865 2167; x_wconf 87' lang='lat' dir='ltr'><strong>locupletari:</strong></span> <span class='ocrx_word' id='word_1_263' title='bbox 885 2101 913 2152; x_wconf 91' lang='lat' dir='ltr'><strong>et</strong></span> <span class='ocrx_word' id='word_1_264' title='bbox 930 2096 983 2152; x_wconf 92' lang='lat' dir='ltr'><strong>hoc</strong></span> <span class='ocrx_word' id='word_1_265' title='bbox 1000 2113 1096 2152; x_wconf 89' lang='lat' dir='ltr'><strong>uerum</strong></span> <span class='ocrx_word' id='word_1_266' title='bbox 1114 2101 1190 2168; x_wconf 90' lang='lat' dir='ltr'><strong>puto.</strong></span> <span class='ocrx_word' id='word_1_267' title='bbox 1342 2085 1347 2090; x_wconf 73' lang='grc'><strong>’</strong></span> <span class='ocrx_word' id='word_1_268' title='bbox 1736 2109 1760 2148; x_wconf 85' lang='grc' dir='ltr'><strong>ιο</strong></span> 
     </span>
    </p>

    <p class='ocr_par' dir='ltr' id='par_1_8' title="bbox 224 2179 1770 2523">
     <span class='ocr_line' id='line_1_22' title="bbox 224 2179 1770 2270; baseline 0.001 -30"><span class='ocrx_word' id='word_1_269' title='bbox 224 2181 262 2240; x_wconf 81' lang='grc'><strong>67</strong></span> <span class='ocrx_word' id='word_1_270' title='bbox 334 2185 506 2241; x_wconf 77' lang='lat' dir='ltr'><strong>Pomorum</strong></span> <span class='ocrx_word' id='word_1_271' title='bbox 524 2183 593 2241; x_wconf 90' lang='lat' dir='ltr'><strong>libro</strong></span> <span class='ocrx_word' id='word_1_272' title='bbox 611 2187 743 2242; x_wconf 88' lang='lat' dir='ltr'><strong>uicesimo</strong></span> <span class='ocrx_word' id='word_1_273' title='bbox 761 2187 947 2256; x_wconf 83' lang='lat' dir='ltr'><strong>epistularum.</strong></span> <span class='ocrx_word' id='word_1_274' title='bbox 983 2186 1015 2241; x_wconf 91' lang='lat' dir='ltr'><strong>In</strong></span> <span class='ocrx_word' id='word_1_275' title='bbox 1038 2191 1151 2257; x_wconf 88' lang='lat' dir='ltr'><strong>partem</strong></span> <span class='ocrx_word' id='word_1_276' title='bbox 1169 2187 1242 2242; x_wconf 86' lang='lat' dir='ltr'><strong>dotis</strong></span> <span class='ocrx_word' id='word_1_277' title='bbox 1259 2186 1416 2242; x_wconf 89' lang='lat' dir='ltr'><strong>reddendae</strong></span> <span class='ocrx_word' id='word_1_278' title='bbox 1435 2186 1488 2242; x_wconf 90' lang='lat' dir='ltr'><strong>erit</strong></span> <span class='ocrx_word' id='word_1_279' title='bbox 1504 2185 1542 2257; x_wconf 91' lang='lat' dir='ltr'><strong>id,</strong></span> <span class='ocrx_word' id='word_1_280' title='bbox 1562 2179 1721 2270; x_wconf 55' lang='lat' dir='ltr'><strong>[effla</strong></span> <span class='ocrx_word' id='word_1_281' title='bbox 1737 2193 1770 2247; x_wconf 80' lang='grc' dir='ltr'><strong>Δ·</strong></span> 
     </span>
     <span class='ocr_line' id='line_1_23' title="bbox 282 2273 1720 2346; baseline 0.001 -19"><span class='ocrx_word' id='word_1_282' title='bbox 282 2273 356 2344; x_wconf 91' lang='lat' dir='ltr'><strong>qnod</strong></span> <span class='ocrx_word' id='word_1_283' title='bbox 374 2274 479 2328; x_wconf 89' lang='lat' dir='ltr'><strong>mulieri</strong></span> <span class='ocrx_word' id='word_1_284' title='bbox 497 2289 532 2328; x_wconf 86' lang='lat' dir='ltr'><strong>ex</strong></span> <span class='ocrx_word' id='word_1_285' title='bbox 549 2275 657 2344; x_wconf 88' lang='lat' dir='ltr'><strong>peculio</strong></span> <span class='ocrx_word' id='word_1_286' title='bbox 675 2276 748 2330; x_wconf 88' lang='lat' dir='ltr'><strong>serui</strong></span> <span class='ocrx_word' id='word_1_287' title='bbox 765 2276 872 2332; x_wconf 84' lang='lat' dir='ltr'><strong>restItui</strong></span> <span class='ocrx_word' id='word_1_288' title='bbox 890 2274 1014 2330; x_wconf 91' lang='lat' dir='ltr'><strong>debebit:</strong></span> <span class='ocrx_word' id='word_1_289' title='bbox 1039 2282 1067 2330; x_wconf 91' lang='lat' dir='ltr'><strong>et</strong></span> <span class='ocrx_word' id='word_1_290' title='bbox 1090 2276 1153 2332; x_wconf 90' lang='lat' dir='ltr'><strong>ideo</strong></span> <span class='ocrx_word' id='word_1_291' title='bbox 1178 2281 1206 2332; x_wconf 91' lang='lat' dir='ltr'><strong>et</strong></span> <span class='ocrx_word' id='word_1_292' title='bbox 1226 2276 1318 2331; x_wconf 89' lang='lat' dir='ltr'><strong>dolum</strong></span> <span class='ocrx_word' id='word_1_293' title='bbox 1336 2279 1365 2332; x_wconf 90' lang='lat' dir='ltr'><strong>et</strong></span> <span class='ocrx_word' id='word_1_294' title='bbox 1383 2277 1493 2346; x_wconf 90' lang='lat' dir='ltr'><strong>culpam</strong></span> <span class='ocrx_word' id='word_1_295' title='bbox 1512 2276 1540 2330; x_wconf 93' lang='lat' dir='ltr'><strong>in</strong></span> <span class='ocrx_word' id='word_1_296' title='bbox 1559 2289 1593 2330; x_wconf 91' lang='lat' dir='ltr'><strong>eo</strong></span> <span class='ocrx_word' id='word_1_297' title='bbox 1612 2275 1720 2346; x_wconf 85' lang='lat' dir='ltr'><strong>peculio</strong></span> 
     </span>
     <span class='ocr_line' id='line_1_24' title="bbox 281 2361 1723 2436; baseline 0 -19"><span class='ocrx_word' id='word_1_298' title='bbox 281 2363 327 2417; x_wconf 92' lang='lat' dir='ltr'><strong>uel</strong></span> <span class='ocrx_word' id='word_1_299' title='bbox 345 2362 513 2432; x_wconf 87' lang='lat' dir='ltr'><strong>adquirendo</strong></span> <span class='ocrx_word' id='word_1_300' title='bbox 531 2365 576 2418; x_wconf 90' lang='lat' dir='ltr'><strong>uel</strong></span> <span class='ocrx_word' id='word_1_301' title='bbox 594 2364 783 2420; x_wconf 86' lang='lat' dir='ltr'><strong>conseruando</strong></span> <span class='ocrx_word' id='word_1_302' title='bbox 801 2365 915 2420; x_wconf 79' lang='lat' dir='ltr'><strong>marltuu</strong></span> <span class='ocrx_word' id='word_1_303' title='bbox 933 2368 1074 2434; x_wconf 84' lang='lat' dir='ltr'><strong>praestare</strong></span> <span class='ocrx_word' id='word_1_304' title='bbox 1092 2365 1175 2421; x_wconf 91' lang='lat' dir='ltr'><strong>debet</strong></span> <span class='ocrx_word' id='word_1_305' title='bbox 1192 2371 1221 2421; x_wconf 90' lang='lat' dir='ltr'><strong>et</strong></span> <span class='ocrx_word' id='word_1_306' title='bbox 1231 2363 1337 2420; x_wconf 84' lang='lat' dir='ltr'><strong>fructus</strong></span> <span class='ocrx_word' id='word_1_307' title='bbox 1352 2379 1387 2420; x_wconf 85' lang='lat' dir='ltr'><strong>ex</strong></span> <span class='ocrx_word' id='word_1_308' title='bbox 1400 2380 1433 2421; x_wconf 94' lang='lat' dir='ltr'><strong>eo</strong></span> <span class='ocrx_word' id='word_1_309' title='bbox 1445 2363 1571 2436; x_wconf 88' lang='lat' dir='ltr'><strong>percepti</strong></span> <span class='ocrx_word' id='word_1_310' title='bbox 1583 2361 1723 2434; x_wconf 87' lang='lat' dir='ltr'><strong>quomodo</strong></span> 
     </span>
     <span class='ocr_line' id='line_1_25' title="bbox 283 2450 1006 2523; baseline 0.003 -17"><span class='ocrx_word' id='word_1_311' title='bbox 283 2450 429 2508; x_wconf 87' lang='lat' dir='ltr'><strong>cuiuslibet</strong></span> <span class='ocrx_word' id='word_1_312' title='bbox 446 2451 486 2507; x_wconf 89' lang='lat' dir='ltr'><strong>rei</strong></span> <span class='ocrx_word' id='word_1_313' title='bbox 504 2452 603 2508; x_wconf 82' lang='lat' dir='ltr'><strong>dctaIIs</strong></span> <span class='ocrx_word' id='word_1_314' title='bbox 622 2453 658 2508; x_wconf 89' lang='lat' dir='ltr'><strong>ad</strong></span> <span class='ocrx_word' id='word_1_315' title='bbox 677 2454 804 2510; x_wconf 86' lang='lat' dir='ltr'><strong>marItum</strong></span> <span class='ocrx_word' id='word_1_316' title='bbox 822 2453 1006 2523; x_wconf 88' lang='lat' dir='ltr'><strong>pertinebunt.</strong></span> 
     </span>
    </p>
   </div>
   <div class='ocr_carea' id='block_1_3' title="bbox 284 2559 548 2779">
    <p class='ocr_par' dir='ltr' id='par_1_9' title="bbox 284 2559 548 2779">
     <span class='ocr_line' id='line_1_26' title="bbox 284 2559 424 2628; baseline 0.007 -16"><span class='ocrx_word' id='word_1_317' title='bbox 284 2559 424 2628; x_wconf 84' lang='lat' dir='ltr'><em>F(EITC)</em></span> 
     </span>
     <span class='ocr_line' id='line_1_27' title="bbox 285 2709 548 2779; baseline 0.008 -15"><span class='ocrx_word' id='word_1_318' title='bbox 285 2712 294 2746; x_wconf 87' lang='lat'>²</span> <span class='ocrx_word' id='word_1_319' title='bbox 313 2709 417 2779; x_wconf 89' lang='lat' dir='ltr'><strong>decem]</strong></span> <span class='ocrx_word' id='word_1_320' title='bbox 437 2709 548 2766; x_wconf 82' lang='lat' dir='ltr'><strong>denuo?</strong></span> 
     </span>
    </p>
   </div>
   <div class='ocr_carea' id='block_1_4' title="bbox 284 2859 1724 3086">
    <p class='ocr_par' dir='ltr' id='par_1_10' title="bbox 284 2859 1724 3086">
     <span class='ocr_line' id='line_1_28' title="bbox 284 2859 1724 2934; baseline -0.001 -18"><span class='ocrx_word' id='word_1_321' title='bbox 284 2860 375 2916; x_wconf 88' lang='lat' dir='ltr'><strong>lsi&#39;t’</strong></span> <span class='ocrx_word' id='word_1_322' title='bbox 389 2877 440 2916; x_wconf 89' lang='lat' dir='ltr'><strong>uec</strong></span> <span class='ocrx_word' id='word_1_323' title='bbox 461 2862 499 2914; x_wconf 62' lang='lat' dir='ltr'><strong>Il</strong></span> <span class='ocrx_word' id='word_1_324' title='bbox 570 2861 717 2918; x_wconf 85' lang='lat' dir='ltr'><strong>4deinde</strong></span> <span class='ocrx_word' id='word_1_325' title='bbox 743 2859 847 2918; x_wconf 62' lang='lat' dir='ltr'><strong>medum</strong></span> <span class='ocrx_word' id='word_1_326' title='bbox 874 2863 913 2917; x_wconf 76' lang='lat' dir='ltr'><strong>dtr</strong></span> <span class='ocrx_word' id='word_1_327' title='bbox 936 2863 974 2915; x_wconf 57' lang='grc' dir='ltr'><strong>ΡΙ</strong></span> <span class='ocrx_word' id='word_1_328' title='bbox 1028 2862 1133 2918; x_wconf 59' lang='lat' dir='ltr'><strong>(iisset⁴</strong></span> <span class='ocrx_word' id='word_1_329' title='bbox 1145 2862 1183 2915; x_wconf 63' lang='lat'><strong>1³²</strong></span> <span class='ocrx_word' id='word_1_330' title='bbox 1230 2863 1263 2917; x_wconf 86' lang='grc'><strong>18</strong></span> <span class='ocrx_word' id='word_1_331' title='bbox 1280 2859 1506 2934; x_wconf 82' lang='lat' dir='ltr'><strong>parte&#39;eis&#39;dotis</strong></span> <span class='ocrx_word' id='word_1_332' title='bbox 1524 2860 1563 2914; x_wconf 75' lang='lat' dir='ltr'><strong>F‘</strong></span> <span class='ocrx_word' id='word_1_333' title='bbox 1609 2861 1649 2915; x_wconf 75' lang='lat'><strong>22</strong></span> <span class='ocrx_word' id='word_1_334' title='bbox 1663 2859 1724 2915; x_wconf 88' lang='lat' dir='ltr'><strong>ideo</strong></span> 
     </span>
     <span class='ocr_line' id='line_1_29' title="bbox 284 2929 1724 3004; baseline -0.001 -17"><span class='ocrx_word' id='word_1_335' title='bbox 284 2932 416 3002; x_wconf 72' lang='lat' dir='ltr'><strong>eloquit]</strong></span> <span class='ocrx_word' id='word_1_336' title='bbox 434 2933 528 3004; x_wconf 91' lang='lat' dir='ltr'><strong>inqniu</strong></span> <span class='ocrx_word' id='word_1_337' title='bbox 545 2935 582 2988; x_wconf 74' lang='lat' dir='ltr'><strong>pr</strong></span> <span class='ocrx_word' id='word_1_338' title='bbox 637 2931 922 2990; x_wconf 83' lang='lat' dir='ltr'><strong>iluleset&#39;e&#39;tantam</strong></span> <span class='ocrx_word' id='word_1_339' title='bbox 935 2935 974 2988; x_wconf 58' lang='grc' dir='ltr'><strong>Γ)</strong></span> <span class='ocrx_word' id='word_1_340' title='bbox 1028 2935 1064 3002; x_wconf 90' lang='lat' dir='ltr'><strong>et]</strong></span> <span class='ocrx_word' id='word_1_341' title='bbox 1085 2932 1147 2990; x_wconf 91' lang='lat' dir='ltr'><strong>ideo</strong></span> <span class='ocrx_word' id='word_1_342' title='bbox 1165 2949 1200 2988; x_wconf 85' lang='lat' dir='ltr'><strong>er</strong></span> <span class='ocrx_word' id='word_1_343' title='bbox 1218 2933 1254 2986; x_wconf 85' lang='lat' dir='ltr'><strong>F¹</strong></span> <span class='ocrx_word' id='word_1_344' title='bbox 1309 2933 1343 2989; x_wconf 83' lang='lat'><strong>23</strong></span> <span class='ocrx_word' id='word_1_345' title='bbox 1362 2933 1407 2988; x_wconf 88' lang='lat' dir='ltr'><strong>uel</strong></span> <span class='ocrx_word' id='word_1_346' title='bbox 1417 2932 1468 2987; x_wconf 84' lang='lat' dir='ltr'><strong>&#39;ad&#39;</strong></span> <span class='ocrx_word' id='word_1_347' title='bbox 1478 2932 1674 2988; x_wconf 87' lang='lat' dir='ltr'><strong>conseruando</strong></span> <span class='ocrx_word' id='word_1_348' title='bbox 1688 2929 1724 2986; x_wconf 67' lang='lat' dir='ltr'><strong>F*</strong></span> 
     </span>
     <span class='ocr_line' id='line_1_30' title="bbox 285 3003 974 3086; baseline 0.003 -28"><span class='ocrx_word' id='word_1_349' title='bbox 285 3003 320 3058; x_wconf 90' lang='lat'><strong>10</strong></span> <span class='ocrx_word' id='word_1_350' title='bbox 337 3011 445 3060; x_wconf 79' lang='lat' dir='ltr'><strong>eentum</strong></span> <span class='ocrx_word' id='word_1_351' title='bbox 463 3007 500 3058; x_wconf 61' lang='lat' dir='ltr'><strong>I*</strong></span> <span class='ocrx_word' id='word_1_352' title='bbox 560 3006 594 3061; x_wconf 87' lang='lat'><strong>12</strong></span> <span class='ocrx_word' id='word_1_353' title='bbox 611 3005 717 3086; x_wconf 82' lang='lat' dir='ltr'><strong>hisdem</strong></span> <span class='ocrx_word' id='word_1_354' title='bbox 736 3007 773 3059; x_wconf 80' lang='lat' dir='ltr'><strong>F³</strong></span> <span class='ocrx_word' id='word_1_355' title='bbox 833 3007 867 3062; x_wconf 83' lang='lat'><strong>13</strong></span> <span class='ocrx_word' id='word_1_356' title='bbox 884 3005 974 3060; x_wconf 89' lang='lat' dir='ltr'><strong>reddi-</strong></span> 
     </span>
    </p>
   </div>
   <div class='ocr_carea' id='block_1_5' title="bbox 0 0 1887 5578">
    <p class='ocr_par' dir='ltr' id='par_1_11' title="bbox 0 0 1887 5578">
     <span class='ocr_line' id='line_1_31' title="bbox 0 0 1887 5578; baseline 0 0"><span class='ocrx_word' id='word_1_357' title='bbox 0 0 1887 5578; x_wconf 95' lang='lat' dir='ltr'><strong> </strong></span> 
     </span>
    </p>
   </div>
  </div>
 </body>
</html>
