3720 5544
982 182 1052 252 LVI

298 361 416 420 allicitur
433 361 525 419 lolium
545 359 687 432 archetypi
705 361 797 431 paullo
816 358 928 415 minaris
947 358 1065 416 ambitus
1085 359 1170 416 fuisse
1192 376 1273 431 quam
1292 361 1491 432 Florentinum,
1512 361 1586 430 quod
1606 361 1729 417 continet

297 471 402 526 litteras
424 484 448 525 6.
460 454 638 525 7110016111.
658 497 691 506 -
710 465 766 522 Sed
783 465 833 521 bas
852 467 1074 524 ratiocinationes
1092 471 1123 524 ut
1140 483 1194 524 non
1212 483 1323 538 prorsus
1342 483 1455 538 spernas
1473 467 1585 535 (babent
1596 469 1668 524 enim
1681 469 1728 523 sli-

297 593 379 649 quam
397 576 542 632 utilitatem
564 574 599 629 ad
618 573 740 629 hiatuum
759 574 850 644 spatia
873 573 1103 644 determinanda),
1126 580 1218 630 tamen
1241 581 1383 630 61661616
1403 573 1537 630 16166661
1554 591 1609 630 666
1627 576 1729 632 multae

298 684 422 742 utilitatis
440 687 516 739 sant:
535 696 619 753 quare
638 680 740 736 diutius
758 681 791 736 iis
809 679 1112 736 reciprocabimus·

139 804 280 865 1161611669-
351 789 389 846 At
406 789 578 845 Florentinas
598 787 668 844 liber
690 803 745 842 uon
769 787 857 843 salum
880 788 982 858 passim
1006 787 1096 843 labem
1120 790 1204 845 traxit
1227 805 1262 844 ex
1286 804 1376 845 errare
1398 790 1559 860 scriptarum
1577 790 1728 846 Iustiniana

137 881 281 976 pb„¹,¹}¹,²,¹„„„
298 899 492 970 posteriorum,
521 895 570 950 sed
598 911 632 950 ne
655 893 690 950 ab
717 893 925 964 interpolatione
952 894 1063 965 quidem
1091 895 1173 952 iidem
1201 896 1324 952 homines
1349 895 1545 952 abstinuerant.
1579 897 1668 968 passis
1692 897 1729 952 ad

148 992 269 1065 mapale·
298 1004 432 1062 siusmodi
454 1001 691 1072 interpolationem
717 998 818 1056 referre
846 1002 889 1056 uel
918 1001 1031 1056 mendas
1055 1002 1138 1074 tales,
1165 1004 1260 1073 quales
1289 1008 1352 1059 sunt
1379 1003 1418 1073 ll,
1442 1004 1509 1074 366,
1534 1003 1568 1058 19
1595 1011 1684 1074 inrepit
1711 1025 1729 1059 6

171 1057 246 1101 bones

298 1112 402 1168 factum
420 1125 455 1166 ex
475 1119 500 1164 16
519 1117 613 1181 capita,
632 1109 666 1178 ll,
679 1109 739 1178 931,
752 1108 787 1163 33
806 1109 902 1163 6611616
920 1105 1022 1162 iactam
1042 1123 1077 1164 ex
1095 1119 1121 1164 61
1135 1110 1239 1166 Dacia:
1258 1109 1307 1165 sed
1326 1125 1360 1166 nc
1376 1110 1555 1166 cauillationis
1573 1125 1728 1180 arguamur,

297 1233 481 1290 proponemus
503 1215 640 1287 grauiora.
676 1229 808 1284 responsa
835 1213 890 1269 dna
918 1214 1037 1270 auctoris
1061 1215 1217 1286 cniusdam,
1241 1217 1318 1272 cuius
1341 1232 1440 1273 namen
1463 1218 1491 1272 in
1514 1218 1610 1288 spatiis
1632 1218 1729 1273 uacuis

298 1325 390 1382 omisit
406 1322 545 1392 librarius,
569 1323 671 1392 scripta
693 1322 722 1376 in
744 1320 798 1376 lino
821 1321 893 1376 tituli
914 1320 949 1376 de
971 1320 1178 1392 probationibus
1199 1327 1228 1378 61
1248 1323 1515 1394 praesumptionibus
1539 1324 1571 1394 (1,
1590 1323 1729 1390 64961)

297 1436 402 1504 partem
421 1446 476 1487 aon
496 1428 587 1484 facere
606 1429 773 1500 digestarum
792 1426 934 1498 probabile
951 1433 1006 1484 cst:
1030 1446 1093 1485 nam
1117 1429 1221 1485 deleuit
1245 1445 1279 1485 ea
1300 1431 1460 1486 emendator
1476 1434 1506 1485 61
1523 1430 1623 1486 absunt
1640 1447 1658 1485 a
1675 1431 1728 1486 Ba-

298 1538 381 1594 siliais
407 1542 436 1592 ct
459 1535 604 1593 abhorrent
627 1553 645 1590 a
666 1536 728 1605 lege
751 1534 971 1604 compositionis,
999 1551 1061 1590 aum
1088 1535 1117 1592 in
1144 1511 1223 1592 titulo
1250 1543 1383 1592 consueta
1409 1537 1513 1593 ratione
1540 1553 1575 1592 ex
1599 1543 1730 1608 quattuor

297 1644 422 1716 partibus
438 1643 504 1698 iaris
522 1643 684 1698 concinnata
701 1644 850 1711 sequantur
868 1646 931 1712 post
948 1657 1009 1697 eam
1026 1657 1097 1712 qnae
1109 1644 1205 1699 nltima
1216 1659 1278 1699 esse
1290 1645 1367 1699 salet.
1394 1643 1512 1714 denique
1524 1645 1728 1715 inscriptionum

298 1751 368 1806 ratic
386 1751 479 1806 11111611
496 1765 513 1804 6
530 1750 624 1805 salita:
648 1748 723 1818 qaod
746 1749 769 1804 si
792 1748 943 1818 excipietur
965 1749 1100 1818 quaedam
1125 1755 1219 1806 611616
1243 1765 1374 1820 responsa
1392 1750 1501 1822 Ulpiani
1525 1751 1648 1807 similiter
1664 1767 1728 1808 con-

299 1863 380 1928 cepta
402 1858 439 1925 (a.
456 1858 496 1927 17,
508 1858 534 1926 2,
548 1857 590 1912 73.
610 1857 652 1926 32,
664 1855 699 1910 68
711 1872 751 1926 pr.
770 1855 813 1925 46,
826 1855 852 1926 3,
864 1855 908 1910 45.
925 1855 1007 1927 5,1a.
1027 1857 1181 1928 50,12,51,
1209 1856 1384 1928 replicabitur
1407 1873 1439 1913 ea
1463 1858 1551 1928 magis
1575 1857 1729 1914 mirandum

299 1979 375 2035 esse,
399 1979 448 2020 aur
469 1963 538 2019 baec
562 1978 616 2018 nan
635 1964 761 2032 legantur
778 1965 843 2033 past
865 1961 946 2018 buius
970 1963 1042 2017 tituli
1063 1963 1151 2033 legem
1171 1965 1206 2019 22
1230 1970 1368 2035 sumptam
1391 1979 1427 2018 ex
1444 1965 1512 2035 ipsis
1530 1965 1563 2020 iis
1581 1966 1728 2036 responsis.

299 2085 384 2142 qnare
402 2071 469 2126 satis
487 2073 595 2126 constat
612 2069 681 2125 baec
699 2069 807 2125 adiecta
825 2083 886 2124 esse
905 2069 940 2123 ad
959 2069 1128 2139 digestorum
1146 2044 1301 2140 exemplum
1319 2071 1361 2140 id,
1383 2086 1400 2126 a
1423 2085 1477 2141 qao
1499 2071 1602 2143 pendet
1618 2071 1728 2128 Floren-

299 2178 400 2247 tinum,
423 2177 612 2248 antiquissimo
630 2183 766 2248 tempore,
789 2176 894 2232 scilicet
911 2179 1057 2247 antequam
1076 2177 1204 2247 antiquae
1222 2178 1383 2251 prudentiae
1402 2184 1479 2234 extra
1497 2179 1605 2248 digesta
1621 2181 1728 2250 positae

300 2285 431 2340 memoria
441 2285 551 2355 penitius
562 2285 692 2341 61616161.
711 2313 741 2326 -
763 2282 841 2351 Quod
860 2283 990 2353 sequitur,
1009 2283 1091 2338 etiarn
1110 2285 1223 2354 6166166
1241 2289 1292 2339 est.
1323 2301 1407 2356 supra
1424 2289 1462 2356 (p.
1476 2286 1606 2352 xxxin)
1625 2286 1728 2342 monui-

300 2407 361 2448 mus
379 2392 480 2447 nullam
497 2390 555 2447 iere
574 2407 607 2447 66
626 2391 782 2448 Florentino
800 2390 910 2461 quidem
927 2389 996 2446 libra
1013 2389 1096 2445 fidem
1121 2405 1182 2446 6666
1207 2391 1234 2447 16
1252 2393 1343 2461 legurm
1362 2391 1498 2463 capitibus
1516 2391 1676 2449 deliniendis
1701 2400 1730 2449 et

298 2499 401 2571 passim
416 2497 453 2554 ibi
471 2503 527 2555 1616
547 2499 618 2554 male
636 2497 722 2554 diuidi
740 2497 931 2569 coniungenda
948 2512 1031 2568 quam
1050 2498 1120 2553 male
1139 2499 1267 2569 coniungi
1285 2500 1447 2570 separanda.
1475 2499 1581 2556 Graeca
1597 2501 1728 2571 interpre-

299 2607 367 2662 tatio
386 2605 433 2662 nbi
451 2606 518 2660 satis
535 2607 615 2676 plene
633 2611 744 2661 seruata
760 2611 811 2676 est,
829 2606 858 2661 in
876 2605 924 2661 1611
941 2602 1099 2661 delinitione
1116 2605 1198 2675 longe
1216 2610 1338 2676 praestat
1356 2607 1511 2664 Florentino
1529 2607 1610 2664 libro:
1634 2624 1729 2679 qnam·

300 2728 382 2785 qnam
401 2718 465 2769 sunt
476 2713 528 2769 laci
546 2713 657 2783 quidam
676 2714 772 2783 (6140,
785 2712 811 2783 b,
825 2713 913 2783 ltili),
933 2710 979 2767 ubi
997 2710 1132 2768 eiusmodi
1149 2727 1225 2768 error
1242 2714 1267 2769 ei
1285 2712 1354 2768 libra
1372 2729 1434 2769 6616
1447 2713 1559 2772 Graecis
1571 2718 1730 2776 ,6616616616

196 2875 197 2880 ,
300 2825 351 2890 661,
370 2836 421 2876 666
439 2821 546 2891 mirum,
564 2837 625 2876 cnm
645 2821 835 2890 compilatores
853 2818 988 2889 capitibus
1006 2835 1134 2874 numeros
1152 2820 1240 2875 nullas
1259 2821 1451 2891 adscripserint
1469 2824 1507 2889 (a.
1520 2839 1546 2892 p.
1559 2824 1605 2892 X),
1624 2829 1730 2880 mature

300 2928 327 2984 in
346 2943 381 2985 66
398 2943 426 2984 16
445 2933 564 2984 erratum
582 2943 657 2998 esse,
682 2932 713 2983 ut
729 2926 846 2983 fortasse
869 2941 903 2982 ne
926 2927 1016 2997 ipsum
1040 2926 1151 2996 quidem
1169 2925 1347 3000 archetypum
1367 2928 1402 2983 ab
1420 2928 1554 2986 eiusmodi
1571 2928 1730 2988 6661661666

301 3036 421 3091 immune
438 3034 530 3091 166111.
557 3034 606 3091 sed
624 3035 676 3091 boa
689 3033 808 3090 natabile
820 3039 863 3090 est
874 3032 910 3089 ab
922 3033 1057 3090 eiusmodi
1071 3032 1207 3090 erroribus
1220 3035 1415 3104 annosissimis
1426 3034 1578 3106 proiectam
1590 3036 1729 3094 librarium

301 3144 361 3199 siae
379 3142 527 3198 Florentini
546 3142 606 3198 libri
624 3144 683 3198 siue
702 3143 785 3198 etiam
808 3141 987 3212 antiquiorem
1012 3142 1116 3211 aliquot
1139 3142 1214 3198 locas
1232 3143 1303 3197 male
1321 3143 1507 3212 interpolasse.
1541 3145 1579 3198 ita
1597 3145 1617 3216 1,
1630 3145 1691 3215 220,
1703 3145 1730 3200 5.

302 3251 406 3320 563,ss
426 3265 475 3320 pro
493 3263 527 3306 aa
545 3249 618 3320 quad
637 3249 911 3320 6611676666666611
929 3251 1002 3316 61661,
1020 3254 1165 3320 propterea
1182 3249 1256 3319 quad
1273 3251 1364 3319 paullo
1382 3255 1445 3305 ante
1463 3267 1490 3321 p.
1503 3251 1565 3321 219,
1577 3251 1620 3306 31.
1638 3253 1731 3323 563,6

302 3356 338 3412 61
356 3371 389 3412 66
408 3356 480 3426 quod
504 3356 542 3412 ibi
566 3358 741 3412 6611666666
765 3357 835 3411 male
859 3361 942 3425 caput
965 3371 1043 3412 orsus
1066 3362 1134 3412 erat.
1161 3357 1400 3427 6161111611217,
1420 3358 1454 3412 10
1475 3355 1638 3413 6666161661
1659 3359 1731 3414 16616

302 3463 448 3535 repetitum
475 3461 973 3520 0016611166611116116661661661
1002 3467 1058 3532 est,
1086 3461 1159 3532 quad
1183 3469 1266 3534 caput
1293 3463 1336 3519 bia
1361 3463 1537 3519 inchoaturus
1561 3469 1674 3535 propter
1698 3481 1731 3521 ea

303 3588 374 3645 qaae
391 3570 576 3642 sequebantur
598 3573 662 3625 istro
685 3577 774 3625 661666
792 3571 888 3626 decimo
906 3571 1060 3642 clipeatorum
1081 3585 1180 3626 nomen
1198 3571 1317 3626 auctoris
1335 3570 1516 3626 desiderabat.
1548 3572 1607 3628 illos
1626 3587 1731 3628 errores

303 3680 462 3736 emendator
480 3679 597 3748 sustulit,
616 3677 679 3732 buia
697 3677 828 3748 pepercit.
856 3676 939 3732 etiarn
959 3677 1046 3745 magis
1064 3677 1247 3733 memorabilis
1266 3685 1308 3733 est
1326 3679 1402 3733 locus
1420 3678 1454 3749 ll,
1467 3679 1528 3747 212,
1542 3680 1585 3748 37,
1603 3677 1650 3734 611
1669 3694 1731 3735 6616

302 3792 366 3859 past
383 3789 472 3857 legem
490 3787 539 3856 50,
562 3799 632 3854 quae
651 3787 694 3839 est
712 3783 797 3854 Celsi,
819 3773 948 3854 sequatur
970 3759 1067 3839 16153
1089 3784 1155 3839 item
1174 3783 1246 3840 Celsi
1271 3785 1344 3841 nulla
1366 3785 1541 3855 inscriptione
1562 3784 1731 3857 interposita,

303 3895 412 3951 61616616
436 3893 540 3949 scilicet
563 3892 615 3948 boa
637 3893 697 3948 laco
722 3891 793 3946 inter
815 3891 869 3946 alia
893 3891 975 3947 etiarn
998 3892 1090 3961 legum
1109 3893 1151 3947 51.
1165 3893 1200 3946 52
1223 3891 1458 3962 inscriptionibus,
1476 3890 1602 3948 librarius
1623 3893 1678 3963 legi
1696 3894 1731 3949 53

303 4001 480 4073 praescripsit
504 4001 583 4054 iden:
609 3997 683 4069 quad
706 3997 805 4054 deiude
829 3997 988 4054 emendator
1009 3997 1085 4053 biatu
1109 3999 1218 4068 expleto
1242 3999 1307 4054 item
1332 4007 1404 4054 reate
1424 3999 1566 4055 correxit².
1592 4030 1623 4040 -
1653 3999 1732 4056 Unde

304 4109 395 4179 capita
412 4108 441 4163 in
457 4105 572 4177 digestis
591 4111 639 4160 aut
656 4105 796 4174 geminata
814 4105 848 4174 ll,
868 4104 911 4174 97,
928 4107 963 4160 29
981 4111 1029 4160 661
1046 4106 1106 4160 aliis
1123 4106 1190 4160 iuris
1208 4107 1274 4160 lacis
1293 4107 1429 4161 contraria
1446 4107 1480 4176 ll,
1497 4107 1558 4174 328,
1570 4107 1596 4160 9.
1614 4107 1675 4176 330,
1687 4109 1731 4176 31,

305 4230 375 4287 quae
394 4214 553 4270 emendator
570 4213 679 4268 demum
699 4211 799 4267 adiecit
816 4211 933 4282 aprima
950 4211 1060 4268 librario
1078 4213 1187 4282 6161616,
1206 4211 1732 4282 161661616661666666666616161666,

303 4322 353 4377 sed
370 4319 483 4377 inducta
500 4335 562 4376 6666
579 4324 690 4391 propter
707 4323 907 4389 argumentum.

359 4609 368 4642 ¹
392 4607 434 4658 Ad
458 4605 585 4673 compagis
610 4605 741 4671 archetypi
767 4603 886 4656 ambitum
913 4604 1128 4656 determinandum
1151 4605 1259 4656 fortasse
1282 4605 1374 4656 ducent
1398 4621 1428 4657 ea
1454 4622 1519 4671 quae
1546 4605 1732 4656 obseruanirnus

305 4695 339 4748 sd
356 4693 563 4758 661.Π,243,3.
670 4693 682 4726 ²
701 4692 792 4745 Confer
809 4693 883 4744 etiam
902 4694 922 4756 1,
938 4693 996 4756 122,
1009 4693 1053 4756 38,
1071 4694 1114 4745 ubi
1131 4701 1189 4760 post
1206 4693 1393 4760 inscriptionem
1411 4695 1522 4761 prasiane
1540 4694 1733 4760 praecedentem

309 4785 432 4858 Wptoaur
449 4784 514 4838 libra
531 4785 661 4839 undecimo
680 4783 716 4836 cd
733 4783 840 4837 edictum
852 4783 1010 4836 Florentinus
1028 4784 1142 4838 librarius
1162 4785 1261 4850 scripsit
1274 4784 1369 4837 Paulus
1386 4783 1451 4837 11116
1469 4784 1562 4846 eodem,
1581 4799 1731 4835 16616666-

305 4875 363 4927 1616
388 4873 474 4928 rodem
493 4873 590 4926 6611616
609 4872 735 4926 substituit
754 4873 891 4927 undecimo.
919 4882 1026 4941 apparet
1049 4874 1074 4924 in
1097 4873 1189 4925 talibus
1213 4891 1269 4925 6616
1288 4871 1416 4925 arbitrium
1434 4890 1505 4924 suum
1523 4872 1603 4940 magis
1621 4883 1732 4924 secutam

304 4981 452 5035 essequam
471 4963 605 5034 exemplar.
