3766 5554
188 271 228 320 on
243 271 461 320 nxenrmonn
476 272 536 320 nn1
550 273 655 320 naun.
854 247 940 328 633
1402 255 1479 324 XXI
1499 257 1619 324 31-a

188 411 286 480 emerit,
305 410 405 465 deinde
423 409 550 466 dominus
569 427 641 480 eum,
660 411 818 480 priusquam
836 411 1030 482 proprietatem
1043 425 1133 466 rerum
1146 411 1357 483 nancisceretur,
1375 417 1542 470 testamento
1553 413 1619 470 iibe-

188 516 242 556 rnm
261 515 323 554 aeae
341 500 451 554 iusserit
469 499 548 569 eique
566 501 703 570 peculium
721 500 922 570 praeicgauerit
939 503 968 554 et
985 499 1111 556 uenditor
1129 515 1146 554 a
1163 517 1244 558 aerato
1261 516 1367 557 merces
1379 508 1473 573 petere
1485 503 1618 573 eoeperit:

161 598 172 646 t
188 589 309 659 exceptio
331 589 360 644 in
383 587 486 643 sactum
509 590 598 644 locum
617 587 743 658 habebit,
765 589 830 659 quia
848 589 871 644 ia
889 593 954 643 tunc
972 603 1069 644 aeruna
1088 587 1186 644 iniaeet
1203 606 1265 646 cum
1284 593 1475 648 contraxiaaet
1510 591 1539 646 Si
1557 591 1619 662 quia

188 694 239 734 rem
258 679 369 749 emerit,
393 694 448 734 non
467 684 559 733 utitem
577 675 660 733 inerit
678 679 703 732 ei
720 677 834 748 tradita,
857 678 906 734 eed
925 678 1125 748 poaaeeaioncm
1145 678 1204 734 eine
1221 679 1289 736 uitio
1307 677 1389 735 inerit
1407 685 1518 748 nactus,
1536 679 1620 734 habet

188 768 372 837 exceptionem
396 773 491 823 contra
513 767 697 837 uenditorem,
721 766 773 822 niei
797 765 867 822 ferta
885 767 1012 822 uenditor
1029 767 1129 822 iustam
1148 782 1260 824 caueam
1278 767 1393 839 habeat,
1418 784 1466 824 cur
1484 783 1541 824 rem
1559 768 1619 824 uin·
1639 783 1652 825 c

187 857 269 912 dicct:
288 873 352 912 nam
371 862 400 911 ot
417 857 440 910 ei
459 856 602 910 tradiderit
619 856 831 927 possessionem,
850 854 931 910 tuerit
948 859 1041 910 autem
1059 856 1132 911 inata
1150 871 1236 912 cauea
1247 857 1400 913 uindicanti
1408 861 1425 929 ¹,
1443 857 1620 928 replicatione

187 945 318 1000 aduereue
336 945 525 1014 exceptionem
543 951 643 1000 utetur.

154 1035 170 1094 2
237 1035 409 1090 Poemenius
432 1033 502 1089 libro
526 1033 648 1090 aeeundo
672 1049 706 1090 ex
724 1033 841 1088 Plautio.
878 1031 907 1088 Si
930 1048 948 1087 a
964 1033 1038 1088 Titio
1055 1032 1169 1089 fundum
1188 1035 1287 1090 emeris
1304 1035 1351 1104 qui
1369 1034 1444 1091 Sena·
1463 1029 1620 1119 [ῇζιῇ
1639 1045 1667 1100 Ε
1731 1077 1734 1084 ,

186 1123 271 1194 pronti
291 1129 350 1178 erat
367 1125 446 1192 isque
465 1123 514 1178 tibi
533 1123 650 1182 traditus
669 1122 759 1192 suerit,
777 1122 865 1192 pretio
884 1127 975 1178 antem
995 1123 1083 1178 aoluto
1095 1123 1204 1178 Titiue¹
1215 1122 1376 1193 Sempronio
1394 1123 1474 1180 hereo
1486 1111 1622 1179 exederit

186 1219 212 1267 et
235 1211 353 1267 eundem
375 1211 489 1267 fundum
507 1213 615 1268 Maeuio
633 1211 788 1268 pendiderit
806 1213 835 1266 et
851 1210 1009 1266 tradiderit:
1033 1211 1153 1266 Iulianna
1171 1212 1211 1266 ait
1228 1213 1343 1282 aeqaiua
1360 1228 1422 1268 eeee
1439 1213 1575 1284 priorem⁸
1592 1216 1621 1268 to
1642 1230 1670 1270 lt

186 1303 262 1371 tueri,
281 1301 347 1370 quia
365 1305 393 1355 et
410 1302 434 1356 ei
453 1301 511 1372 ipee
529 1302 619 1356 Titius
637 1299 750 1356 fundum
770 1317 789 1356 a
805 1305 834 1356 te
849 1305 963 1372 peteret,
981 1301 1143 1372 exceptione
1154 1307 1373 1358 commoneretur
1384 1307 1412 1359 et
1424 1303 1449 1358 ei
1461 1303 1520 1374 ipse
1531 1303 1621 1358 Titiae

186 1407 245 1447 eum
265 1390 427 1461 possideret,
445 1391 605 1446 Pubirciana
622 1397 739 1459 peteres.

153 1480 169 1538 3
237 1481 497 1536 flnmoonmmm
518 1478 587 1534 libro
610 1484 690 1535 sexto
712 1478 779 1534 iuria
802 1478 1021 1548 epitomatorem.
1057 1477 1192 1549 Exceptio
1215 1479 1255 1534 rei
1273 1477 1401 1534 uenditae
1419 1483 1448 1534 et
1465 1475 1622 1564 Q
1640 1491 1667 1544 P

185 1569 301 1625 traditae
320 1585 374 1624 non
393 1572 499 1622 tantum
518 1568 543 1622 ei
562 1568 606 1622 cni
625 1583 668 1622 ree
687 1567 789 1622 tradita
806 1572 857 1636 eet,
875 1567 925 1622 eed
937 1567 1143 1622 euceeaeoribue
1156 1567 1239 1623 etiam
1251 1567 1311 1622 eiua
1323 1571 1352 1622 et
1364 1569 1479 1638 emptori
1492 1570 1621 1639 secundo,

186 1659 237 1712 etei
261 1673 306 1712 rea
328 1659 354 1712 ei
377 1673 431 1712 non
455 1656 538 1711 fuerit
560 1655 675 1726 tradita,
699 1655 833 1726 proderit:
856 1656 971 1710 intereet
994 1655 1066 1710 entm
1089 1656 1222 1726 emptoria
1245 1655 1326 1726 primi
1348 1657 1470 1712 coeundo
1491 1671 1548 1712 rem
1567 1672 1621 1712 non
1641 1673 1670 1716 re

155 1757 166 1804 1
185 1747 284 1802 eninci
314 1746 378 1801 Pari
395 1746 501 1800 ratione
519 1745 672 1800 uenditorie
690 1745 773 1800 etiam
791 1743 997 1802 encoeeeoribua
1014 1743 1138 1816 nocebit,
1156 1745 1216 1801 aine
1233 1745 1263 1802 in
1280 1745 1438 1802 nmuercum
1455 1745 1499 1802 ine
1516 1747 1577 1802 eine
1593 1747 1622 1802 in

131 1893 134 1900 ,
185 1851 246 1891 eam
264 1835 409 1890 dumtaxat
426 1851 483 1890 rem
502 1835 693 1890 ancceaeerint.

184 1951 347 2023 FiP(VU)]

182 2131 202 2256 Ξ
212 2129 374 2268 ηέηιξὲαᾷιᾶῑ
393 2129 495 2198 (detti
553 2127 665 2186 ¹iuerit
682 2129 770 2200 pretio
788 2128 887 2200 aelnto,
904 2127 995 2184 Titium
1013 2132 1105 2184 autem
1125 2129 1161 2195 (a,
1174 2127 1224 2196 t.)'?
1280 2127 1459 2199 ‘praetorem
1473 2129 1517 2203 (cs.
1528 2127 1567 2182 D.
1579 2127 1623 2194 dd,

184 2369 480 2440 2praerogaueritP⁶
523 2369 586 2423 tei
604 2387 653 2422 om.
666 2367 785 2422 P·V·U·
800 2369 804 2438 Ι
820 2367 879 2423 eine
931 2375 1073 2440 repentino
1084 2365 1256 2432 44,d,4,32.·
1273 2363 1319 2422 tte
1332 2365 1510 2438 nmteietpcuor
1523 2365 1625 2438 epam

184 2442 253 2497 uitio
319 2443 336 2494 6
348 2439 550 2510 possessionem
568 2458 617 2493 om.
628 2441 675 2506 P',
692 2443 773 2511 auppi.
784 2459 816 2491 m.
827 2446 878 2494 ant
932 2439 1037 2526 Utrpor
1060 2439 1098 2494 aci
1123 2435 1213 2494 tande
1236 2437 1269 2492 ro
1286 2439 1383 2492 riuaua
1405 2437 1563 2510 napetdncpe
1580 2456 1623 2492 uon

183 2513 201 2567 5
219 2513 350 2568 uenditor
372 2531 420 2565 ora.
434 2511 540 2570 Ptvii.
564 2513 595 2564 de
609 2551 614 2563 .
626 2511 668 2564 Ρ·
721 2513 738 2566 9
761 2509 879 2564 traditus
932 2509 1004 2574 ΑῩτο,
1018 2509 1073 2564 εἶτα
1086 2509 1229 2574 reuoueucc
1241 2508 1346 2581 Πέτρογ
1359 2509 1525 2579 deportem
1538 2530 1559 2564 κ.
1569 2519 1623 2564 nt„

183 2583 269 2638 fuerit
285 2584 374 2654 pretio
388 2583 582 2637 autemeoiuto
611 2581 879 2652 ieqnetibitraditue
932 2582 960 2636 B
981 2583 986 2649 Ι
1007 2579 1297 2652 semproniihireai'1
1352 2581 1386 2635 10
1405 2579 1530 2636 uendidit
1546 2578 1628 2635 PVU

182 2653 268 2712 fuerit
285 2656 373 2726 pretio
390 2655 493 2724 aoluto,
513 2653 612 2710 deinde
638 2653 763 2726 Ulpianus
780 2661 807 2707 tn
823 2655 879 2708 toea
934 2653 968 2708 14
986 2656 1015 2710 et
1032 2671 1081 2707 om.
1094 2650 1171 2708 ΡΠ·
1224 2653 1259 2708 16
1276 2651 1387 2708 ncecuit
1403 2651 1443 2705 F·
