3734 5578
169 267 439 324 onnusnnonnrr
460 269 620 318 sursum
843 248 930 328 729
1307 254 1426 322 XXllll
1447 257 1467 322 3
1489 263 1604 318 el-ee

168 407 329 464 manumisit.
356 407 436 463 berea
454 409 529 464 solus
547 408 590 464 uir
612 425 630 464 a
652 407 751 468 liberto
771 409 913 466 institutus
937 412 1092 481 portionem
1116 411 1287 483 hereditatis,
1312 428 1395 482 quam
1418 418 1450 469 ut
1472 417 1604 483 patronus

168 497 294 566 consequi
312 498 453 566 potuitne
471 496 575 567 debuit,
593 498 738 554 restituere
756 498 848 568 debet,
869 499 983 556 alteram
1001 515 1068 556 uero
1086 501 1240 572 portionem
1257 500 1330 556 dotia
1347 502 1462 572 iudicio,
1481 503 1504 558 sl
1523 503 1604 558 ruodo

167 599 233 642 uxor
250 586 454 642 manumittenti
472 585 634 656 refragatur.

118 679 150 735 62
216 673 369 730 umnam
394 673 463 730 libro
489 675 631 744 trigesimo
657 676 739 732 tertio
766 675 803 730 ad
830 675 960 733 edietum.
998 676 1079 743 Quod
1104 677 1129 732 si
1153 677 1197 732 uir
1218 672 1460 760 [asne—1245?
1457 675 1604 746 ll‘ua's's‘a
1624 682 1659 738 'S

166 763 305 818 uoluntate
323 764 444 820 mulieda
461 779 558 822 seruos
576 764 682 820 dotales
701 765 901 836 manumiserit,
925 782 988 822 eum
1007 765 1110 822 donam
1127 767 1154 822 ei
1171 767 1267 822 mulier
1284 766 1384 836 uoluit,
1404 781 1455 822 nec
1473 767 1508 822 dc
1525 768 1605 823 liber·
1624 778 1637 820 u

166 851 229 906 tatis
247 867 332 908 causa
350 853 485 923 impositis
504 855 530 908 ei
546 852 722 923 praestandis
739 852 885 924 tenebitur,

116 942 149 999 63
215 940 336 996 rannus
352 941 557 998 libroseeundo
575 940 611 997 ad
625 941 827 1012 legemlulium
840 942 1002 1012 etPupiam.
1041 949 1070 998 et
1087 943 1188 1000 decinit
1205 959 1302 1000 seruus
1319 944 1348 998 in
1366 943 1430 999 dote
1449 940 1605 1027 [REM
1639 953 1666 1006 Ε

165 1044 239 1099 esse,
263 1029 343 1099 quia,
367 1030 412 1085 cni
436 1031 645 1086 manumittendi
663 1045 747 1086 causa
771 1029 873 1086 donare
896 1031 1003 1100 liceret,
1029 1032 1054 1086 ei
1077 1032 1280 1102 quodammodo
1302 1031 1430 1101 donare,
1454 1034 1528 1102 quod
1544 1051 1605 1104 pcr-

165 1118 287 1173 mitteret
304 1119 505 1174 manumittere.
1625 1133 1638 1174 ⁹

113 1210 147 1266 64
217 1206 370 1262 Uurranus
394 1207 465 1264 libro
487 1209 605 1278 septimo
629 1207 665 1263 ad
688 1208 777 1277 legem
801 1207 898 1264 lulium
926 1213 955 1262 ct
978 1209 1101 1278 Papiam.
1142 1207 1172 1264 Si
1196 1223 1262 1264 uero
1284 1209 1425 1278 magudam
1449 1207 1605 1293 [BT-effi
1640 1217 1684 1290 lis

164 1310 264 1364 gerens
286 1296 407 1350 mulieris
429 1313 485 1353 non
505 1297 609 1353 inuitae
632 1297 748 1352 marims
772 1297 891 1352 dotalem
915 1313 1025 1352 seruum
1050 1297 1192 1353 uoluntate
1214 1297 1274 1353 elus
1298 1299 1499 1368 manumiserit,
1522 1301 1607 1357 debet

134 1395 145 1438 1
164 1385 243 1438 uxori
260 1385 405 1440 restituere
424 1383 556 1454 quidquid
575 1385 610 1440 ad
629 1400 691 1440 cnm
710 1386 845 1455 peruenlt.
873 1385 929 1441 Sed
947 1392 976 1440 et
994 1386 1017 1440 si
1036 1386 1102 1455 quid
1121 1385 1254 1441 libertatis
1273 1402 1358 1442 eausa
1376 1389 1490 1444 maritus
1512 1391 1538 1444 ei
1555 1391 1605 1447 im-

133 1485 147 1528 a
164 1474 265 1542 posuit,
284 1473 312 1528 id
329 1473 408 1528 uxori
426 1473 586 1542 praestabit
623 1474 707 1529 Plane
726 1475 750 1528 si
761 1489 862 1544 operae
874 1473 975 1530 ineunt
989 1475 1085 1530 marito
1097 1474 1244 1543 exhibitae,
1263 1489 1318 1531 non
1330 1477 1485 1532 aestimatio
1502 1493 1605 1548 aarum,

134 1573 217 1617 auen
238 1563 289 1616 erit
307 1577 424 1631 nequam
443 1562 494 1616 boc
514 1563 622 1618 nomine
644 1563 724 1618 uxori
749 1563 874 1618 maritum
899 1563 1039 1633 quippiam
1062 1568 1210 1633 praestare.
1246 1561 1316 1618 Sed¹
1337 1563 1360 1618 si
1378 1571 1442 1634 post
1459 1569 1605 1623 manumis-

131 1651 270 1707 taionem
288 1651 390 1721 aliquid
409 1651 435 1705 ei
453 1649 535 1706 suerit
552 1651 650 1706 liberto
669 1652 835 1721 impositum,
854 1651 883 1707 id
901 1653 980 1707 uxori
996 1651 1191 1721 praestandam
1211 1655 1261 1706 est.
1299 1650 1395 1707 Sedet
1412 1654 1436 1708 si
1454 1669 1530 1710 reum
1548 1671 1604 1711 rna·
1626 1669 1653 1708 ιι

133 1739 233 1796 tritus
252 1741 389 1810 acceperit
406 1739 681 1810 adprounissoremue,
700 1755 787 1809 aeque
806 1740 940 1796 aduersus
958 1740 1048 1810 ipsum
1060 1739 1254 1810 obligationem
1267 1739 1350 1796 debet
1362 1747 1509 1812 praestare.
1536 1744 1606 1800 ltem

163 1828 297 1897 quidquid
316 1829 352 1883 ad
370 1843 431 1884 enm
456 1845 489 1884 er
512 1829 593 1884 bonis
616 1829 706 1884 liberti
729 1830 898 1898 peruenerit,
922 1845 1010 1899 aeque
1032 1835 1173 1898 praestare
1196 1835 1323 1899 cogetur,
1347 1831 1370 1884 si
1389 1831 1471 1887 modo
1489 1831 1525 1887 ad
1542 1848 1606 1888 enm

163 1917 243 1986 quasi
262 1917 298 1971 ad
315 1921 461 1987 patronum
479 1917 649 1987 peruenerit:
668 1922 789 1972 ceterum
808 1918 832 1972 si
850 1918 904 1972 alio
922 1919 989 1986 iure,
1007 1931 1063 1972 nou
1075 1923 1191 1986 cogetur
1202 1923 1358 1988 praestare:
1375 1933 1427 1975 nec
1439 1919 1510 1974 euim
1523 1919 1606 1976 bene·

162 2003 257 2061 ficium
275 2007 366 2076 quod²
384 2007 411 2060 in
430 2021 493 2060 eum
512 2005 626 2062 libertus
644 2007 770 2074 contulit,
794 2006 847 2062 hoo
867 2007 946 2061 uxori
971 2005 1068 2073 debet,
1090 2005 1139 2062 sed
1158 2005 1186 2061 id
1204 2011 1324 2076 mutum,
1349 2007 1423 2077 quod
1439 2008 1498 2062 inre
1515 2013 1607 2078 patro·

162 2100 246 2149 natus
265 2095 425 2164 adsequitur
448 2095 493 2149 uel
516 2095 630 2164 adsequi
648 2095 746 2165 potuit.
774 2095 856 2164 plane
875 2095 897 2148 si
916 2109 951 2150 ex
969 2095 1071 2150 maiore
1090 2098 1168 2164 parte
1186 2109 1269 2164 quam
1291 2095 1374 2150 debet
1392 2096 1471 2152 berea
1489 2098 1608 2168 scriptus
1626 2105 1655 2146 ¹⁰

162 2181 256 2251 fuerit,
274 2184 347 2253 quod
367 2184 484 2253 amplius
503 2190 618 2239 estnon
636 2183 802 2254 praestabit:
822 2183 891 2239 etsi
910 2181 989 2252 sorte,
1008 2197 1071 2238 cum
1090 2183 1115 2239 ei
1134 2183 1199 2238 nihil
1214 2183 1327 2240 deberet
1339 2184 1461 2254 libertus,
1479 2185 1607 2242 heredem

129 2281 226 2328 ecum
246 2273 369 2343 soripdt,
388 2271 453 2328 nihil
471 2273 551 2328 uxori
568 2273 703 2328 restituet.
740 2271 826 2327 Dabit
843 2273 1005 2342 autcm,.ut
1023 2272 1062 2326 ait
1079 2272 1136 2341 lex,
1160 2272 1233 2341 quod
1252 2271 1288 2327 ad
1306 2287 1369 2328 euru
1387 2275 1520 2344 peruenit
1547 2289 1608 2345 per·

129 2369 143 2414 t
161 2363 275 2417 uenbae
293 2361 456 2432 accipimus,
477 2362 536 2417 siue
554 2362 609 2417 iarn
627 2364 720 2431 eregit
738 2362 798 2416 sine
816 2361 926 2430 exigere
944 2364 1050 2431 potest,
1069 2361 1134 2430 quia
1151 2360 1223 2414 actio
1242 2361 1267 2415 ei
1285 2360 1378 2417 delata
1396 2369 1446 2418 est.
1483 2363 1609 2420 Adicitur

161 2451 190 2504 in
208 2451 288 2520 lego,
311 2457 343 2505 ut
360 2456 400 2521 et,
425 2450 449 2506 si
467 2451 530 2506 dolo
550 2451 622 2506 malo
641 2450 743 2520 aliquid
762 2449 864 2504 suetum
883 2449 932 2518 sit,
957 2463 1012 2518 quo
1036 2449 1126 2504 minus
1150 2449 1185 2504 ad
1207 2464 1270 2504 eum
1294 2452 1448 2521 perueniat,
1472 2457 1608 2508 tenemur.

128 2542 142 2588 8
161 2537 191 2594 Si
210 2539 298 2595 filium
316 2539 525 2595 exheredaucrit
542 2544 674 2610 patronus
692 2544 720 2594 et
738 2539 773 2594 ad
792 2553 855 2593 eum
873 2536 947 2592 bona
964 2537 1054 2592 liberti
1066 2538 1228 2607 pertineant,
1249 2538 1398 2594 uidendum
1410 2544 1461 2609 est,
1480 2557 1516 2596 an
1528 2540 1608 2596 berea
1626 2549 1656 2593 ae

161 2627 216 2684 hoc
235 2629 346 2684 nomine
364 2633 499 2684 teneatur.
527 2633 635 2684 etcum
654 2628 720 2683 nihil
738 2641 827 2697 neque
846 2626 882 2680 ad
900 2627 990 2695 ipsum
1008 2630 1154 2696 patronum
1172 2641 1261 2697 neque
1280 2627 1314 2682 ad
1332 2627 1461 2684 heredem
1477 2631 1536 2685 eius
1548 2645 1608 2698 per·

127 2721 142 2765 9
160 2717 268 2786 ueniat,
287 2717 425 2788 quomodo
442 2715 502 2772 fieri
520 2723 621 2788 potest,
639 2721 671 2772 ut
688 2717 739 2772 boe
758 2717 867 2770 nomine
885 2715 1031 2770 teneatur?
1060 2715 1103 2770 De
1115 2715 1176 2769 niro
1188 2713 1343 2786 heredeque
1361 2718 1420 2773 eius
1437 2719 1482 2773 lex
1500 2722 1607 2774 tauma

159 2807 299 2876 loquitur:
319 2807 353 2860 ds
372 2820 468 2861 socero
487 2805 747 2876 successoribusque
766 2805 853 2859 soceri
872 2804 938 2860 nihil
956 2805 983 2859 in
1002 2804 1063 2872 lege
1083 2803 1212 2873 seriptum
1233 2809 1288 2859 cat:
1307 2811 1335 2860 et
1353 2803 1405 2862 hoc
1417 2806 1510 2862 Labeo
1529 2807 1608 2877 quasi

160 2897 298 2951 omissum
323 2895 445 2950 adnotat.
473 2895 501 2950 iu
525 2895 625 2964 quibus
650 2895 734 2963 igitur
756 2893 866 2948 casibus
888 2894 933 2948 lex
957 2889 1062 2961 deficit,
1086 2906 1140 2948 nou
1164 2893 1216 2948 erit
1238 2908 1290 2948 nec
1312 2894 1387 2950 utilis
1411 2895 1483 2950 actio
1506 2895 1606 2951 danda.

111 2989 139 3032 10
159 2984 245 3050 Quod
263 2984 302 3039 ait
319 2985 377 3039 lex:
395 2983 507 3053 'quanta
524 2983 641 3054 pecunia
660 2983 720 3050 crit,
739 2987 843 3037 tantam
862 2982 1006 3051 pecuniam
1026 2979 1107 3051 dato',
1127 2981 1247 3038 ostendit
1265 2983 1483 3038 aestimationem
1501 2983 1606 3038 heredi·
1626 2994 1654 3034 oo

158 3075 230 3128 tatis
249 3073 294 3128 uel
311 3071 445 3128 bonorum
464 3072 568 3142 liberti,
592 3087 647 3126 non
665 3071 752 3141 ipsam
778 3070 956 3126 hereditatem
980 3071 1100 3126 noluisse
1123 3071 1212 3140 legem
1235 3077 1391 3142 praestare,
1415 3072 1468 3126 nisi
1492 3069 1607 3127 maritus

157 3163 241 3234 ipsas
260 3177 304 3216 res
321 3161 430 3217 tradere
450 3161 589 3216 maluerit:
609 3165 637 3214 et
654 3159 707 3214 boc
725 3160 796 3214 enim
815 3159 961 3228 benignius
980 3159 1088 3214 admitti
1106 3159 1197 3214 debet.

101 3245 138 3304 65
216 3251 378 3308 Scaeuoua
390 3249 460 3306 libro
471 3249 601 3318 singulari
614 3249 805 3318 quaestionum
818 3247 926 3319 publice
939 3251 1125 3304 mactatarum.
1162 3248 1238 3303 Haec
1257 3249 1328 3304 actio
1347 3249 1429 3304 etiam
1448 3243 1606 3332 [nassae
1638 3255 1665 3308 A

157 3345 310 3396 wnsmnte
328 3339 501 3395 matrimonio
521 3339 625 3394 mulieri
644 3339 783 3410 competit.
1625 3348 1655 3389 aa

100 3425 137 3482 66
219 3429 231 3502 ΙΙ
251 3429 424 3484 latomenus
450 3427 519 3483 libro
547 3433 626 3482 serto
649 3443 685 3506 er
708 3425 905 3496 posterioribus
930 3425 1075 3482 Labeonis.
1116 3425 1149 3481 ln
1171 3425 1214 3482 bis
1238 3423 1334 3494 rebus,
1358 3441 1427 3496 quaa
1449 3423 1605 3510 [ringens
1626 3433 1660 3488 ‘s
1676 3435 1750 3484 tati

156 3525 276 3588 praeter
294 3521 464 3572 numeratam
483 3516 628 3587 pecuniam
646 3516 704 3570 doti
723 3516 765 3570 uir
782 3514 874 3583 habet,
893 3515 985 3570 dolum
1004 3515 1104 3570 malum
1124 3521 1152 3570 et
1169 3515 1277 3584 culpam
1296 3530 1360 3570 cnm
1373 3521 1514 3585 praestare
1527 3531 1605 3584 opor·

155 3613 221 3662 tere
242 3605 356 3662 Seruius
375 3608 421 3661 ait.
450 3621 483 3660 ca
501 3605 638 3660 sententia
656 3602 744 3658 Publii
762 3603 844 3658 Mucii
862 3608 918 3657 est:
936 3619 999 3659 nam
1019 3604 1088 3658 isin
1106 3604 1230 3658 Licinnia
1244 3603 1360 3658 Gracchi
1378 3619 1464 3659 uxore
1483 3605 1605 3674 statuit⁸,

156 3695 240 3767 qnod
258 3711 304 3750 res
322 3694 428 3750 dotales
446 3695 474 3750 in
492 3709 526 3750 ea
544 3693 692 3762 seditione,
716 3707 771 3762 qua
789 3691 928 3748 Gracchus
947 3693 1054 3748 occisus
1073 3698 1146 3764 erat,
1169 3693 1317 3763 perissent,
1337 3694 1388 3762 ait,
1407 3693 1472 3762 quia
1489 3687 1606 3748 Gracchi

121 3797 134 3840 1
155 3788 247 3856 eulpa
270 3801 304 3838 ea
328 3784 426 3838 seditio
450 3781 526 3838 facta
548 3787 635 3850 esset,
659 3782 798 3836 Licinniae
823 3781 957 3852 praestari
979 3787 1115 3852 oportere.
1152 3780 1245 3836 Seruis
1263 3781 1355 3836 uxoris
1374 3783 1416 3836 uir
1434 3798 1559 3844 nummos
1577 3783 1606 3836 in

156 3875 327 3930 uestiarium
347 3873 468 3942 dederat,
486 3887 542 3942 quo
558 3875 655 3942 parato
673 3870 771 3924 delude
784 3871 856 3924 iutra
868 3885 969 3926 annum
982 3870 1129 3926 diuortium
1142 3870 1342 3925 intercesserat.
1369 3870 1474 3941 placuit
1485 3869 1607 3926 Labeoni
1625 3881 1653 3919 ιο

154 3963 313 4032 Trebatio,
337 3962 429 4033 qualia
451 3962 616 4016 uestimenta
638 3965 703 4028 post
725 3958 872 4014 diuortium
896 3963 1001 4029 essent,
1019 3959 1086 4014 talia
1104 3960 1163 4013 uiro
1181 3958 1272 4015 reddi:
1296 3959 1368 4014 idem
1394 3959 1460 4015 iuris
1484 3957 1606 4014 futurum

155 4053 291 4122 fuisset⁴,
316 4052 340 4106 si
357 4052 419 4121 ipsa
436 4051 602 4106 uestimenta
619 4049 662 4104 uir
680 4049 792 4104 emisset
811 4054 839 4104 et
857 4049 943 4103 scuris
962 4047 1096 4104 dedisset:
1120 4047 1194 4117 quod
1213 4049 1237 4102 si
1253 4049 1420 4104 uestimenta
1438 4063 1492 4103 non
1510 4047 1606 4104 redde-

119 4148 274 4211 arcntur,
299 4145 359 4196 uim
382 4141 471 4196 uirum
495 4139 613 4209 pretinm
637 4139 665 4194 in
683 4137 748 4193 dote
767 4143 1015 4208 compensaturum.
1052 4137 1121 4192 Pilia
1138 4134 1256 4192 familias
1281 4136 1399 4192 diuortio
1422 4135 1496 4192 facto
1513 4135 1606 4192 dotem

155 4249 309 4320 melre)

154 4396 220 4446 ¹et
243 4401 291 4445 ina.
311 4389 394 4454 (Hal.)
467 4385 665 4457 ’quodquod?
736 4386 863 4440 lstatuit
880 4387 926 4439 del.
998 4383 1113 4440 ‘fuisse
1131 4383 1228 4452 (edd)?

152 4537 172 4590 2
200 4529 380 4588 restituere't'
395 4529 480 4584 debet
501 4527 552 4582 F‘:
583 4527 755 4583 dnesatlrcrda
780 4525 860 4590 air'es
915 4525 1205 4598 inspeciacinajrscea,
1226 4525 1392 4581 amaritoF
1440 4528 1474 4582 16
1487 4523 1607 4596 aequ'a'e

152 4607 207 4678 χρὴ
236 4603 271 4673 τῇ
297 4601 392 4667 maarai
416 4600 468 4654 inb
492 4600 575 4662 ιὸιιογ
594 4600 702 4663 'inanior
720 4600 769 4654 BS
787 4599 860 4669 (na),
919 4599 953 4650 F'
969 4601 974 4666 l
990 4599 1208 4668 ipsnuuliarnF¹
1264 4598 1297 4652 li
1315 4601 1455 4666 praestare
1465 4596 1606 4666 'qnod'co-

151 4683 248 4739 reete,
278 4675 325 4728 aed
352 4680 454 4727 omnino
483 4691 512 4726 ex
537 4678 757 4743 interpretatione:
783 4691 814 4724 ae
833 4691 862 4724 ue
916 4675 996 4738 getur
1018 4670 1056 4721 F’
1113 4671 1149 4726 22
1173 4669 1294 4724 restituit
1316 4669 1362 4726 F’.
1388 4669 1496 4722 restitui
1519 4667 1609 4720 ΕῙΤΟ

154 4747 410 4816 Anonymualeqem
425 4744 644 4797 biliamneminot
677 4741 780 4810 4quod
793 4690 862 4810 siYsi
916 4741 950 4795 25
978 4740 1056 4795 heres
1079 4739 1168 4809 'qnod'
1188 4740 1240 4795 boe
1269 4737 1305 4792 F‘
1380 4740 1415 4794 29
1441 4737 1557 4792 dandam
1587 4737 1612 4789 F

152 4821 196 4873 D.
210 4820 230 4871 l.
243 4835 311 4888 pem.
365 4814 472 4884 boum]
492 4814 612 4876 ean1,
631 4812 782 4882 siquidem
796 4813 832 4866 D.
845 4815 861 4866 l.
916 4814 950 4866 32
968 4812 1112 4866 maluerit
1127 4813 1162 4864 F’
1208 4813 1242 4866 37
1257 4808 1367 4864 etati*l
1383 4813 1388 4875 l
1404 4809 1514 4864 licinnia
1529 4821 1605 4876 grac-

150 4909 228 4963 qem.
290 4887 323 4941 13
341 4882 772 4970 marit01E1Tocnts(na.):
786 4883 814 4968 ⁹ei
832 4881 861 4968 :aa
916 4882 960 4936 chi
977 4883 1071 4952 uxore}
1096 4881 1134 4937 ὲιιὶ
1160 4883 1212 4968 raia·
1227 4881 1349 4968 malefic
1368 4881 1485 4965 M‘mst’i.
1500 4879 1606 4964 Γρρῐχογ

152 4957 862 5100 ιιιιιιιιιιιιιιιιιιιι,ι
915 4953 1048 5096 elna
1154 4954 1296 5010 ιιιι
1318 4952 1356 5004 ι
1408 4952 1442 5006 ι
1570 4950 1607 5002 ι
