3720 5544
958 239 1019 308 Xll

271 421 332 472 rent
345 415 615 472 Pommersleldcnsis
627 431 652 474 c.
661 417 790 488 XXVIII,
810 418 983 474 I'lorentinns
995 434 1020 473 c.
1029 418 1146 487 XXXII,
1159 419 1355 489 Nespcslitsnns
1366 433 1391 473 c.
1400 417 1528 488 XXXVI,
1540 433 1630 488 neque
1641 419 1702 473 Ilo·

269 525 392 580 rentinns
410 523 478 580 liber
496 538 586 595 ncquc
604 525 800 596 Neapolitanus
818 524 870 581 bec
888 527 998 582 nominc
1016 526 1052 582 ab
1070 526 1220 598 ambetypo
1237 527 1319 596 lenge
1336 525 1477 581 recedunt
1490 555 1522 566 -
1541 526 1618 582 Folia
1628 540 1701 582 com·

268 632 438 702 pag'nosquc
456 639 523 702 quot
541 634 728 688 nnmersuerit
746 634 902 704 exemplum
920 633 1114 705 mohetppum,
1138 632 1244 689 deliniri
1265 649 1320 689 non
1337 639 1430 704 potest
1451 649 1504 689 nec
1520 635 1590 689 scire
1607 638 1701 689 nesus

268 739 391 796 Interest.

142 965 249 1012 Sutrinis
321 953 451 1012 Subsidis
468 954 563 1010 critica
580 953 606 1009 ei
623 953 670 1024 qni
689 952 798 1024 digesta
816 954 990 1024 recognoscit
1006 961 1117 1025 prscsto
1135 961 1200 1010 sunt
1217 956 1361 1026 tripertita,
1379 955 1470 1025 posits
1486 955 1590 1010 scilicet
1607 959 1655 1010 ant
1670 955 1699 1010 in

268 1061 410 1120 codicibus
427 1063 536 1131 scriptis
554 1067 602 1116 snt
620 1061 647 1115 in
666 1061 875 1130 allegationibus
894 1061 1062 1131 digestorum
1081 1063 1201 1133 ipsorum
1221 1063 1378 1118 locorumnc
1395 1064 1425 1118 in
1441 1078 1476 1117 cs
1493 1063 1637 1118 relatorum
1653 1067 1700 1118 ant

267 1169 386 1240 deniqne
404 1171 432 1225 ln
449 1167 720 1240 interpretatioudrns
733 1167 860 1223 Graecis:
879 1167 914 1223 de
932 1168 1031 1238 quibus
1050 1169 1138 1225 tribus
1155 1170 1304 1240 gencnbns
1320 1171 1376 1226 ism
1393 1185 1429 1226 ex
1446 1169 1541 1226 ordiue
1559 1185 1681 1240 ιςιιιιιιι.

152 1287 248 1335 dodican
321 1277 452 1334 Codicum
470 1277 638 1347 digestorum
657 1274 728 1330 duae
747 1276 851 1331 classes
868 1282 933 1331 sunt
950 1281 978 1331 et
996 1281 1087 1331 aetate
1105 1283 1133 1332 et
1151 1277 1286 1333 diuisione
1304 1281 1332 1332 et
1343 1278 1461 1332 utilitate
1472 1278 1554 1348 plane
1565 1277 1699 1333 dinsmae.

266 1385 366 1456 prioris
383 1384 486 1440 ordInis
503 1383 564 1439 libri
582 1383 676 1454 scripti
694 1389 759 1438 snnt
776 1385 867 1438 stante
884 1383 973 1438 adbuc
990 1385 1103 1454 Imperio
1121 1385 1146 1438 si
1164 1385 1253 1440 minus
1271 1385 1463 1453 Romanorum,
1481 1389 1556 1440 cens
1567 1385 1699 1440 Romseo-

267 1507 327 1547 rnm
359 1495 388 1546 et
414 1491 632 1562 complectuntur
658 1491 702 1545 nol
728 1489 980 1560 complectebantur
1007 1491 1070 1547 olim
1098 1507 1198 1562 corpus
1224 1493 1382 1547 uniuersum
1411 1496 1553 1561 testesque
1581 1495 1646 1546 sunt
1669 1491 1698 1546 in

266 1599 422 1654 uniuersum
441 1598 547 1654 idonei:
565 1597 725 1668 posterioris
741 1597 845 1654 ordiale
863 1598 957 1666 scripti
975 1603 1040 1654 sunt
1057 1601 1203 1669 postqum
1222 1599 1363 1670 imperium
1379 1599 1531 1654 &manum
1544 1613 1607 1654 esse
1618 1596 1699 1653 desiit

267 1711 472 1778 sequunturque
489 1703 547 1760 lere
564 1704 733 1775 digestorum
752 1704 780 1760 iu
799 1703 853 1758 tris
869 1704 1010 1761 solemius
1028 1704 1188 1766 diuisionem
1207 1705 1397 1762 scholasticam
1415 1711 1555 1776 testesque
1567 1705 1697 1776 suntplc·

105 1824 181 1870 codex
196 1823 248 1870 llo-
266 1828 383 1884 rnmqne
404 1811 531 1883 fallaces,
555 1811 631 1868 dubii
655 1825 772 1882 semper.
808 1811 913 1866 illorum
937 1811 984 1882 qui
1007 1813 1118 1883 quidem
1139 1814 1247 1884 integer
1268 1811 1326 1868 lere
1348 1815 1385 1868 sit
1406 1829 1478 1868 nnus
1499 1817 1617 1869 aetatem
1636 1813 1698 1869 tulit

124 1888 227 1934 rentium
266 1921 452 1976 FlorentInus:
476 1923 620 1992 praeterea
640 1919 755 1975 dnomm
774 1917 901 1974 similinus
921 1917 1050 1976 librorum
1069 1935 1173 1992 paruae
1190 1921 1320 1992 rcIaniae
1338 1925 1486 1991 supersunt
1502 1920 1698 1990 Neapolitanae

265 2033 295 2084 et
311 2025 598 2084 Pommersieldenses.
633 2025 728 2082 horum
747 2031 778 2081 nt
795 2026 906 2112 utililas¹
918 2027 1019 2096 exigna
1036 2031 1093 2099 ost,
1112 2029 1151 2084 ita
1168 2043 1298 2084 numerus
1315 2027 1422 2098 ingens.
1449 2043 1500 2083 nos
1516 2029 1648 2099 prinrnm,
1666 2031 1698 2082 nt

264 2151 316 2206 par
333 2141 384 2203 cst,
403 2135 526 2190 dicemus
544 2135 580 2190 de
598 2133 692 2190 codice
711 2134 867 2190 Florentius
885 2137 955 2190 teste
973 2149 1081 2206 semper
1097 2135 1226 2206 priarario
1243 2139 1272 2190 ot
1283 2149 1366 2206 saepe
1377 2135 1467 2206 unico,
1486 2141 1517 2191 ut
1530 2135 1566 2190 ab
1578 2149 1611 2191 co
1623 2139 1697 2190 recte

265 2245 294 2298 et
312 2242 483 2298 aestimando
500 2247 529 2298 et
547 2239 701 2298 udhdrcudu
719 2239 888 2312 digestorum
905 2241 1033 2298 nasutio
1051 2245 1110 2298 teta
1126 2241 1255 2313 pendeat

89 2361 179 2407 tonius
195 2361 245 2408 luo-
318 2348 399 2404 Uices
417 2349 503 2420 ipsius
521 2347 633 2419 codicis,
650 2353 786 2419 quatenns
805 2349 935 2404 memoria
952 2363 1046 2404 earum
1064 2354 1149 2420 extat,
1168 2365 1230 2405 cnm
1250 2349 1300 2404 eli'r
1313 2363 1415 2419 magns
1431 2354 1461 2404 et
1477 2347 1594 2404 fortasse
1613 2347 1697 2403 nimia

127 2425 211 2533 323¹
264 2455 407 2526 diligentia
423 2455 560 2526 persecuti
578 2455 647 2525 siut,
670 2455 750 2511 nobis
768 2455 835 2511 satis
853 2456 905 2511 erit
922 2459 1024 2512 testeis
1042 2461 1070 2511 et
1087 2457 1228 2526 explorata
1244 2455 1367 2512 breuiter
1384 2455 1580 2526 composuisse.
1599 2485 1631 2495 -
1652 2455 1695 2510 ln·

264 2564 354 2620 notuit
376 2563 492 2634 prImum
512 2563 595 2634 Pisis,
619 2561 666 2618 ubi
685 2565 794 2618 constat
811 2561 934 2619 codicem
953 2563 1077 2619 extitisse
1095 2563 1205 2620 saeculo
1223 2563 1276 2618 XII
1295 2562 1401 2620 modio¹
1417 2577 1469 2620 nec
1485 2561 1631 2633 quominus
1648 2561 1696 2617 diu

265 2675 348 2726 autes
369 2667 451 2726 iuerlt
473 2670 619 2741 quicquam
642 2669 764 2740 Impedit.
797 2673 870 2726 certe
893 2669 946 2726 iam
966 2671 996 2727 in
1014 2671 1125 2726 statutis
1142 2671 1202 2726 eius
1221 2669 1295 2726 urbis
1314 2686 1339 2725 a.
1353 2671 1423 2726 1284
1441 2674 1497 2725 tam
1515 2669 1642 2740 religiose
1660 2667 1696 2724 de

264 2793 298 2834 eo
317 2780 440 2847 cauetur,
459 2781 490 2834 ut
506 2781 639 2848 appareat
657 2791 691 2833 ce
705 2781 796 2834 eetste
809 2791 871 2833 eum
883 2778 909 2834 ln
922 2776 1032 2848 publico
1045 2777 1173 2834 thesauro
1186 2777 1316 2848 singulari
1327 2792 1393 2834 onrs
1405 2776 1571 2833 custoditum
1584 2774 1694 2832 fnisse*⁸

264 2886 342 2942 Pisas
360 2889 452 2942 autom
471 2884 580 2955 quando
599 2889 627 2940 et
645 2883 718 2941 unde
736 2884 850 2956 uenerit,
868 2885 1033 2956 ignoratnrl.
1069 2885 1176 2941 Pisanis
1197 2884 1314 2940 deuictis
1332 2884 1481 2940 Florentini
1498 2899 1524 2940 a
1538 2884 1607 2940 1406
1624 2883 1696 2938 inter

264 2993 394 3065 reliquam
413 2991 542 3064 praedam
561 2991 644 3048 etism
662 2991 838 3062 Digestorum
856 2991 978 3048 codicem
997 2992 1194 3048 transtulerunt
1210 2991 1384 3062 Florentiam,
1402 2990 1449 3046 ubi
1467 2991 1514 3046 diu
1532 2991 1694 3048 adsemstns

265 3101 294 3156 in
310 3099 440 3156 thesauro
458 3098 568 3170 publico
586 3099 613 3156 in
626 3099 730 3154 Palatio
748 3103 841 3155 uetere
859 3099 923 3156 iude
938 3098 972 3155 ab
985 3115 1010 3156 a.
1025 3100 1094 3155 1786
1105 3097 1258 3155 custoditur
1269 3099 1296 3154 ln
1308 3097 1473 3155 bibliotheca
1483 3099 1693 3155 LaurentIana⁴.

263 3222 405 3264 numerum
424 3206 461 3264 lbl
480 3205 569 3264 adbuc
586 3207 689 3262 nullum
707 3205 733 3262 ei
750 3206 954 3278 iuscrIpserunt.

263 3423 351 3491 spatiis
369 3421 516 3474 uocantibus
534 3421 688 3490 rubricisque
712 3433 738 3474 et
755 3422 856 3490 reliquis
874 3421 974 3474 talibus.
1005 3421 1080 3474 etism
1098 3423 1272 3490 typographus
1296 3423 1337 3489 qui
1355 3422 1419 3472 baec
1437 3419 1538 3472 excudit
1555 3420 1615 3470 artis
1633 3436 1693 3470 suae

263 3509 382 3578 imprimis
401 3527 493 3576 gnarus
513 3509 625 3577 pluribus
643 3511 794 3564 editionibus
813 3513 877 3563 inter
896 3528 923 3562 se
942 3511 1091 3579 comparatis
1108 3513 1221 3578 repperit
1232 3513 1369 3563 litterarum
1381 3527 1511 3560 numerum
1523 3508 1599 3562 totius
1611 3509 1693 3574 operis

264 3601 371 3668 demptis
389 3599 530 3666 primordiis
549 3601 612 3652 inter
631 3601 795 3668 quinquagies
814 3609 839 3652 et
857 3601 972 3666 sexagies
990 3599 1142 3666 (52500000
1154 3631 1183 3640 —
1194 3599 1337 3668 5500000).
1367 3599 1440 3651 anxie
1457 3599 1521 3650 baec
1538 3597 1693 3650 ratiocinatio

151 3699 155 3706 '
262 3689 438 3759 persequenda
456 3705 504 3741 non
524 3697 575 3750 ost,
599 3705 654 3742 cum
673 3691 820 3762 pruesqrdm
837 3690 976 3752 nesciatur,
1001 3707 1074 3756 quarn
1098 3699 1214 3742 accurate
1232 3691 1299 3742 iactu
1317 3689 1350 3740 sit
1367 3688 1505 3740 Iustiniana
1522 3687 1566 3738 illa
1589 3703 1692 3753 compu-

262 3782 339 3833 tatio:
363 3795 427 3845 quac
451 3777 519 3829 haud
537 3777 587 3830 scie
606 3795 638 3830 nu
664 3779 786 3846 originem
808 3779 868 3830 inde
892 3778 1008 3840 traxerit,
1032 3779 1098 3846 qued
1123 3779 1238 3845 scriptori
1259 3779 1284 3830 in
1307 3779 1445 3844 scripturae
1468 3793 1556 3828 nemus
1575 3783 1693 3828 centenos

263 3879 331 3922 certa
349 3885 445 3919 summa
463 3867 639 3918 numerabatur
658 3867 692 3934 (ιι.
706 3867 814 3919 edictum
832 3867 980 3918 Diocletiani
999 3867 1031 3919 de
1049 3868 1135 3935 pretiis
1154 3885 1236 3919 rerem
1254 3867 1312 3929 vll,
1330 3867 1384 3933 39).

317 3961 325 3993 ¹
345 3957 414 4008 inter
431 3965 500 4007 certa
517 3965 651 4023 certaeque
669 3957 758 4008 aetatis
778 3957 920 4010 testimonis
938 3957 970 4009 de
988 3958 1044 4009 libri
1064 3956 1187 4009 domicilio
1199 3957 1293 4009 Pisano
1305 3955 1502 4021 antiquissimum
1520 3971 1577 4006 esse
1595 3953 1694 4005 uidetur

262 4049 289 4101 id
314 4047 380 4114 qued
404 4045 510 4096 allicitur
535 4061 566 4096 ex
590 4045 745 4098 uersionibus
765 4045 917 4098 Graecomm
941 4047 1049 4099 locorum
1075 4047 1194 4098 coniectis
1217 4045 1430 4112 aBnrgundiene
1447 4044 1540 4096 Piseno
1564 4044 1590 4109 (t
1605 4043 1693 4110 1104),

262 4153 366 4205 querum
384 4153 430 4186 nes
449 4151 547 4201 quoque
566 4134 691 4201 specimen
710 4135 824 4188 dedimus
849 4135 874 4188 in
897 4136 1029 4189 uoluminis
1053 4135 1142 4203 prioris
1166 4135 1306 4202 appendice
1327 4143 1423 4201 quarta
1451 4151 1483 4184 ea
1500 4133 1566 4185 enim
1584 4132 1693 4184 namatio

262 4229 287 4278 iu
306 4243 336 4278 eo
354 4223 450 4286 nititur,
468 4223 535 4291 qued
554 4223 632 4276 codex
651 4223 685 4274 ibi
704 4223 751 4274 luit
769 4225 813 4275 ubi
829 4223 891 4276 uixit
908 4225 1040 4292 interpres.
1068 4225 1127 4276 item
1140 4225 1234 4276 scholia
1246 4225 1279 4276 sd
1292 4223 1425 4276 Ueturium
1439 4238 1505 4274 saec.
1518 4222 1568 4273 XII
1586 4231 1693 4274 exeunte

261 4316 288 4367 in
306 4313 400 4380 Anglis
418 4313 510 4380 scripta
529 4313 659 4380 aliquoties
678 4312 790 4380 allegant
808 4310 924 4366 ‘litteram
942 4311 1066 4366 Pbanam'
1086 4313 1208 4380 (flavigny
1229 4313 1320 4368 Garri.
1339 4313 1383 4366 des
1400 4317 1463 4365 rom.
1476 4310 1571 4365 Rechts
1582 4311 1608 4372 3,
1620 4309 1692 4376 477).

261 4405 326 4456 iuter
344 4402 517 4455 Bononienses
536 4413 658 4464 auctores,
677 4402 719 4468 qui
737 4403 791 4454 eins
809 4401 908 4455 litterae
927 4403 1020 4454 diserte
1038 4402 1204 4465 meminerint,
1222 4402 1404 4454 uetustissimus
1423 4402 1489 4467 quod
1508 4400 1584 4451 sciam
1601 4399 1691 4466 Hngo·

260 4495 326 4545 linus
339 4501 378 4544 est
390 4493 415 4558 (i
428 4501 486 4559 post
498 4509 520 4542 a.
533 4491 612 4544 ltus:
632 4491 663 4544 ei.
676 4491 788 4562 Surigny
800 4493 817 4546 1.
827 4510 848 4546 c.
861 4493 887 4554 5,
897 4493 951 4560 53),
970 4509 1119 4559 quamquam
1130 4493 1178 4544 etsi
1191 4493 1327 4545 anteriores
1345 4491 1481 4560 prudentes
1500 4491 1532 4541 de
1551 4506 1582 4541 ea
1599 4497 1691 4549 tacent,

261 4585 309 4635 hoe
321 4600 370 4634 non
383 4589 434 4634 tam
447 4589 580 4648 propterea
592 4581 683 4632 iecisse
695 4583 800 4648 putandi
817 4591 883 4645 sunt,
902 4581 969 4650 qnod
986 4581 1134 4634 uocabulum
1146 4581 1302 4648 ignorarunt,
1320 4599 1394 4650 qnam
1406 4581 1472 4647 quod
1486 4580 1541 4632 eius
1553 4579 1692 4631 enuntiatio

262 4675 294 4726 ab
312 4671 480 4724 adnotationis
498 4689 582 4722 eorum
600 4670 684 4722 indole
702 4671 860 4724 abhorrebat.
888 4672 924 4724 its
942 4689 992 4724 non
1010 4671 1105 4732 dubito,
1124 4672 1183 4737 quin
1200 4671 1255 4737 ipse
1267 4671 1375 4724 Irnerius
1391 4668 1530 4736 respexerit
1543 4667 1633 4720 librum
1645 4667 1690 4718 Pi·

261 4779 358 4823 sanum,
376 4759 420 4812 ubi
438 4759 473 4810 sit
491 4761 534 4826 (Il,
547 4759 608 4822 003,
621 4761 679 4827 33)ι
698 4761 767 4815 istud
783 4779 833 4813 non
852 4767 889 4815 esi
907 4761 1021 4814 uddibrm
1041 4779 1058 4813 u
1075 4760 1179 4814 domino
1198 4759 1347 4814 [seliniaco.
1377 4749 1380 4756 ¹
1435 4757 1577 4824 ’savigny
1591 4758 1617 4820 3,
1630 4755 1690 4809 441.

261 4851 273 4886 ⁸
291 4851 356 4902 Nem
374 4849 690 4918 summonuistis)
709 4851 819 4903 namatio
836 4849 958 4917 (Sauigny
971 4851 996 4912 3,
1010 4849 1054 4918 91)
1073 4849 1161 4900 librum
1180 4849 1253 4900 Pisas
1271 4850 1371 4901 uenisse
1384 4845 1599 4914 Constantinopoli
1616 4863 1691 4912 qnam

262 4937 341 4992 altera
371 4937 451 5004 magis
481 4937 607 4990 celebrata
630 4938 752 5006 (savigny
771 4939 801 5002 3,
824 4937 967 5006 tis-102)
990 4938 1096 4990 Pisanos
1120 4941 1149 4990 ιι.Ι
1163 4937 1230 4990 1135
1255 4937 1362 4989 smslfio
1384 4937 1477 5005 oppido
1500 4945 1643 5004 expugnato
1664 4935 1690 4986 in

262 5027 359 5096 prseds
382 5043 439 5079 eum
458 5027 558 5080 domum
576 5029 708 5082 aduenisse
726 5029 817 5081 idoneo
836 5037 937 5082 auctore
955 5027 1131 5080 destituuntur.
1240 5025 1251 5060 ⁴
1275 5027 1409 5078 Extremae
1431 5026 1523 5079 codicis
1545 5025 1613 5076 uices
1635 5041 1691 5076 cnm
