3720 5544
777 280 879 350 LXIII

133 460 198 514 riores
218 472 313 514 omues
337 455 373 512 eb
396 473 451 513 uno
472 456 625 527 eodemque
643 457 792 526 exempieri
810 453 992 525 descendant,
1014 455 1092 511 euius
1111 457 1258 527 uestigium
1277 457 1489 526 deprehendisse
1508 458 1543 514 ed

132 564 247 620 emnium
265 578 370 620 nonum
387 563 559 619 adscendens
575 562 641 618 iicet
658 562 695 618 ed
712 561 794 618 crisin
812 560 1010 633 pendeotnrum
1028 577 1133 633 pernrn,
1151 567 1244 618 temen
1263 563 1298 618 ed
1312 563 1464 620 studiomm
1477 565 1544 621 iuris

130 671 313 740 iteri-nmque
336 669 477 726 historiam
500 669 603 740 uliquid
625 669 755 725 momenti
779 667 871 725 hebet.
904 673 933 724 et
955 668 1057 725 sdsuut
1080 684 1146 726 uere
1168 669 1303 740 queedem
1331 669 1445 743 indicio,
1472 685 1544 742 quee

130 777 195 834 telem
209 776 340 856 librorum
357 776 537 848 propngInem
556 791 611 832 uon
629 774 785 832 euidentem
804 775 924 846 quidem,
942 777 1117 832 uerIsimilem
1136 781 1229 833 temen
1246 776 1391 833 reddunt¹.

168 885 196 940 in
210 883 326 940 mundi
343 883 446 939 ordinis
462 881 540 938 libris
556 881 708 940 emendis
726 887 790 939 ente
807 883 900 940 omnin
917 882 969 938 hoc
987 883 1136 940 tenendum
1154 887 1198 939 est
1215 883 1243 940 iu
1258 899 1370 940 censum
1384 899 1438 940 uon
1450 885 1544 940 uenire
1586 893 1680 940 cedices

127 991 167 1046 nisi
181 991 384 1062 sutiqniseimoe
400 1005 526 1062 quosque
542 995 573 1048 et
589 988 747 1048 ebinIendoe
764 1005 826 1046 esse
843 1005 898 1046 non
917 989 1005 1046 solnm
1023 991 1098 1062 typis
1116 990 1267 1061 descriptos
1284 1005 1379 1047 omnes
1398 1007 1460 1047 cum
1476 991 1544 1046 elios
1562 954 1705 1064 {2³2²ssssssssssss

127 1103 172 1152 tm
187 1097 402 1154 iisioeudrinum
419 1101 455 1164 (e.
469 1097 563 1168 1529),
587 1096 637 1153 sed
656 1097 739 1153 etiem
758 1097 863 1154 oelemo
881 1101 1010 1154 enmetoe
1028 1097 1207 1168 recentiores,
1229 1101 1365 1168 quotquot
1381 1101 1485 1154 extent.
1516 1097 1544 1154 hi
1589 1080 1681 1126 ¹³⁰²³¹²⁸

126 1205 183 1260 enirn
203 1203 264 1261 iibn'
287 1209 347 1260 tem
369 1205 463 1275 scripti
486 1219 569 1274 quem
592 1201 660 1260 editi
680 1204 720 1260 ite
737 1203 858 1274 pendent
876 1219 893 1259 e
911 1201 1061 1274 prioribus,
1085 1209 1117 1259 ut
1133 1203 1267 1274 quidquid
1284 1203 1423 1275 proprIom
1441 1203 1545 1260 hebent

124 1309 281 1368 chuendum
300 1311 339 1368 eit
360 1316 409 1368 eut
432 1311 565 1382 repetitee
585 1311 692 1366 iuterim
711 1309 860 1367 florentini
881 1309 984 1366 codicis
1007 1311 1116 1366 lectioni
1140 1312 1229 1377 (cuius
1252 1311 1361 1382 generis
1384 1312 1544 1383 praesertim

124 1433 150 1473 ee
167 1421 239 1489 sunt,
266 1433 340 1490 quse
366 1419 539 1490 reperiuntur
564 1417 682 1489 primum
711 1418 739 1474 in
764 1415 935 1488 merginihus
957 1414 1087 1474 librorum
1114 1419 1256 1474 meliorum
1282 1423 1380 1489 posteo
1406 1418 1545 1490 edscripte

124 1525 199 1581 littere
209 1525 325 1582 'Hesus'
337 1527 441 1597 possim
459 1527 545 1582 citete
561 1525 731 1595 ucmtnetim,
750 1523 849 1580 deiude
867 1523 896 1580 in
913 1523 1036 1580 ordinem
1055 1523 1200 1582 uerborum
1218 1530 1330 1596 recepte
1341 1525 1369 1581 iu
1381 1525 1457 1582 irbrie
1470 1525 1544 1582 dete-

123 1631 235 1704 dnnbns,
259 1632 426 1704 deprompto
447 1647 482 1688 ex
500 1630 562 1688 nuri
580 1631 729 1688 Florentini
752 1629 984 1702 recognitionibus
1006 1635 1070 1704 poet
1092 1630 1240 1688 etebiiitem
1265 1631 1436 1702 aliquetenus
1454 1633 1544 1702 pristi-

123 1755 173 1796 nem
188 1739 334 1797 lectionem
352 1739 553 1796 Bononiensem
572 1739 715 1806 institutis)
733 1743 782 1794 eut
799 1737 884 1794 errori
902 1736 1003 1794 iihrerii
1022 1744 1083 1810 eut,
1102 1739 1127 1796 ei
1144 1738 1255 1809 quendo
1272 1739 1409 1810 propriem
1428 1753 1545 1810 eemqoe

121 1845 275 1916 probabilem
298 1847 446 1904 lectionem
469 1851 640 1917 proponunt,
662 1845 848 1903 emendationi
866 1847 895 1902 et
912 1845 1116 1902 coniecturee²:
1140 1861 1210 1916 ques
1228 1845 1399 1902 coniectores
1417 1845 1544 1916 entiquee

121 1953 159 2010 uti
173 1954 200 2010 in
216 1953 287 2011 b'bro
305 1954 409 2025 scripto
426 1952 544 2024 offendi,
562 1951 639 2010 libris
657 1951 839 2009 deterioribue
857 1953 939 2020 (dett)
957 1959 1085 2024 ecceptes
1102 1953 1166 2024 tuli,
1185 1951 1232 2008 uhi
1250 1951 1278 2008 iu
1296 1951 1366 2010 libro
1384 1951 1467 2024 edito,
1486 1953 1543 2010 edi·

122 2059 226 2116 h'ondrus
244 2063 334 2130 (eddi
368 2061 426 2118 ecio
447 2059 523 2132 epod
541 2059 607 2116 luris
630 2059 793 2132 prudentes,
817 2074 933 2130 quorum
958 2058 1039 2116 hodie
1058 2059 1206 2116 euctorites
1224 2059 1338 2132 obtinet,
1356 2059 1416 2116 eius
1434 2060 1544 2131 generis

120 2167 190 2224 duros
206 2166 323 2226 misifice
340 2169 443 2240 euspici
466 2181 585 2238 eumque
606 2165 784 2239 prudentem,
806 2167 854 2238 qui
876 2165 1042 2238 philologum
1065 2171 1144 2238 eget,
1167 2181 1217 2238 pro
1240 2167 1302 2224 ioco
1324 2166 1473 2224 obtinendo
1496 2167 1543 2223 de·

121 2279 258 2332 uousbme
280 2275 370 2332 solere
393 2275 546 2346 inspexisse
570 2289 600 2331 se
624 2275 729 2345 eliquot
751 2273 892 2331 uniumIne
909 2273 1013 2330 Bertoii
1036 2277 1065 2330 et
1082 2273 1161 2329 Beldi
1184 2275 1348 2346 elegentinm
1371 2273 1543 2345 resipientie:

120 2395 197 2453 neque
212 2387 310 2438 tumen
327 2382 400 2453 epud
418 2395 583 2454 quemquern
608 2395 701 2438 eorum
725 2383 903 2452 expienetum
926 2379 996 2450 uidi,
1019 2393 1068 2436 cur
1091 2379 1187 2437 eudire
1210 2381 1305 2437 meliut
1329 2381 1376 2453 qui
1396 2385 1544 2438 exererent

119 2489 195 2558 pen'ss
215 2491 288 2546 istus
312 2487 500 2546 Bononieneee
522 2489 623 2560 quique
646 2487 747 2545 deiude
770 2503 818 2544 ess
840 2487 930 2559 pedes
953 2485 1105 2560 typothetis
1129 2487 1311 2558 heehderunt,
1339 2503 1422 2558 quem
1444 2487 1542 2544 librum

119 2595 241 2653 nordico
258 2597 462 2668 florentinum,
486 2601 516 2652 et
539 2600 613 2652 certe
631 2595 784 2652 Perisinum
802 2595 1002 2652 Ueticeuumne
1022 2593 1128 2652 Ueterie
1151 2595 1252 2667 digesti
1276 2593 1384 2652 duobus
1402 2595 1543 2651 miuimum

119 2703 222 2760 seecui'm
245 2703 424 2760 uetustiores.
457 2717 510 2760 nec
533 2702 621 2774 megin
644 2703 726 2759 uilem
751 2703 895 2760 lectionem
913 2702 988 2774 opud
1006 2701 1172 2774 antiquiores
1190 2707 1317 2760 euntores
1335 2717 1390 2759 non
1407 2707 1543 2774 reportem

119 2809 216 2866 rurum
237 2810 301 2866 uidi
323 2811 383 2866 eine
404 2825 439 2866 ex
461 2808 531 2866 libro
553 2809 656 2880 scripto
682 2825 745 2866 cum
767 2811 861 2881 piceee
888 2809 1026 2866 ordinerie
1051 2809 1111 2866 eine
1137 2823 1172 2866 ex
1196 2808 1411 2880 Roburgerienie
1437 2809 1490 2866 iilis
1515 2813 1544 2865 et

118 2915 277 2974 iensonienis
297 2921 326 2974 et
342 2915 560 2988 Begesuonieuis
583 2915 748 2974 editiombus
771 2917 815 2973 uei
838 2915 908 2974 edeo
931 2931 966 2972 ex
990 2917 1051 2988 ipso
1069 2915 1238 2988 Heioendre,
1262 2932 1343 2988 quem
1367 2931 1422 2972 uon
1440 2913 1543 2972 referes

119 3021 180 3079 inem
199 3029 334 3096 certeque
356 3025 461 3082 notione
484 3028 533 3080 eut
556 3023 591 3080 sd
614 3037 732 3080 errorem
756 3021 858 3079 librerii
879 3023 1028 3080 edimrisum
1050 3029 1098 3080 eut
1116 3023 1152 3082 ed
1169 3023 1396 3080 emendetionem.
1428 3022 1502 3093 quod
1519 3023 1543 3078 ei

119 3131 157 3200 qui
175 3131 372 3202 Improbebuut
393 3135 423 3187 et
445 3129 580 3188 eiusmodi
603 3130 749 3188 lectionem
772 3145 807 3186 ex
829 3129 979 3203 archetypo
997 3131 1163 3202 nescioquo
1181 3131 1289 3188 iuterim
1307 3133 1544 3202 repertoetmox

118 3236 204 3294 iterum
220 3237 368 3310 deperdito
386 3235 524 3308 proieuei
541 3236 715 3308 iudicabunt,
734 3251 828 3293 eorum
846 3242 890 3294 est
907 3239 1073 3295 eontrerium
1093 3238 1191 3295 docere
1212 3243 1242 3294 et
1262 3237 1463 3310 demonstrere,
1481 3237 1543 3308 quis

119 3357 146 3398 en
165 3343 283 3402 libreriis
305 3343 492 3402 editoribusue
517 3344 570 3400 iilis
593 3343 716 3401 codicem
739 3349 838 3402 nectus
864 3345 901 3401 sit
923 3343 959 3400 eb
981 3346 1016 3402 iis
1039 3344 1139 3416 quibos
1164 3345 1254 3402 ndhue
1278 3345 1380 3401 nilmnr
1403 3342 1542 3400 dinemom

118 3448 223 3523 indeque
252 3451 424 3523 ffigestomm
454 3449 540 3508 uerhe
568 3451 728 3508 emendetit.
768 3451 818 3508 sed
847 3457 941 3508 temen
969 3467 1005 3508 ne
1034 3453 1146 3510 nimium
1177 3452 1327 3524 sumpsisse
1357 3451 1424 3508 mihi
1448 3451 1543 3508 uideer

117 3555 232 3622 (hrueee
257 3559 350 3630 enim,
372 3573 406 3615 ex
430 3574 485 3630 quo
508 3559 575 3615 iuris
599 3559 786 3615 consultorum
807 3563 899 3616 cestre
915 3559 1025 3616 deserui
1043 3565 1072 3616 et
1089 3560 1191 3617 contuli
1209 3575 1252 3616 me
1270 3559 1306 3616 ed
1323 3559 1477 3631 philologos
1494 3558 1543 3615 ho·

118 3665 192 3722 unes
208 3665 381 3738 suspitiosos
398 3671 428 3722 et
444 3664 574 3722 librorum
592 3665 763 3722 nouioicrum
781 3665 862 3723 hodie
880 3665 937 3722 iere
955 3669 1166 3738 contemptores,
1185 3665 1312 3724 iuhebihe
1329 3664 1420 3723 iectus
1432 3681 1493 3722 sum
1507 3666 1542 3722 ed

118 3770 185 3828 istius
201 3772 315 3844 generis
332 3771 476 3830 theeeuros
493 3777 568 3830 reete
586 3772 791 3842 sestimeudoe),
810 3773 838 3828 iu
857 3772 1052 3830 edditementie
1069 3774 1226 3846 speeImInie
1237 3789 1322 3830 eeuse
1333 3773 1437 3830 ueriem
1449 3773 1542 3830 lectio·

119 3892 170 3934 nem
187 3879 302 3936 exhibui
319 3885 477 3951 excerptem
496 3895 530 3936 ex
548 3879 683 3935 eiusmodi
701 3879 810 3950 generis
827 3877 903 3936 libris
921 3881 1033 3952 eliquot,
1051 3881 1099 3952 qui
1116 3880 1187 3938 forte
1205 3881 1241 3937 ed
1260 3895 1357 3936 menne
1375 3879 1492 3950 fuerunt,
1511 3883 1543 3936 ut

119 3983 172 4042 inde
192 3991 342 4060 eppmeret
362 3985 429 4043 nibd
451 3987 480 4042 in
502 3985 537 4042 iis
560 3985 672 4058 reperIri
696 3985 769 4058 quod
790 3989 820 4042 et
836 3988 977 4058 proprium
994 3991 1024 4044 et
1041 3985 1143 4045 bonnm
1160 3989 1211 4060 eit,
1235 3987 1422 4044 Heioeudrum
1440 3991 1541 4058 eutem,

120 4094 158 4162 qui
173 4095 266 4152 nescio
285 4095 424 4165 quomodo
441 4094 552 4166 saepius
570 4095 671 4152 citetur
688 4108 771 4165 quem
789 4093 886 4164 reliqui
904 4093 1023 4152 editores
1042 4095 1146 4166 entiqui
1164 4095 1267 4167 periter
1277 4093 1395 4166 Inutiles,
1414 4109 1469 4150 nou
1481 4110 1542 4166 pro·

119 4201 230 4268 pesu'mee
253 4201 310 4258 uisi
332 4201 477 4258 lectionem
499 4201 639 4271 umgetem
663 4201 756 4256 multis
776 4201 843 4258 iocis
861 4207 936 4258 recte
954 4201 1126 4258 emendetem
1145 4201 1181 4258 ed
1198 4202 1396 4271 Florentinum,
1420 4201 1543 4273 plurimis

120 4313 198 4362 eutem
220 4307 382 4364 coniectura
403 4321 491 4378 oeque
513 4307 673 4378 plerumque
693 4307 851 4380 temerarie,
875 4325 937 4365 rero
954 4307 1036 4366 felici.
1068 4314 1229 4380 epperetum
1248 4309 1288 4365 ite
1304 4307 1407 4364 lectum
1426 4308 1490 4366 dedi
1507 4323 1542 4365 ex

120 4407 215 4481 dignm
232 4413 337 4471 Uetere
353 4414 390 4471 sd
406 4416 433 4486 5,
444 4415 526 4471 3-6
543 4413 571 4470 in
589 4415 670 4471 uoti
689 4413 753 4471 edd.
764 4415 804 4472 111
822 4417 1039 4488 (p.1t·-34·):
1057 4431 1092 4474 ex
1110 4413 1253 4473 infortietn
1271 4415 1307 4472 ud
1324 4417 1399 4487 28,2
1415 4416 1444 4472 in
1462 4415 1542 4473 uol.l

164 4607 232 4661 isis
247 4611 276 4670 4,
292 4608 325 4662 17
340 4611 464 4681 prouiF,
488 4617 517 4665 ui
538 4610 654 4668 RPVU:
679 4612 738 4674 8,3
761 4613 914 4684 oppiomh',
937 4621 961 4668 st
984 4621 1089 4686 oppium
1112 4613 1199 4668 RPU:
1226 4613 1266 4677 10,
1284 4614 1319 4665 24
1341 4620 1475 4684 rescripsit
1498 4614 1542 4678 li,

121 4698 238 4765 respoudit
255 4697 302 4764 Ρ,
318 4705 424 4770 mipeit
440 4699 556 4754 RPVUz
577 4701 648 4763 11,4
665 4701 707 4757 iu
722 4701 750 4766 F,
768 4709 791 4757 e'e
809 4709 833 4757 si
849 4701 961 4758 RPVU.
989 4711 1075 4755 contre
1096 4704 1183 4767 11,19
1202 4703 1319 4758 polemio
1330 4701 1437 4756 RPVU
1450 4703 1542 4770 (neque

123 4781 182 4836 rite
197 4785 261 4838 luber
277 4787 412 4854 Pspieusis
430 4789 636 4856 Imugoherdicue
653 4807 720 4843 mon.
732 4791 818 4843 Germ.
832 4791 883 4844 LL.
897 4792 933 4843 1v
952 4809 978 4859 p.
990 4791 1052 4859 291)
1076 4809 1122 4859 pro
1142 4797 1261 4846 noeroitr'o
1279 4791 1303 4844 F
1317 4790 1440 4857 proficisci
1457 4799 1542 4858 potest

124 4887 148 4920 tx
162 4876 361 4938 pmmdedcue
379 4885 503 4945 corrupte.
531 4879 571 4931 his
589 4879 684 4932 eddent
701 4880 779 4932 nerhe
797 4887 881 4935 eutem
898 4883 1020 4952 sulpicius
1038 4881 1065 4942 9,
1077 4881 1100 4932 8·
1112 4889 1139 4932 et
1156 4889 1201 4952 qui
1220 4882 1260 4942 10,
1273 4880 1317 4943 22,
1335 4881 1377 4946 qui
1390 4899 1421 4931 ee
1433 4880 1541 4932 deriusri

125 4974 148 5008 υ
163 4963 296 5034 neteppo
314 4967 445 5034 negebunt
462 4969 498 5036 (ιι.
517 4986 542 5036 p.
555 4968 626 5020 dxii
644 4985 669 5021 n.
684 4970 719 5036 1).
825 4969 837 5002 ¹
859 4969 899 5022 Ite
916 4971 950 5034 11,
962 4968 1024 5033 741,
1039 4971 1074 5021 28
1092 4987 1152 5022 uere
1169 4969 1312 5022 coniectore
1330 4969 1477 5036 proponitur
1493 4969 1541 5020 snb
