3766 5554
183 299 319 348 »Μ
861 273 949 354 683
1334 275 1438 346 XXIII
1459 281 1479 346 3
1500 285 1615 342 ee-no

183 455 270 510 neque
295 439 392 494 durare
415 437 623 509 obligationem,
646 437 671 492 ei
693 441 757 508 post
775 437 886 492 alterins
905 435 1106 492 matrimonium
1126 436 1151 492 ei
1169 435 1256 492 nubat
1273 437 1318 493 eni
1336 436 1428 494 dotem
1446 436 1615 507 promiserat,

182 533 247 583 tune
263 529 353 584 lboum
371 527 464 598 babet,
483 543 544 583 oum
563 527 776 582 intercesserunt
794 525 863 582 dieo
881 525 1001 596 nuptiae.

129 617 164 676 69
234 618 313 672 qurr
329 616 398 673 libro
417 621 514 687 quarto
531 630 734 686 responsorum.
765 615 834 670 Cum
852 619 917 685 post
934 613 1081 669 diuortium
1099 613 1159 668 uiro
1176 613 1280 668 noiomo
1298 615 1396 669 mulier
1412 614 1441 670 lu
1459 609 1661 698 Q?

181 707 382 778 possessionem
406 705 580 776 praediorum
603 718 674 774 quoe
697 704 726 758 in
743 702 835 758 dotem
853 703 979 773 promisit
995 704 1077 772 longo
1095 707 1218 773 tempore
1236 700 1330 772 luerit,
1354 705 1515 760 eouuenisse
1532 705 1615 760 tacite

182 794 299 864 uidetur,
317 810 352 849 ue
371 793 422 849 dos
438 808 510 863 quse
529 793 664 863 promissa
681 790 771 847 iuerat
787 797 906 862 petatur,
925 797 961 860 et,
980 792 1004 846 si
1020 795 1114 862 petere
1132 805 1167 846 ea
1184 793 1313 861 eoeperit,
1331 793 1405 862 paeti
1423 795 1616 863 exeeptiouea
1635 803 1648 844 e

150 893 163 939 1
182 885 294 940 muliere
312 884 458 954 repellitur.
486 883 583 937 liulier
599 881 744 954 pecuniam
762 880 815 936 sibi
833 880 953 936 debitam
973 897 990 935 a
1007 877 1071 934 Seio
1089 895 1151 935 eum
1169 881 1260 936 usuris
1272 878 1357 936 futuri
1368 882 1499 952 temporis
1511 883 1539 938 in
1551 881 1616 940 dote

180 973 365 1044 promittenda
389 971 600 1026 demonstrauit:
625 985 673 1026 eas
696 985 804 1040 quoque
828 969 901 1025 dude
923 969 1076 1039 portionem
1100 983 1175 1037 esee,
1200 983 1314 1039 querum
1338 969 1397 1024 dies
1420 975 1484 1040 poet
1505 971 1616 1042 nuptiae

150 1063 278 1133 toeesit,
300 1061 414 1116 rationis
432 1065 484 1116 est.
522 1058 624 1115 Ueurns
642 1059 714 1114 dotis
732 1059 761 1114 in
778 1059 938 1129 stipulatum
957 1073 1019 1114 eum
1039 1057 1103 1112 dote
1121 1063 1186 1126 post
1202 1057 1349 1114 diuortium
1368 1059 1502 1114 deductas
1520 1075 1554 1114 ex
1572 1059 1616 1116 die

181 1151 296 1207 mundi
319 1149 483 1205 matrimonii
507 1163 562 1203 non
585 1163 647 1202 ereo
670 1147 850 1217 praestandae
873 1147 988 1218 plaouit,
1012 1146 1151 1226 quia'ueo
1175 1147 1256 1202 sortis
1279 1149 1386 1204 exaetio
1407 1148 1496 1204 ionum
1516 1146 1617 1204 bebere

149 1250 163 1294 o
181 1241 285 1310 eoepit:
304 1238 387 1294 medii
405 1243 498 1293 autem
516 1237 647 1305 temporis
665 1235 846 1292 debebuutur.
874 1236 905 1290 ln
922 1234 1034 1290 domum
1046 1233 1169 1290 absentis
1181 1251 1266 1290 uxore
1277 1236 1405 1306 deduota,
1424 1237 1503 1294 uullle
1515 1237 1544 1292 iu
1555 1251 1616 1292 eam
1637 1249 1664 1290 ro

180 1331 287 1384 interea
310 1343 344 1382 ex
367 1325 448 1382 bouis
471 1324 523 1380 uiri
541 1323 695 1394 sumptibus
715 1323 808 1393 laetis,
832 1323 867 1380 ad
886 1323 1080 1378 exhibitionem
1099 1323 1191 1378 uxoris
1208 1325 1358 1394 promissae
1376 1341 1473 1380 usuros
1491 1341 1617 1382 reuersus

147 1428 163 1473 t
181 1419 225 1472 uir
244 1414 367 1486 improbe
384 1416 463 1484 petit.
499 1413 591 1468 Gener
608 1429 625 1468 e
643 1427 738 1469 eouero
757 1413 849 1468 dotem
868 1412 1000 1468 arbitratu
1018 1411 1107 1468 soteri
1124 1421 1200 1468 oerto
1218 1412 1262 1468 die
1281 1412 1340 1468 dari
1357 1430 1413 1470 non
1431 1414 1618 1470 demonstrate

180 1521 210 1562 re
235 1507 278 1560 uel
301 1504 455 1574 quantitate
479 1502 625 1573 stipulatus
649 1499 751 1556 iuerat:
776 1501 888 1556 arbitrio
906 1515 1014 1571 quoque
1032 1501 1156 1557 detracto
1174 1501 1378 1572 stipulationem
1396 1503 1489 1558 uslere
1506 1504 1617 1574 plaouit,

179 1610 233 1650 uee
250 1593 338 1648 uideri
356 1593 452 1661 simile,
470 1591 544 1662 quod
562 1589 648 1646 fundo
667 1605 721 1646 non
740 1589 926 1646 demonstrato
944 1590 1046 1646 nullum
1060 1605 1121 1644 esse
1134 1591 1255 1659 legatum
1267 1590 1313 1644 uel
1325 1590 1527 1661 stipulationem
1540 1589 1618 1646 fundi

179 1687 334 1751 eouetaret,
359 1697 421 1736 oum
444 1681 515 1735 iuter
533 1678 644 1734 modum
662 1679 870 1734 eonstitueudae
888 1679 961 1734 dotia
979 1687 1002 1732 et
1020 1693 1119 1748 eorpus
1136 1679 1259 1748 ignotum
1279 1678 1433 1734 differentis
1450 1693 1552 1748 magua
1568 1679 1617 1736 sit:
1638 1692 1665 1734 re

180 1772 255 1828 dotis
281 1771 381 1826 etenim
406 1769 545 1838 quantitas
566 1783 616 1838 pro
639 1767 721 1822 modo
744 1765 915 1823 facultatium
938 1767 1023 1837 putris
1046 1771 1075 1821 et
1097 1767 1231 1836 dignitate
1254 1768 1344 1824 meriti
1367 1768 1496 1823 constitui
1517 1773 1617 1838 potest.

147 1865 161 1912 t
179 1861 291 1930 Nuptiis
314 1875 349 1915 ex
367 1859 509 1914 uoluntate
526 1857 612 1926 patrie
629 1856 736 1926 puellae
755 1871 817 1911 enm
836 1855 891 1912 lilio
908 1855 1008 1911 tutoris
1025 1856 1084 1912 iore
1102 1857 1250 1912 eontraotis
1267 1857 1318 1912 doe
1335 1871 1385 1927 pro
1405 1855 1486 1912 mode
1504 1855 1618 1912 iruulta·

147 1951 250 2005 etium
275 1953 304 2004 et
325 1949 457 2018 dignitate
479 1945 610 2000 natalium
630 1949 704 2000 reete
722 1960 771 2014 per
789 1950 906 2000 tutorem
926 1945 1054 2000 eonstitui
1072 1950 1171 2015 potest.
1208 1946 1327 2001 Patrona
1344 1945 1436 2000 dotem
1454 1961 1504 2015 pro
1521 1944 1619 2000 liberta

148 2044 161 2088 7
179 2039 241 2094 inre
258 2039 430 2108 promissam,
450 2034 523 2105 quod
543 2035 679 2089 exstiterit
695 2035 812 2102 ingnote,
832 2049 885 2089 nou
906 2033 915 2103 ll
935 2033 1070 2088 retinebit
1099 2033 1166 2089 Cum
1185 2049 1229 2088 res
1247 2033 1274 2090 in
1293 2032 1385 2088 dotem
1404 2035 1564 2096 aestimatas
1576 2049 1618 2090 so·
1637 2055 1660 2104 q.
1670 2041 1700 2090 tt
1721 2041 1738 2088 l.
1750 2041 1795 2087 tte

179 2129 240 2184 luto
258 2125 430 2182 matrimonio
448 2123 526 2178 reddi
544 2123 661 2193 placuit,
679 2137 787 2178 summa
804 2122 972 2192 declaretur,
991 2137 1045 2178 nou
1063 2121 1186 2178 uenditio
1204 2121 1384 2178 eontrabitur:
1403 2122 1519 2191 ideoque
1537 2122 1619 2178 rebus
1637 2135 1666 2176 eo

147 2215 294 2282 teuiotis,
314 2215 337 2270 si
356 2215 453 2269 mulier
470 2212 544 2268 bono
561 2209 616 2267 fide
634 2225 682 2266 eas
700 2211 814 2280 dederit,
834 2211 907 2266 nulla
925 2215 968 2266 est
985 2211 1058 2266 autin
1075 2211 1148 2266 uiro:
1167 2211 1286 2280 alioquin
1305 2211 1339 2266 de
1357 2211 1420 2267 dolo
1438 2217 1555 2266 tenetur.
1587 2211 1619 2266 Iu

179 2305 275 2362 dotem
293 2304 375 2359 rebus
393 2303 546 2359 aestimatis
561 2305 604 2356 etl
618 2300 734 2369 traditis,
752 2301 878 2369 quamuis
891 2315 939 2354 eae
952 2301 1048 2356 mulier
1060 2300 1088 2355 iu
1100 2315 1152 2356 uso
1164 2299 1272 2369 babeat,
1291 2301 1342 2355 uiri
1355 2299 1503 2355 dominium
1516 2299 1619 2356 laetum

148 2398 162 2445 t
179 2395 330 2450 uideretur.
365 2393 477 2448 Portum
503 2390 635 2446 dotalium
654 2389 811 2444 ancillarum
831 2387 903 2444 dotis
922 2403 983 2444 esse
1001 2389 1153 2458 portionem
1173 2389 1301 2445 nouneuit
1318 2389 1435 2458 ideoque
1453 2387 1556 2445 frustra
1572 2405 1619 2460 pu

179 2483 249 2538 oisoi
265 2483 363 2552 uirum,
382 2485 413 2535 ut
430 2481 502 2535 inter
520 2493 632 2534 uxorem
651 2483 679 2532 et
697 2493 727 2532 se
745 2481 841 2548 partus
859 2477 1011 2533 eommunis
1029 2478 1073 2534 eit.
1639 2489 1668 2531 es

124 2565 163 2624 70
236 2572 356 2626 Pnumne
373 2568 442 2624 libro
460 2573 538 2624 eexto
557 2567 758 2636 quaeetiouum.
789 2566 821 2621 Iu
839 2565 975 2636 ambiguis
993 2581 1043 2636 pro
1062 2565 1172 2622 dotibus
1190 2581 1231 2622 re·
1264 2577 1467 2640 b.to,17‚eepr.
1484 2578 1620 2635 o.ue‚1‚oo
1637 2571 1666 2628 P

180 2659 318 2732 spondere
336 2659 433 2714 melino
451 2660 503 2712 est.

124 2745 160 2804 71
236 2749 315 2802 qurr
336 2747 406 2802 libro
427 2746 508 2801 tertio
526 2743 633 2800 deoimo
652 2744 852 2813 quaestionum.
889 2741 959 2798 Cum
977 2741 1070 2798 dotem
1088 2741 1209 2798 mulierie
1227 2744 1337 2800 nomine
1354 2749 1444 2800 extra·
1462 2739 1620 2828 [Q
1638 2749 1665 2805 P

179 2851 252 2893 uene
270 2834 403 2906 promisit,
422 2834 542 2889 mulieris
560 2833 711 2904 perieulum
730 2836 788 2888 eet:
806 2831 856 2888 sed
874 2831 898 2886 ei
916 2831 1031 2886 maritus
1049 2846 1148 2888 nomeu
1166 2837 1278 2888 aeoutus
1295 2849 1393 2888 usurae
1405 2835 1533 2904 exegerit,
1550 2835 1621 2904 peri·

180 2927 275 2982 onium
294 2925 353 2980 eius
372 2923 493 2979 futurum
511 2922 701 2993 respondetur.
1639 2933 1668 2975 ae

125 3011 162 3070 72
237 3015 315 3070 Iums
336 3011 405 3069 libro
428 3017 527 3068 ootauo
550 3025 752 3082 responsorum.
789 3009 887 3066 liulier
909 3007 984 3066 bona
1007 3023 1058 3064 eus
1081 3007 1174 3064 omnia
1194 3008 1223 3064 iu
1244 3008 1336 3064 dotem
1355 3009 1445 3066 dedit:
1464 3005 1620 3094 [ᾗῇ-εἶ
1638 3017 1666 3071 P

180 3117 300 3174 quaero,
325 3119 360 3157 an
383 3101 498 3156 maritus
520 3102 600 3171 quasi
617 3100 698 3156 beree
716 3098 845 3155 oneribus
863 3096 1030 3169 respondere
1047 3101 1171 3167 negatur.
1203 3099 1306 3154 Paulus
1323 3100 1465 3170 respoudit
1481 3115 1543 3156 eum
1562 3100 1620 3170 qui·

180 3191 256 3262 dem,
275 3193 321 3262 qui
339 3195 399 3246 totu
416 3205 452 3246 ex
469 3191 680 3260 repromissione
698 3188 771 3244 dode
789 3187 863 3244 boue
880 3187 1001 3243 mulieris
1019 3187 1139 3258 retinuit,
1158 3205 1176 3243 a
1193 3187 1373 3244 oreditoribus
1391 3189 1530 3244 oonueuiri
1544 3188 1622 3244 eius¹

180 3297 240 3338 uon
262 3295 358 3350 posse,
381 3279 432 3335 sed
455 3293 510 3336 uon
528 3278 590 3350 plus
608 3292 670 3335 eese
688 3278 717 3334 in
735 3277 915 3348 promissione
933 3275 1065 3333 bonorum
1084 3292 1167 3347 quani
1185 3276 1260 3347 quod
1278 3282 1404 3347 superest
1421 3276 1540 3332 dedueto
1558 3290 1621 3332 aere

148 3378 161 3424 1
180 3357 282 3426 aliene.
314 3369 434 3424 Pronus
455 3366 598 3437 respondit
618 3367 647 3422 in
670 3365 753 3422 rebue
772 3365 910 3422 dotalibus
928 3367 1010 3421 etiam
1028 3371 1135 3436 patrem
1154 3365 1243 3420 mariti
1262 3365 1353 3421 dolum
1372 3371 1401 3420 et
1418 3366 1526 3435 eulpam
1544 3380 1621 3436 pree·

148 3470 163 3516 t
181 3463 258 3514 stare
284 3457 393 3512 debere.
427 3457 546 3512 Pnuuue
570 3456 725 3526 respondit,
748 3456 772 3511 ei
790 3455 887 3510 mulier
904 3453 940 3510 de
958 3469 1008 3510 suo
1026 3454 1119 3509 dotem
1138 3453 1214 3509 dedit
1231 3459 1260 3510 et
1277 3453 1401 3509 adhibuit
1419 3460 1533 3510 mebem
1552 3467 1622 3524 quoe
1640 3467 1671 3511 eo

180 3547 370 3618 stipulamur,
388 3547 512 3616 potuisse
531 3559 591 3600 eam
608 3549 707 3614 posteo
724 3545 935 3599 instrumentum
953 3542 1044 3598 dotale
1063 3547 1178 3600 mutare.

125 3636 163 3696 73
236 3635 316 3692 turn
338 3633 407 3691 libro
430 3633 552 3689 seeundo
576 3633 782 3689 sententiarum.
817 3633 910 3688 illutus
928 3632 1027 3688 surdus
1045 3647 1144 3688 eaeorm
1162 3631 1236 3688 dotis
1253 3631 1362 3688 nomine
1380 3631 1446 3689 obli·
1465 3625 1622 3717 Q
1639 3631 1667 3687 P

148 3738 161 3783 1
180 3729 299 3796 gantur,
317 3723 382 3793 quia
400 3728 429 3778 et
446 3724 556 3792 nuptiae
574 3721 735 3778 ooutrubere
752 3727 878 3793 possunt.
908 3721 1036 3777 ilauente
1054 3721 1226 3777 matrimonio
1244 3735 1299 3776 nou
1316 3720 1473 3792 perditurae
1491 3721 1569 3779 uxori
1586 3719 1622 3776 ob

179 3833 206 3886 F
212 3830 272 3902 11³(
274 3829 322 3885 Vt
341 3831 377 3885 ud
393 3851 419 3884 u.
432 3831 467 3884 19
484 3829 655 3898 promittam,
673 3849 733 3883 num
751 3848 815 3900 quoe
832 3835 971 3901 requeratur
988 3835 1046 3884 eunt
1063 3849 1081 3883 n
1098 3849 1130 3880 m.
1143 3847 1201 3891 reu,
1223 3827 1270 3898 U)]

182 3993 191 4026 ¹
211 3995 243 4046 et
262 3990 307 4043 det.
327 3989 410 4056 (Hal.)
481 3987 570 4042 ¹eius
588 3989 635 4042 del.

182 4130 343 4200 laberius]
361 4129 397 4185 ad
416 4129 530 4184 ulterius
549 4129 608 4196 Ρ·Ι
625 4127 797 4184 matrimonio
809 4128 881 4184 ΡΨ
931 4129 1099 4184 stitueudum
1127 4128 1174 4193 1³,
1204 4126 1388 4184 eomtituendi
1420 4128 1455 4180 V·
1480 4131 1486 4196 1
1513 4128 1551 4198 et]
1581 4132 1625 4184 eet

181 4204 200 4258 2
219 4201 313 4270 babet]
324 4201 394 4266 F‘P,
408 4199 627 4268 habeutF⁰LUl
643 4200 881 4256 iutereesserintP
932 4200 1095 4256 FPWIJU·
1149 4201 1183 4254 16
1202 4197 1435 4254 iaoultatum‘PV
1448 4201 1453 4267 Ι
1467 4201 1555 4269 patris
1575 4219 1624 4254 om.

181 4275 199 4330 3
219 4273 328 4342 quarto]
353 4273 383 4326 iii
408 4272 459 4326 PU
477 4273 482 4338 l
502 4271 624 4327 diuoreio
646 4272 739 4340 P·Vl
764 4271 878 4398 soientKe)
930 4272 1030 4339 PVU1
1046 4270 1146 4341 mariti]
1159 4271 1373 4326 nataliumreete
1381 4273 1624 4339 pertutoremtou-

181 4345 277 4400 eenole
302 4345 349 4408 P0,
371 4343 507 4399 sententie
524 4343 551 4396 V
601 4343 684 4412 bea]
709 4358 770 4398 eam
794 4343 879 4408 Pu,
931 4348 1049 4398 ratonem
1064 4342 1218 4408 VlPVLU
1269 4343 1302 4398 17
1321 4346 1412 4397 tutore
1424 4342 1469 4407 F1,
1487 4340 1625 4398 tutoribus

182 4435 234 4469 om.
249 4417 285 4471 V:
305 4415 351 4469 sia
414 4415 503 4484 aesica
516 4415 572 4482 περὶ
591 4413 695 4476 rohten
715 4412 803 4476 nitriis
821 4415 877 4468 τῶκ
932 4415 972 4470 Ρ·
987 4419 992 4482 l
1007 4413 1168 4470 faoultatum
1178 4413 1209 4478 P,
1217 4411 1413 4469 frentanorum
1426 4413 1460 4467 U·
1494 4415 1527 4470 18
1537 4413 1624 4484 digni·

181 4485 272 4558 &spos
286 4485 413 4556 Bibit.)
457 4486 671 4556 trepelleturP
710 4486 793 4542 ‘leae
812 4499 879 4555 quo·
931 4490 1017 4540 tatem
1041 4485 1100 4538 FU·
1120 4487 1124 4554 Ι
1145 4485 1289 4542 eouetitnit
1311 4486 1353 4539 P·
1374 4486 1379 4551 Ι
1400 4483 1492 4540 dotem
1516 4505 1567 4540 om.
1584 4485 1625 4539 P·

181 4573 239 4628 quo
262 4556 323 4630 πᾳ]
346 4557 381 4612 air
405 4557 489 4612 ebrios
514 4557 546 4612 τὸ
570 4557 710 4621 sentiens
790 4557 878 4612 buseio
933 4559 967 4612 19
986 4556 1102 4626 ingrata]
1122 4559 1203 4624 grato
1216 4557 1262 4622 P',
1280 4559 1331 4626 gft‘t
1347 4556 1377 4621 V,
1396 4556 1504 4624 integre
1519 4555 1543 4612 U
1556 4558 1561 4622 Ι
1577 4555 1624 4610 tlo-

181 4629 341 4685 burltitocter
361 4628 431 4697 λόγῳ
450 4629 564 4700 nporrbc,
582 4627 692 4683 instari
706 4627 879 4693 seisoicrb·
931 4632 987 4683 tem
999 4627 1054 4698 'pro
1072 4626 1170 4683 liberte
1187 4627 1253 4682 iure'
1263 4629 1423 4683 aestimatae
1442 4628 1479 4681 F²
1529 4629 1562 4682 21
1582 4631 1626 4682 eet

183 4719 251 4764 κογε
261 4701 325 4762 soie
343 4701 484 4772 τρέχοντας
545 4699 589 4763 ip'
603 4699 635 4763 οῨ
648 4701 758 4764 cratera
772 4699 787 4754 b
800 4701 880 4764 sinuo
933 4719 981 4754 em.
992 4699 1071 4752 ΡΨ·
1105 4701 1140 4754 23
1152 4704 1248 4768 partus
1257 4699 1330 4766 PV!
1345 4698 1548 4764 conueniatPr,
1561 4713 1624 4754 oon·

183 4770 311 4841 lisbio.)
344 4772 880 4840 8098181177ΙιιειιιαΡαΙᾱίυοτοίοΡ·
931 4771 1025 4826 ueniet
1041 4769 1069 4825 V
1130 4771 1166 4826 tt
1188 4775 1217 4825 et
1240 4789 1289 4826 om.
1307 4770 1399 4839 P⁶Vl
1421 4776 1534 4841 paratus
1558 4769 1626 4824 P·U

184 4843 221 4898 10
239 4841 360 4912 domum]
379 4843 474 4897 dotum
493 4843 534 4896 P⁰
580 4844 613 4897 12
630 4858 716 4911 gener
733 4842 759 4911 a]
778 4857 879 4912 geuene
932 4843 966 4896 27
985 4843 1093 4898 deeimo
1111 4842 1201 4897 nasP
1250 4843 1285 4896 28
1302 4842 1440 4912 peculium
1456 4842 1497 4895 P·
1512 4843 1517 4909 Ι
1533 4840 1582 4896 sed
1601 4840 1624 4896 ei

183 4915 234 4978 P·,
251 4929 336 4983 gener
349 4914 380 4978 V,
393 4915 442 4984 {m
457 4914 482 4968 t
498 4915 502 4981 Ι
519 4913 755 4984 demonstratore]
767 4913 879 4970 demeu-
932 4913 1047 4968 maritus
1064 4927 1164 4969 nomeu
1181 4913 1272 4979 om.P,
1291 4913 1315 4968 si
1327 4933 1376 4966 eru
1389 4913 1416 4967 V
1429 4914 1433 4980 Ι
1450 4911 1567 4981 exigerit
1577 4911 1629 4966 FU

183 4991 273 5040 strare
288 4985 345 5050 VU,
363 4985 555 5040 demouetrar.
572 4985 604 5050 L,
624 4986 723 5041 tne.P⁰
766 4985 800 5040 14
818 4983 878 5053 neo]
932 4985 968 5040 30
985 4985 1067 5054 idem]
1086 4985 1234 5088 pauloet*
1279 4985 1314 5040 32
1332 4989 1420 5040 totam
1433 4983 1473 5038 P·
1489 4984 1494 5052 Ι
1510 4982 1553 5054 ex]
1573 4981 1625 5040 beo

183 5071 221 5112 ne
245 5056 322 5110 ΡΨ
341 5059 347 5126 Ι
366 5056 450 5126 quod]
474 5056 541 5127 quid
562 5055 705 5112 P⁶V⁶LU·
762 5057 797 5112 15
815 5070 879 5113 eou-
932 5057 980 5124 1³⁶,
999 5074 1047 5112 em.
1060 5056 1088 5110 P
1106 5054 1376 5130 Vlrepromiseioue
1392 5054 1429 5112 1¹⁸¹
