3664 5570
339 235 397 306 Vll
418 237 438 300 5
457 243 474 296 6
493 270 527 283 -
546 235 566 299 6
586 243 600 294 1
1007 224 1094 304 240
1278 249 1323 294 un
1346 247 1411 295 usu
1433 249 1488 295 rs.
1503 249 1617 296 annuis
1637 249 1742 296 nuruu

340 392 403 447 dem
421 391 516 446 decem
534 390 637 445 milium
655 403 722 444 usus
741 387 844 443 tructus
861 388 969 457 legatus
987 383 1082 456 fixerit,
1104 385 1187 456 quina
1203 385 1278 440 milia
1296 387 1431 457 accipient
1448 389 1477 442 et
1493 387 1607 442 inuicem
1623 384 1744 442 etheredi

340 479 521 536 satisdebunt

304 572 322 628 7
394 568 487 624 Gaius
505 566 573 622 libro
593 566 709 635 septimo
727 564 763 618 ad
780 563 899 619 edictum
913 562 1087 634 prouinciale.
1115 561 1144 617 Si
1156 563 1213 617 uini
1225 563 1277 618 olei
1289 561 1418 619 frumenti
1429 580 1496 619 usus
1507 561 1609 619 fruetus
1638 574 1745 630 erton
1770 569 1791 620 E

339 660 447 728 legatus
465 658 524 726 erit,
543 655 700 726 proprietas
714 653 748 707 od
766 652 927 722 legatarium
944 649 1084 718 transferri
1102 650 1185 706 debet
1202 655 1231 705 ct
1248 651 1283 707 ab
1302 667 1335 707 eo
1354 653 1444 709 cautio
1462 652 1638 709 desideranda
1653 658 1697 721 est,
1714 657 1746 719 ut,

340 747 504 817 quandoque
528 746 551 799 is
576 747 698 798 mortuus
723 746 771 795 eut
794 742 883 811 capite
906 740 1062 796 deminutus
1085 741 1135 811 sit,
1159 741 1281 797 eiusdem
1303 741 1441 810 qualitatis
1462 757 1506 796 res
1525 743 1686 808 nmmum,
1707 745 1773 793 auto

341 835 491 892 aestimatis
510 832 591 888 rebus
609 835 699 886 certae
716 831 849 899 pecuniae
867 830 975 884 nomine
995 830 1147 886 cauendum
1166 834 1217 899 eet,
1235 829 1309 899 quod
1327 835 1355 884 ct
1373 831 1543 886 commodius
1554 835 1604 886 ost
1628 828 1694 884 idem
1705 827 1747 881 sci-

340 927 404 980 licet
422 923 457 980 de
475 921 573 978 ceteris
591 933 699 990 quoquo
716 917 806 988 rebus,
826 933 896 987 quse
914 922 981 972 urenl
1002 919 1181 988 continentur,
1200 919 1396 988 intellegemus.

304 1013 323 1071 8
394 1015 575 1068 Promissus
595 1008 664 1063 libro
687 1007 803 1077 septimo
826 1005 932 1061 decimo
954 1008 1151 1076 quaestionum.
1188 1007 1288 1062 Tribus
1310 1007 1455 1063 heredibus
1478 1008 1609 1064 institutis
1642 1017 1750 1072 o.1o,o,e
1775 1009 1795 1060 Ρ

343 1118 422 1157 usum
446 1099 564 1156 fructum
588 1097 742 1167 quindecim
767 1096 869 1151 milium
887 1096 960 1151 Titio
984 1096 1087 1166 legeuit
1110 1101 1138 1151 et
1160 1096 1229 1151 duos
1254 1111 1288 1150 ex
1310 1096 1456 1152 heredibus
1474 1097 1554 1152 iussit
1570 1111 1618 1166 pro
1634 1095 1750 1165 legatario

343 1191 489 1246 satisdare:
512 1186 639 1258 placebat
662 1186 727 1240 utile
749 1199 811 1240 esse
835 1185 969 1242 cautionis
991 1201 1099 1256 quoque
1122 1186 1243 1256 legatum
1260 1201 1312 1241 nec
1329 1184 1460 1256 refragari
1477 1190 1589 1242 senatus
1606 1183 1790 1250 consultamus

342 1281 407 1350 quia
428 1279 519 1334 cautio
543 1291 596 1332 non
619 1273 807 1344 impediretur,
833 1277 861 1328 et
883 1289 943 1328 esse
962 1274 1075 1329 alterum
1093 1275 1214 1344 legatum
1232 1274 1309 1329 uelut
1326 1275 1407 1345 certi,
1429 1275 1545 1329 alterum
1562 1274 1662 1329 incerti.
1695 1285 1752 1326 usus

342 1367 446 1423 fructus
463 1367 556 1436 itaque
574 1365 682 1419 nomine
699 1367 806 1434 partem
823 1363 955 1431 pecuniae
972 1363 1120 1432 petendam
1139 1362 1173 1419 ab
1192 1377 1238 1432 eo,
1257 1363 1304 1432 qui
1321 1363 1388 1418 eatis
1407 1364 1549 1434 accepite
1566 1360 1704 1429 ocherode,
1720 1359 1754 1412 in·

342 1457 463 1525 certique
474 1471 536 1511 cum
549 1452 644 1508 eodem
658 1451 803 1520 agendum,
822 1451 845 1504 si
858 1451 925 1505 satis
937 1467 991 1506 non
1003 1451 1132 1506 dedisset.
1160 1467 1221 1508 oum
1234 1466 1308 1522 uero,
1328 1453 1374 1523 qui
1387 1453 1454 1507 satie
1465 1452 1603 1522 praestitit
1614 1467 1645 1506 ac
1655 1453 1755 1520 propter

342 1561 444 1600 moram
468 1541 609 1598 coheredis
632 1541 699 1595 satis
722 1555 776 1596 non
799 1539 919 1610 accepit,
942 1555 1031 1608 neque
1051 1538 1155 1596 fructus
1174 1542 1281 1596 nomine
1299 1542 1405 1596 interim
1422 1542 1511 1596 teneri
1528 1543 1639 1612 propter
1655 1541 1756 1593 senatus

341 1634 495 1689 consultum
513 1645 601 1702 nequo
620 1630 726 1684 eodone
744 1629 848 1698 incerti,
867 1630 932 1698 quia
949 1628 1076 1685 cohereol
1094 1626 1246 1684 satisdedit.
1279 1629 1344 1684 illud
1363 1629 1445 1686 etiem
1463 1629 1542 1686 nobis
1560 1630 1649 1700 placet
1663 1627 1755 1696 legata·
1773 1633 1794 1672 1⁵

340 1723 410 1778 rium
428 1720 581 1792 cogendum
599 1719 766 1789 promittere.
793 1715 869 1774 finito
887 1723 980 1773 eutem
998 1717 1157 1773 usufructu
1175 1719 1199 1773 sl
1217 1717 1364 1775 coheredes
1380 1733 1415 1773 ex
1427 1727 1512 1776 causa
1523 1715 1692 1774 fideiussoris
1702 1729 1757 1769 con-

340 1812 505 1880 uenirentur,
523 1825 572 1864 eos
585 1807 705 1862 mandeti
717 1821 772 1862 nou
784 1812 906 1862 acturos:
925 1822 979 1864 non
991 1807 1064 1863 enim
1076 1808 1230 1878 errecepisss
1241 1807 1408 1877 mandatum,
1426 1805 1476 1862 sed
1486 1808 1621 1864 uoluntati
1632 1805 1758 1877 paroisse:

340 1900 458 1969 denique
475 1897 608 1960 cautionis
626 1898 717 1966 legato
735 1893 872 1952 isocrates.
902 1894 936 1950 de
955 1896 999 1952 illo
1017 1911 1068 1952 nec
1085 1893 1132 1952 diu
1150 1895 1321 1952 emendum
1340 1894 1392 1951 fuit
1415 1897 1565 1952 secundum
1583 1896 1713 1966 legatum,
1733 1889 1759 1944 id

340 1994 383 2044 cst
400 1987 548 2057 cautionis,
569 2001 623 2042 non
640 1984 769 2040 heredum
788 1983 888 2054 uideri,
907 1984 956 2039 sed
975 1986 1046 2054 eius,
1065 1987 1109 2041 cul
1126 1985 1259 2056 pecuniae
1276 1983 1465 2041 ususfructus
1483 1985 1595 2040 relictus
1613 1987 1655 2041 est
1671 1983 1759 2050 cuique

340 2082 456 2132 testator
473 2075 628 2146 prospicere
645 2073 733 2128 uoluit
750 2078 780 2128 et
796 2073 874 2129 cuius
892 2074 1023 2130 interesse
1042 2073 1158 2130 credidit
1174 2072 1347 2130 fideiussores
1366 2065 1420 2130 no’n
1435 2089 1486 2130 suo
1497 2075 1619 2144 periculo
1631 2083 1759 2143 quaerere.
1775 2076 1797 2116 tt

304 2166 322 2223 9
393 2166 512 2220 Psuuus
529 2153 597 2219 h‘bro
614 2162 701 2234 primo
719 2161 755 2216 ad
772 2162 921 2217 Neratium.
948 2161 980 2218 Iu
998 2163 1172 2233 stipulatione
1190 2162 1224 2218 de
1243 2161 1383 2218 reddendo
1400 2179 1452 2218 usu
1464 2161 1555 2218 fructu
1566 2179 1614 2234 po
1633 2153 1762 2248 Q
1786 2159 1818 2228 Ρ]

340 2255 437 2310 cuniae
455 2252 510 2308 duo
528 2253 579 2307 soli
596 2267 675 2308 casus
694 2252 911 2321 interponuntur,
930 2252 1024 2306 mortis
1040 2257 1069 2307 et
1086 2253 1184 2323 capitis
1202 2251 1402 2321 deminutionis,

285 2343 323 2401 10
394 2340 543 2397 Uuersnus
554 2340 623 2395 libro
635 2339 858 2410 septuagensimo
869 2355 941 2396 nono
954 2339 990 2395 ed
1002 2339 1130 2396 edictum.
1149 2341 1276 2410 quoniam
1289 2341 1422 2412 pecuniae
1437 2329 1479 2415 Ι).
1488 2343 1511 2399 7,
1519 2343 1542 2400 e,
1552 2344 1573 2400 7,
1583 2345 1604 2390 1.
1627 2339 1762 2396 B.1o,o‚lo
1779 2325 1812 2379 Ἐ

309 2444 320 2487 1
340 2446 406 2486 usus
425 2430 503 2485 aliter
520 2429 607 2483 amitti
625 2443 679 2484 non
697 2431 789 2499 potest
806 2442 887 2497 quam
905 2428 948 2484 his
966 2428 1083 2485 omibus.
1120 2429 1149 2485 si
1166 2445 1233 2485 usus
1251 2433 1358 2484 tantum
1375 2429 1508 2499 pecuniae
1525 2429 1637 2500 legatus
1654 2429 1697 2498 sit,
1715 2419 1762 2509 [fill

340 2519 405 2590 qnia
427 2519 457 2572 in
478 2517 530 2572 lsac
551 2517 642 2586 speeie
659 2532 726 2572 usus
744 2517 924 2586 appellatione
943 2519 1024 2573 etiam
1043 2516 1161 2573 fructum
1179 2518 1311 2573 contueri
1329 2519 1417 2587 magis
1436 2517 1625 2588 accipiendum
1644 2522 1699 2587 est,
1722 2515 1764 2569 sti·
1780 2521 1804 2560 ²⁵

339 2607 444 2678 polatio
466 2607 521 2662 ista
543 2605 595 2660 erit
617 2604 824 2690 interponenda.
861 2611 889 2660 et
911 2606 1021 2676 quidam
1045 2608 1122 2662 aiunt
1144 2621 1198 2663 non
1220 2612 1284 2662 ante
1308 2606 1378 2662 hanc
1401 2607 1536 2677 interponi
1558 2605 1764 2678 stipulationem,

341 2711 424 2766 quam
442 2693 507 2750 data
524 2692 607 2750 luerit
623 2694 752 2764 pecunia:
771 2709 823 2764 ego
842 2699 933 2751 eutem
950 2680 1027 2765 puto,
1046 2693 1104 2752 slus
1123 2701 1205 2750 antee
1222 2696 1280 2750 siue
1298 2699 1393 2766 postea
1407 2697 1523 2766 pecunie
1535 2696 1602 2751 data
1614 2697 1659 2766 sit,
1677 2699 1765 2749 tencre

340 2784 550 2855 stipulationem.

285 2883 321 2937 11
393 2873 471 2929 Inuu
488 2871 557 2928 libro
575 2877 674 2927 octauo
686 2871 791 2928 decimo
803 2871 839 2926 ad
852 2869 992 2928 Sabinum.
1020 2871 1139 2934 Silanae
1152 2873 1230 2929 alicui
1242 2874 1350 2943 legatus
1362 2873 1477 2928 situeus
1489 2871 1594 2928 fructus
1613 2863 1768 2958 [ις’-ΝΕ
1783 2866 1812 2920 'S

340 2962 385 3018 uel
402 2962 516 3018 odorum
534 2960 579 3015 uel
597 2963 756 3030 aromatum,
778 2961 866 3016 nullus
884 2959 993 3016 uidetur
1009 2975 1076 3017 usus
1094 2959 1199 3018 fructus
1216 2963 1244 3017 in
1261 2963 1321 3017 istis
1339 2962 1398 3018 iure
1416 2951 1589 3033 constitutus,
1607 2961 1660 3018 sed
1678 2959 1712 3017 ad
1730 2973 1767 3015 se·
1783 2963 1807 3002 ³⁰

340 3055 421 3107 natus
439 3049 592 3106 consultum
611 3049 663 3104 erit
680 3049 909 3121 descendendum,
928 3049 1001 3119 quod
1019 3049 1054 3106 de
1072 3051 1197 3107 cautione
1215 3064 1308 3107 eorum
1325 3049 1451 3120 loquimr.

285 3146 322 3204 12
392 3139 568 3194 manuos
585 3137 654 3194 libro
672 3139 788 3208 septimo
806 3139 1016 3194 institutionum.
1048 3139 1115 3195 cum
1134 3140 1251 3210 pecunia
1269 3145 1327 3195 erat
1344 3140 1439 3194 relicta
1456 3139 1529 3194 Titio
1547 3140 1593 3210 its,
1612 3131 1769 3225 Q
1786 3135 1815 3186 'S

339 3233 371 3284 ut
388 3232 453 3299 post
470 3231 584 3287 mortem
601 3228 725 3298 legatarii
738 3226 772 3282 ad
785 3227 920 3283 Maeuium
932 3227 1040 3298 rediret,
1059 3239 1224 3298 quamquam
1236 3227 1401 3298 adscriptum
1414 3227 1459 3298 slt,
1477 3233 1509 3284 ut
1519 3244 1600 3284 usum
1612 3231 1675 3287 eius
1684 3228 1768 3284 iltius

339 3317 466 3387 haberet,
488 3317 681 3388 proprietatem
702 3320 795 3372 tamen
812 3317 838 3371 ei
854 3316 973 3386 legatam
992 3322 1020 3371 ot
1037 3331 1104 3371 usus
1121 3318 1286 3373 mentionem
1304 3315 1420 3387 lacum,
1443 3317 1508 3386 quia
1525 3322 1584 3373 eret
1601 3317 1770 3376 restituenda

340 3405 376 3463 ab
394 3421 427 3463 co
444 3405 561 3478 pecunia
578 3408 641 3476 post
659 3409 773 3460 mortem
792 3404 860 3474 eius,
878 3405 936 3460 diui
953 3404 1072 3461 Seuerus
1090 3409 1119 3460 ct
1136 3405 1293 3462 Antoninus
1310 3405 1515 3477 rescripserunt
1787 3408 1810 3448 ³⁵

1020 3550 1083 3633 Vl.

340 3685 377 3764 R
414 3685 459 3764 SI
485 3683 604 3764 USUS
630 3681 845 3763 FRUCTUS
871 3678 1092 3762 PETETUR
1117 3684 1208 3762 UEL
1236 3685 1302 3764 AD
1330 3673 1487 3764 ALIUM'
1504 3677 1771 3766 PERTINEBE
1800 3703 1832 3756 s:

904 3808 1130 3888 NEGETUR
1168 3811 1206 3888 it
1436 3833 1440 3840 ’

306 3949 322 4004 1
395 3945 544 4004 Urnrsrrue
561 3945 630 4003 libro
648 3952 747 4002 octauo
765 3945 871 4001 decimo
889 3946 925 4001 ad
943 3946 1082 4005 Sabinum.
1113 3947 1142 4004 Si
1157 3946 1246 4004 'fundo
1265 3945 1413 4005 fructuario
1431 3949 1549 4005 seruitus
1567 3949 1613 4006 de·
1632 3941 1773 4034 Q
1802 3951 1820 4004 S

341 4034 446 4105 boam,
464 4035 607 4092 llarcellus
623 4034 693 4091 libro
711 4038 810 4092 octauo
828 4034 902 4105 apud
915 4035 1050 4093 Iulianum
1062 4033 1197 4093 Labeonis
1215 4041 1243 4092 ct
1254 4035 1361 4094 Neruae
1380 4039 1543 4095 sententiam
1561 4038 1662 4110 probat
1679 4036 1774 4096 existi·
1792 4047 1818 4086 «ι

340 4132 524 4204 F-lPfflUll

342 4259 351 4294 ¹
369 4255 459 4312 abusu
476 4259 511 4324 (u.
524 4255 572 4323 tl?

341 4360 679 4486 dquandoquekquando
696 4363 773 4432 PVl
793 4379 837 4418 res
861 4383 910 4416 om.
925 4363 1030 4418 PVLU
1082 4367 1115 4421 18
1132 4363 1185 4419 fult
1201 4365 1351 4421 secundum
1370 4385 1418 4420 cru
1429 4365 1502 4420 ΡΨ
1542 4367 1577 4422 19
1595 4363 1774 4428 cautioneV,

342 4434 485 4518 lquoque
510 4446 539 4487 re
559 4448 591 4488 us
615 4433 717 4488 ΜΡ·
737 4434 742 4501 Ι
762 4442 851 4505 quta⁴e
872 4435 911 4488 F’
931 4437 936 4502 Ι
956 4450 1027 4522 quac
1080 4436 1177 4492 ΜΡ·
1192 4438 1197 4503 Ι
1212 4437 1354 4507 pecunch
1386 4437 1616 4493 couniaeeiusP·
1651 4439 1776 4492 aamer-

341 4518 394 4560 usu
412 4507 565 4559 continetur
576 4505 614 4558 P:
634 4503 648 4557 l
667 4506 722 4559 τὼκ
742 4505 828 4560 meos
847 4505 902 4559 τώιι
916 4503 944 4559 'sn
962 4523 1027 4562 orro-
1080 4507 1125 4576 tis]
1149 4513 1178 4563 et
1200 4510 1295 4564 mortis
1317 4509 1346 4562 P
1441 4509 1475 4566 25
1499 4509 1591 4577 etiam]
1615 4512 1644 4564 et
1667 4508 1710 4562 ita
1734 4508 1776 4562 P·

341 4575 426 4645 χρὴεει
445 4575 594 4641 Blrlncn.)
613 4593 669 4630 cum
687 4577 864 4632 udmtuttooe:
881 4577 968 4631 iniec
982 4577 1027 4648 rip
1081 4579 1117 4634 26
1134 4577 1283 4647 quidemP
1324 4581 1357 4634 27
1376 4578 1774 4648 postoalPLBEposteaeuI}

340 4647 396 4700 τῶιι
420 4645 449 4700 in
467 4643 555 4700 mutu
573 4643 605 4707 οῩ
625 4647 755 4717 deripere·
775 4647 790 4701 d
809 4646 1027 4719 decoioporxroc,
1082 4649 1146 4704 ueri
1163 4650 1244 4711 τιῩτι
1263 4651 1289 4704 Β
1304 4651 1308 4716 Ι
1323 4657 1407 4706 tene·
1426 4651 1602 4721 stipulatione
1611 4651 1657 4714 1³⁴,
1683 4649 1778 4704 teneri

340 4724 370 4772 ct
512 4723 745 4787 scr.sstautquae
757 4717 1029 4776 abueneoutirentur
1081 4720 1323 4790 sopumionemt
1368 4721 1546 4790 33ut1utiP
1585 4721 1777 4776 &monnone

341 4788 351 4854 t
380 4790 425 4854 el.)
443 4794 488 4841 aut
504 4801 575 4857 quae
593 4799 645 4842 usn
662 4793 857 4845 consumuntur
872 4791 952 4856 (edd)
968 4793 973 4858 Ι
988 4791 1027 4846 in·
1080 4789 1155 4846 iacta
1171 4791 1261 4856 lione.
1275 4791 1313 4845 P·
1348 4794 1382 4848 37
1401 4792 1517 4862 petetur]
1532 4793 1634 4858 Fetere
1647 4791 1777 4856 luders)

340 4858 494 4928 tellegimue
516 4857 570 4912 PU
627 4858 713 4914 eun.
731 4860 779 4914 xui
801 4861 828 4915 P
884 4861 901 4915 9
925 4861 1028 4918 milium
1084 4862 1241 4932 [Lpetatur
1251 4863 1328 4916 PVL
1363 4864 1399 4920 38
1416 4863 1523 4934 legetur
1537 4863 1576 4918 P·
1610 4863 1647 4918 to
1663 4883 1681 4916 c
1702 4879 1778 4918 mar·

340 4929 571 4993 de1.F³,ms.L
627 4931 660 4986 11
684 4935 712 4986 et
734 4932 1028 4998 emetPlalterum
1080 4933 1297 4990 coinel.ine.P

341 4995 380 5054 lte
390 5000 432 5055 P·
468 5001 501 5056 12
519 5001 1032 5073 acceperitPliucsrtiqu01iucertP
