3738 5550
281 227 340 295 XV
364 231 377 294 1
403 235 517 288 ιιι-ιι
957 223 1045 301 442
1667 249 1718 298 na

249 397 261 441 1
281 385 318 440 sit
341 385 376 439 de
399 385 506 454 peculio
529 384 639 454 alcarii,
664 385 710 454 agi
733 385 834 454 poterit
857 388 886 438 et
903 384 938 439 dc
955 386 1062 454 peculio
1080 385 1216 440 ordinarii.
1252 386 1348 440 Potest
1365 399 1427 440 csse
1445 385 1518 456 apud
1536 400 1580 441 ure
1597 385 1717 457 duplicis

281 475 347 530 iuris
365 474 516 543 peculium:
538 479 569 528 ut
586 479 654 543 puta
672 489 768 528 seruus
787 478 830 528 cst
847 473 959 542 dotalia
978 479 1072 543 potest
1088 473 1190 529 babere
1207 475 1353 543 peculium,
1371 473 1445 542 quod
1463 474 1499 529 ad
1516 490 1561 530 me
1577 475 1717 545 respiciat,

280 569 373 633 potest
395 569 423 618 et
445 563 518 632 quod
542 562 578 618 ad
600 563 751 618 mulierem.
788 578 850 616 narn
875 562 948 631 quod
972 577 1007 616 ex
1023 577 1053 617 re
1073 563 1162 617 mariti
1180 563 1297 632 quaesiit
1314 562 1358 617 uel
1376 577 1410 616 ex
1428 563 1519 632 operis
1536 563 1606 632 suis,
1631 563 1717 618 idad

281 652 408 706 maritum
428 653 556 720 pertinet:
576 656 605 706 ct
622 651 697 720 ideo,
717 651 739 706 ai
758 655 885 719 respectu
903 651 992 705 mariti
1010 650 1089 705 berea
1107 652 1144 706 sit
1161 651 1302 706 institutus
1319 650 1364 705 uel
1382 651 1410 705 ei
1424 651 1545 720 legatum
1563 651 1669 720 datum,
1687 652 1717 706 id

281 755 343 794 eum
363 755 417 795 non
436 739 535 796 debere
552 741 696 795 restituere
708 739 874 808 Pomponius
893 737 995 794 scribit.
1022 740 1045 794 si
1064 739 1147 809 igitur
1165 755 1271 794 mecum
1289 743 1388 808 agatur
1405 755 1441 794 ex
1457 755 1491 796 co
1509 745 1651 796 contractu
1668 741 1716 809 qui
1735 752 1748 792 e

282 829 318 883 ad
336 844 380 882 me
399 829 517 898 respicit,
536 834 626 884 utrum
645 842 726 883 omne
744 827 878 882 deducam
897 827 1045 897 quodquod
1063 828 1178 883 debetur
1195 827 1274 898 mibi,
1292 829 1351 882 siue
1369 843 1403 882 ea
1422 843 1484 883 mea
1501 844 1586 884 causa
1603 829 1663 884 siue
1681 844 1717 883 ex

282 933 316 971 ee
339 932 410 986 quae
433 918 469 972 ad
493 933 604 972 uxorem
629 915 760 986 respicit?
792 931 826 969 an
845 931 910 971 uero
929 931 1088 985 ceperamus
1106 932 1204 972 causas
1222 917 1301 987 quasi
1317 917 1346 972 in
1364 916 1472 972 dnobus
1489 917 1614 987 peculiis,
1639 922 1718 972 utet

282 1021 367 1060 causa
385 1004 470 1060 debiti
488 1005 561 1074 quod
579 1007 680 1074 petitur
698 1003 856 1074 spectetur?
883 1009 921 1073 ut,
941 1006 964 1059 si
983 1005 1091 1074 quidem
1105 1020 1139 1061 ex
1152 1020 1185 1083 ec
1197 1005 1304 1075 peculio
1317 1009 1423 1076 agetur,
1441 1005 1516 1075 quod
1528 1006 1563 1061 ad
1576 1006 1717 1060 mulierem

283 1098 398 1163 spectat,
416 1093 445 1148 id
463 1093 605 1162 deducam,
623 1093 696 1163 quod
709 1109 743 1147 ex
757 1107 790 1148 eo
804 1097 946 1149 contactu
959 1093 1117 1164 debeatur1,
1135 1095 1158 1149 si
1170 1109 1206 1150 ex
1217 1107 1251 1150 eo
1264 1097 1413 1164 contractu,
1432 1094 1479 1163 qui
1491 1094 1527 1149 ad
1539 1109 1584 1150 me
1596 1095 1717 1164 respicit,
1735 1104 1749 1144 a

282 1198 374 1236 meum
393 1182 547 1238 deducam?
573 1197 643 1252 quae
662 1182 786 1251 quaestio
805 1181 949 1236 dilucidius
968 1187 1012 1236 est
1028 1182 1057 1237 in
1076 1181 1085 1253 ll
1105 1181 1253 1238 fructuario
1265 1186 1390 1252 tractata,
1410 1187 1500 1238 utrum
1513 1198 1548 1238 ex
1560 1197 1594 1238 eo
1605 1181 1716 1237 demum
1735 1191 1751 1237 t.
1763 1187 1814 1236 224¹

283 1275 424 1325 contractu
442 1276 534 1340 potest
545 1271 579 1324 dc
591 1271 698 1340 peculio
711 1271 858 1339 conueniri‚
871 1269 962 1339 quod²
974 1269 1011 1325 ad
1022 1286 1053 1325 se
1064 1271 1189 1340 pertinet,
1202 1287 1238 1325 an
1250 1286 1285 1325 ex
1297 1271 1379 1327 omni
1407 1276 1437 1326 et
1453 1267 1717 1355 W

282 1359 424 1414 Marcellus
447 1360 528 1415 etiam
552 1358 729 1414 lmctuarium
752 1359 840 1413 teneri
863 1358 957 1414 scribit
975 1363 1004 1412 et
1022 1373 1056 1413 ex
1074 1359 1148 1414 omni
1166 1363 1322 1415 contractu:
1344 1375 1407 1416 eum
1424 1361 1497 1416 eninr
1515 1362 1563 1430 qui
1581 1359 1718 1414 contrabit

282 1452 370 1504 totum
389 1449 461 1502 serui
479 1449 613 1518 peculium
632 1448 708 1502 uelut
719 1447 910 1517 patrimonium
924 1447 1060 1502 intuitum.
1088 1452 1162 1502 certe
1174 1447 1240 1502 illud
1253 1448 1452 1504 admittendum
1465 1448 1621 1504 omnimodo
1640 1444 1717 1532 ΗΒΕ)

282 1536 362 1606 dicit,
385 1541 417 1591 ut
434 1537 524 1606 priore
543 1540 693 1605 conuento,
712 1536 748 1590 ad
766 1551 846 1605 quem
865 1551 909 1590 res
926 1535 1051 1605 respicit,
1070 1535 1099 1590 in
1117 1535 1283 1605 superfluum
1301 1537 1338 1607 is,
1358 1537 1402 1592 cui
1420 1538 1575 1607 quaesitum
1593 1551 1649 1592 non
1667 1541 1718 1607 est,

282 1627 473 1680 conueniatur:
498 1641 568 1694 quae
592 1624 730 1679 sententia
752 1621 918 1693 probabilior
940 1629 983 1678 est
1005 1629 1033 1678 et
1051 1640 1067 1678 a
1085 1623 1234 1693 Papiniano
1252 1624 1391 1694 probatur.
1425 1625 1501 1696 quod
1518 1626 1592 1681 etin
1610 1624 1719 1680 duobus
1738 1636 1766 1677 ιε

281 1713 370 1770 bonae
388 1713 452 1769 fidei
470 1713 639 1783 emptoribus
657 1713 709 1768 crit
727 1711 882 1767 dicendum.
910 1712 1005 1768 sedin
1025 1713 1122 1768 marito
1141 1713 1237 1768 melius
1256 1717 1299 1768 est
1316 1713 1407 1769 dicere
1425 1714 1585 1784 simpliciter
1602 1727 1666 1768 eum
1684 1713 1720 1767 de

281 1803 388 1874 peculio
406 1803 501 1858 teneri.
521 1803 563 1857 sin
581 1807 674 1857 autem
693 1801 807 1856 maritus
825 1799 981 1856 huiusmodi
999 1801 1073 1856 serui
1091 1801 1200 1856 nomine
1218 1802 1320 1870 aliquid
1338 1802 1513 1872 praestiterit,
1531 1817 1566 1856 an
1585 1801 1719 1857 addemus

282 1892 422 1947 mulierem
441 1895 568 1960 agentem
587 1890 659 1945 dotis
677 1873 786 1945 nomine
805 1888 941 1945 deducere
959 1889 987 1943 id
1000 1888 1108 1959 possit?
1124 1895 1162 1943 et
1174 1889 1221 1958 ait,
1240 1890 1264 1944 sl
1275 1889 1305 1945 id
1322 1891 1396 1960 quod
1414 1890 1542 1945 creditori
1557 1889 1719 1960 praestitum

282 1985 326 2035 est
344 1980 380 2034 ad
397 1979 539 2048 utriusque
557 1979 666 2048 generis
683 1978 819 2049 peculium
838 1977 992 2047 pertinebit,
1010 1981 1139 2047 prorata
1154 1978 1263 2047 utrique
1280 1979 1387 2048 pecudio
1400 1977 1535 2034 decedere
1547 1977 1657 2033 debere.
1684 1993 1720 2033 ex

283 2084 337 2138 quo
355 2068 477 2136 intellegi
494 2073 594 2137 potest,
613 2068 637 2121 si
655 2066 691 2122 ad
709 2066 842 2122 alterum⁸
859 2065 996 2136 peculium
1015 2069 1171 2121 contractus
1183 2065 1338 2137 pertinebit,
1356 2067 1437 2123 modo
1449 2065 1501 2122 soli
1512 2067 1591 2122 uxori
1604 2064 1719 2135 deuehi,
1738 2077 1767 2118 ac

250 2173 265 2218 2
283 2156 365 2212 modo
384 2171 438 2211 uon
456 2155 569 2224 detrahi,
588 2155 612 2209 si
630 2155 666 2209 ad
684 2155 712 2210 id
730 2155 867 2224 peculium
885 2153 1017 2223 pertinuit
1033 2158 1199 2224 contractus,
1218 2154 1292 2224 quod
1310 2155 1385 2225 apud
1399 2155 1526 2210 maritum
1538 2153 1650 2210 resedit
1676 2154 1720 2209 ln·

282 2245 391 2302 terdum
409 2249 438 2299 et
455 2244 508 2313 ipsi
524 2243 674 2300 fructuario
691 2244 825 2298 aduersus
843 2241 983 2298 dominnm
1001 2241 1083 2297 datur
1101 2243 1173 2298 actio
1190 2240 1226 2297 de
1243 2243 1364 2314 peculio,
1388 2246 1505 2312 utputa
1521 2244 1546 2299 si
1563 2241 1638 2312 apud
1657 2257 1721 2297 eum

282 2332 384 2388 babeat
406 2333 566 2406 peculium,
581 2331 655 2402 apud
678 2331 767 2401 ipsum
792 2345 858 2386 uero
876 2335 924 2385 aut
941 2329 1008 2386 nibil
1024 2333 1074 2385 aut
1092 2330 1194 2399 minus,
1218 2345 1300 2399 quam
1319 2329 1468 2388 fructuario
1485 2330 1609 2388 debetur.
1646 2330 1721 2386 idem

284 2423 367 2478 stiam
385 2421 621 2492 contrectentur,
644 2421 770 2491 quamuis
787 2420 816 2476 in
840 2417 948 2475 duobus
972 2419 1089 2474 dominis
1111 2417 1231 2476 sufficiat
1252 2433 1302 2489 pro
1326 2420 1401 2476 socio
1423 2421 1469 2476 uel
1491 2421 1630 2478 communi
1650 2419 1721 2475 diui·

283 2510 377 2567 dundo
395 2511 481 2566 actio:
1740 2521 1769 2561 sa

227 2603 267 2664 20
337 2601 456 2656 Pennus
478 2597 548 2654 libro
568 2597 728 2668 trigensimo
752 2596 788 2652 ad
812 2595 941 2652 edictum.
969 2611 1033 2651 nam
1054 2596 1127 2652 inter
1149 2610 1180 2652 ae
1198 2611 1282 2666 agere
1298 2597 1367 2653 sccii
1384 2597 1419 2653 de
1437 2599 1545 2668 peculio
1562 2593 1762 2684 Qu

284 2706 339 2746 non
356 2691 480 2759 possunt.
1794 2719 1798 2730 ι

227 2783 264 2841 21
339 2777 488 2834 [immune
506 2775 574 2832 libro
592 2774 741 2832 uicensimo
760 2788 833 2829 nono
851 2772 887 2827 ad
905 2772 1034 2830 edictum.
1063 2771 1255 2829 Summarum
1273 2775 1379 2830 ratione
1397 2776 1479 2832 etiarn
1492 2775 1545 2833 boc
1562 2773 1722 2860 [ruffi
1742 2781 1767 2838 8

284 2868 391 2938 peculio
409 2870 519 2937 praetor
536 2863 690 2934 imputauit,
712 2863 786 2932 quod
804 2861 867 2917 dolo
886 2862 958 2918 malo
975 2861 1079 2918 domini
1096 2860 1198 2918 lactum
1217 2867 1268 2932 est,
1286 2878 1341 2933 quo
1359 2865 1448 2920 minus
1466 2865 1496 2920 in
1511 2854 1722 2935 pccuffie‘t

284 2955 334 3012 sed
352 2955 444 3011 dolum
464 2954 564 3008 malum
583 2952 706 3022 accipere
724 2949 866 3020 debemus,
885 2949 909 3004 si
927 2950 953 3006 si
970 2949 1073 3005 ademit
1089 2951 1239 3020 peculium:
1258 2949 1308 3006 scd
1325 2958 1354 3007 et
1371 2953 1395 3008 si
1412 2967 1476 3008 cum
1493 2954 1621 3010 intricare
1637 2971 1723 3025 pecu-
1744 2965 1775 3006 ac

284 3046 350 3100 lium
368 3044 398 3098 in
415 3057 510 3098 necem
529 3041 693 3097 creditorum
711 3055 811 3110 pessus
829 3041 886 3108 cst,
904 3037 977 3094 Mela
993 3038 1088 3094 scribit
1105 3038 1168 3094 dolo
1186 3040 1258 3095 melo
1275 3040 1335 3096 eius
1352 3038 1464 3096 laetum.
1494 3043 1544 3098 sed
1562 3047 1592 3098 et
1608 3044 1632 3098 si
1650 3045 1723 3114 quis,

284 3149 347 3190 eum
366 3135 549 3204 suspicaretur
567 3130 649 3184 alium
667 3143 761 3184 secum
779 3131 918 3196 acturum,
938 3126 992 3182 alio
1009 3127 1145 3196 peculium
1163 3131 1280 3198 auertat,
1298 3128 1361 3184 dolo
1379 3144 1434 3185 non
1452 3136 1536 3186 caret.
1566 3131 1616 3186 scd
1634 3133 1659 3186 si
1676 3133 1725 3188 alii

285 3221 379 3290 soluit,
405 3235 459 3276 non
477 3218 573 3275 dubito
591 3218 626 3273 de
644 3217 709 3286 boc,
728 3217 794 3286 quin
811 3231 867 3272 non
885 3219 1024 3285 tenatur,
1042 3216 1171 3285 quonlam
1190 3215 1318 3270 creditori
1335 3217 1450 3274 soluitur
1467 3222 1497 3274 et
1512 3219 1578 3274 licet
1593 3219 1724 3276 creditori

253 3328 265 3372 1
284 3310 399 3378 uigilare
417 3308 453 3363 ed
471 3323 551 3363 suum
569 3305 800 3376 consequendum.
828 3304 857 3360 si
871 3303 934 3359 dolo
945 3304 1045 3358 tutoris
1057 3303 1102 3359 nel
1114 3304 1247 3360 curatoris
1259 3303 1353 3361 lirrlosi
1365 3306 1409 3361 uel
1421 3307 1605 3376 procuratoris
1617 3305 1724 3363 lactum

255 3429 257 3436 ·
276 3372 335 3468 frit,
359 3413 395 3452 an
417 3397 536 3466 pupillus
557 3395 604 3450 uel
621 3393 740 3450 furiosus
758 3393 803 3450 uel
819 3392 945 3448 dominus
963 3393 998 3448 dc
1015 3393 1123 3462 peculio
1141 3393 1332 3463 conueniatur,
1355 3393 1512 3449 uidendum.
1547 3400 1577 3450 et
1594 3401 1676 3466 puto,
1700 3397 1725 3452 si
1745 3409 1776 3450 aa

286 3485 418 3542 soluendo
436 3489 511 3538 tutor
529 3482 578 3550 sit,
602 3486 742 3551 praestare
760 3481 893 3551 pupillum
911 3495 946 3536 cx
964 3480 1027 3536 dolo
1046 3481 1118 3550 eius,
1137 3480 1256 3537 mamma
1275 3481 1299 3536 si
1317 3481 1384 3551 quid
1401 3482 1438 3537 ad
1455 3498 1517 3538 eum
1536 3485 1677 3554 peruenit,
1695 3491 1726 3541 et

286 3574 326 3628 ita
343 3572 510 3642 Pomponius
532 3567 602 3626 libro
626 3575 726 3626 octauo
748 3570 928 3639 epistularum
950 3567 1052 3624 scribit.
1084 3569 1157 3624 idem
1180 3573 1209 3624 et
1231 3569 1260 3624 in
1283 3574 1407 3626 curatore
1431 3575 1459 3626 et
1475 3576 1654 3640 procuratore
1672 3575 1727 3630 erit

253 3675 268 3719 e
286 3660 441 3716 dicendum.
477 3660 593 3728 Emptor
614 3662 707 3714 autem
730 3673 765 3714 ex
789 3657 852 3713 dolo
870 3656 1019 3714 uenditoria
1037 3673 1093 3714 non
1110 3656 1248 3714 tenebitur
1265 3671 1317 3712 nec
1333 3657 1413 3714 heres
1431 3659 1476 3714 uel
1494 3656 1725 3744 ffiffir]

286 3749 357 3804 alius
374 3761 525 3816 armemur,
543 3746 595 3801 nisi
612 3746 680 3802 inid
693 3746 767 3815 quod
779 3745 815 3800 sd
828 3746 1002 3814 superuenit
1030 3744 1096 3802 Siue
1112 3750 1204 3802 autem
1216 3751 1279 3815 post
1290 3745 1419 3800 iudicium
1432 3753 1574 3818 acceptum
1587 3738 1726 3806 suffitu

254 3851 268 3896 o
286 3837 350 3893 dolo
367 3835 471 3891 lactum
489 3835 534 3904 sit,
552 3835 706 3890 continetur
723 3831 813 3888 officio
827 3831 933 3888 iudicis.
961 3833 991 3892 Si
1003 3834 1129 3891 dominus
1143 3834 1188 3888 uel
1200 3839 1279 3903 pater
1290 3839 1399 3890 rccuset
1409 3835 1445 3890 ds
1456 3837 1563 3906 peculio
1576 3838 1726 3908 audonem,
1745 3851 1776 3891 so

286 3939 341 3980 non
359 3929 403 3979 est
419 3923 580 3992 audiendus,
602 3921 653 3978 sed
670 3921 811 3991 cogendus
829 3927 873 3976 cst
890 3923 969 3992 quasi
986 3924 1067 3978 aliam
1086 3923 1212 3992 quamuis
1230 3923 1401 3992 personalem
1419 3923 1554 3979 actionem
1573 3926 1725 3995 suscipere.

230 4016 269 4074 22
340 4013 512 4072 Poueoruus
528 4011 597 4067 libro
615 4011 732 4081 septimo
750 4010 786 4066 ad
805 4009 945 4066 Sabinum.
973 4009 1003 4066 Si
1021 4011 1114 4066 damni
1130 4009 1224 4066 inlecti
1237 4009 1347 4066 aedium
1358 4011 1477 4082 peculia·
1495 4008 1725 4095 [eruamur
1744 4021 1784 4076 S·

286 4102 356 4157 rium
374 4101 483 4156 nomine
502 4099 657 4171 promiserit
674 4099 809 4169 dominus,
828 4099 897 4154 ratic
915 4099 976 4155 eius
992 4099 1087 4156 baberi
1105 4098 1189 4154 debet
1206 4103 1235 4154 et
1251 4098 1314 4154 ideo
1332 4097 1367 4154 ab
1385 4113 1419 4155 eo
1437 4100 1484 4170 qui
1498 4087 1728 4172 dfflirffgit

286 4189 396 4245 domino
414 4188 567 4244 cauendum
584 4192 636 4244 est

286 4277 447 4348 Furtum]

289 4402 349 4453 lut
367 4399 391 4453 si
408 4398 518 4467 quidem
537 4414 572 4454 ex
590 4414 624 4455 ec
642 4403 784 4456 contractu
802 4405 901 4470 agatur
923 4399 970 4470 qul
994 4399 1030 4454 ad
1048 4415 1084 4455 m.
1103 4414 1158 4470 sp,
1181 4397 1212 4454 id
1233 4397 1381 4469 deducam,
1404 4398 1478 4471 quod
1500 4413 1535 4454 ex
1558 4411 1591 4454 eo
1616 4400 1729 4471 peculio

288 4468 440 4525 debeatur?
511 4469 608 4538 ’quit
678 4471 890 4526 'altemtrum?

287 4589 363 4646 aad
387 4609 436 4644 cm.
455 4591 494 4646 P⁰
514 4593 519 4659 Ι
540 4592 576 4648 ad
599 4612 648 4648 cm.
664 4593 705 4648 P·
769 4594 917 4664 llegatur
939 4593 981 4649 P·
1034 4593 1092 4648 niet
1109 4593 1149 4648 P·
1164 4593 1169 4662 Ι
1184 4592 1311 4649 dominus
1329 4593 1370 4650 P·
1413 4593 1448 4648 29
1465 4592 1603 4662 peculium
1622 4594 1729 4664 pr.Pl

287 4661 342 4717 bsi
350 4661 443 4730 igitur]
456 4661 540 4730 igitur
548 4663 595 4729 Ρη
609 4663 692 4732 igitur
703 4665 726 4722 si
739 4664 834 4720 Plau
866 4664 980 4735 equod·
1033 4664 1062 4719 in
1079 4664 1217 4734 peculium
1235 4663 1313 4720 Pru
1354 4664 1390 4718 30
1406 4661 1465 4733 sed]
1484 4669 1513 4718 et
1529 4663 1570 4718 P·
1616 4665 1653 4721 31
1671 4680 1729 4720 ere

288 4732 647 4802 quod](uonquidquid)F²‚
663 4735 882 4804 quodF¹P⁸LU‚
898 4751 979 4806 quam
1033 4735 1198 4791 ditoremF¹
1242 4731 1730 4806 3lauspicareturlP⁵LiLsuseipe

288 4804 362 4873 quod
375 4803 415 4857 P·
459 4803 771 4874 Bcausa1causasP·l
822 4807 889 4863 titur
901 4821 980 4876 spec·
1032 4807 1147 4872 retan,
1165 4805 1394 4875 suscipireturP‘·
1409 4807 1414 4872 Ι
1429 4819 1485 4860 ιιοιι
1502 4805 1604 4860 mraP·
1620 4807 1626 4874 Ι
1641 4811 1721 4862 earet

287 4875 692 4944 teturlpetitorexpeoteturF¹
708 4879 713 4943 Ι
729 4822 848 4946 qulrffm]
861 4877 981 4947 quodP·
1033 4877 1159 4932 daretF¹
1206 4872 1328 4947 33quin]
1342 4875 1449 4946 quipe
1466 4875 1577 4946 quidem
1590 4875 1692 4948 P‘‚qu

288 4945 439 5015 9spectat]
458 4951 582 5016 praestat
597 4947 638 5019 P·
685 4949 718 5002 11
737 4948 820 5018 quod]
833 4963 888 5017 quo
905 4947 981 5003 PL·
1032 4947 1087 5003 LU
1136 4948 1171 5004 41
1191 4963 1245 5004 non
1263 4945 1314 5018 cst]
1334 4961 1386 5004 nec
1403 4945 1462 5002 P·?

290 5018 323 5074 13
342 5023 446 5073 certum
466 5017 505 5072 P·
550 5019 584 5074 14
595 5025 657 5074 *res*
668 5019 781 5090 respicit
798 5019 837 5072 F²
882 5019 917 5076 24
933 5033 980 5074 ue·
