3734 5578
304 251 422 318 xxvii
445 254 460 317 1
485 257 599 312 21-31
981 239 1005 318 7
1011 238 1068 319 90
1689 266 1727 313 nr

303 411 394 479 pidem
415 409 528 463 tutelam
548 412 634 476 gerat,
654 406 706 460 nisi
723 406 750 460 in
769 405 865 462 eadem
884 403 1026 474 prouincia
1036 401 1132 471 pupilli
1144 402 1339 470 patrimonium
1352 404 1401 459 sit:
1420 409 1448 459 et
1459 402 1520 459 ideo
1532 403 1639 459 diarum
1650 419 1728 460 rerum

271 510 284 553 a
304 499 408 553 dabunt
426 502 531 551 tutores
550 497 577 550 iu
596 495 736 565 prouincia
754 493 895 564 praesides
913 494 981 548 eius.
1009 492 1066 546 Nee
1084 497 1224 546 senatores
1243 493 1315 547 ultra
1326 491 1523 548 centensimum
1535 491 1653 562 lapidem
1664 492 1729 548 urbis

270 599 285 642 4
304 589 416 642 tutelam
436 601 531 654 gerere
551 591 693 654 eoguntur.
731 583 851 638 Habenti
869 597 934 652 ergo
953 585 1070 637 tutorem
1090 586 1164 635 tutor
1182 580 1276 636 datur:
1300 582 1349 637 sed
1368 581 1481 636 aliarum
1498 597 1603 652 rerum,
1623 597 1677 637 non
1693 597 1729 637 oa

305 677 418 731 rundem
438 675 526 729 datur.
1745 686 1756 724 s

217 765 254 823 22
273 778 284 820 1
359 765 517 819 SCABUOLA
535 762 604 818 libro
622 763 710 832 primo
728 761 892 830 regularum.
919 758 1083 813 Geometras
1102 773 1118 812 a
1137 759 1228 813 tutelis
1241 773 1295 813 nan
1307 763 1417 814 uacant.
1445 759 1480 814 Hi
1492 773 1567 829 nero,
1586 755 1731 844 Q
1755 768 1771 822 s

305 854 405 923 quibus
423 855 551 923 princeps
569 868 662 906 curam
682 851 796 905 alicuius
815 850 853 902 roi
871 848 983 916 iunxit¹,
1003 850 1168 902 excusantur
1186 863 1203 902 a
1219 848 1316 916 tutela,
1334 847 1422 903 donec
1441 864 1533 904 euram
1552 857 1659 918 gerunt.

247 944 285 1002 23
358 942 508 998 Uurrsxus
527 941 595 996 libro
614 939 733 994 secundo
752 953 954 1008 responsorum.
983 937 1097 1005 Propter
1117 935 1314 1006 magistratum,
1332 951 1415 1006 quem
1434 938 1462 993 in
1480 938 1567 993 muni·
1586 934 1731 1023 [Q
1757 946 1773 998 s

272 1043 283 1087 1
305 1033 375 1102 cipio
399 1032 460 1100 quis
484 1037 543 1085 erat
567 1029 818 1096 administraturus,
842 1026 946 1080 tutelae
965 1026 1168 1080 excusationum
1187 1041 1242 1079 nou
1261 1024 1361 1081 habere
1379 1025 1516 1096 respondi.
1552 1025 1583 1082 si
1599 1028 1627 1082 iu
1646 1029 1733 1082 casum

304 1125 440 1175 merentes
459 1135 513 1174 non
532 1117 567 1173 ab
586 1133 618 1173 eo
638 1121 743 1171 tutores
762 1116 869 1184 dentur,
888 1115 936 1185 qui
953 1115 981 1169 in
999 1115 1096 1169 eastris
1114 1113 1245 1184 merebat,
1263 1115 1467 1170 excusationem
1485 1113 1587 1170 habere
1604 1116 1758 1186 respondis

247 1210 285 1266 24
357 1211 537 1263 Purrursuus
560 1207 629 1261 libro
648 1205 791 1261 undecimo
811 1205 1010 1274 quaestionum.
1042 1203 1237 1272 ’Nequaquam
1257 1204 1423 1259 credendum
1443 1200 1734 1287 [Qffl
1749 1215 1780 1266 Ψ

304 1303 346 1352 est
368 1298 393 1352 ei
412 1296 583 1368 priuilegium
603 1295 787 1349 excusationis
806 1292 943 1362 ablatum,
966 1292 1010 1347 cui
1027 1289 1298 1346 fideicommissaria⁸
1315 1292 1427 1348 libertus
1445 1293 1536 1348 soluta
1553 1299 1609 1348 ost:
1633 1294 1735 1348 namin

303 1391 361 1441 toto
386 1384 442 1439 fere
460 1385 518 1438 iure
537 1384 718 1438 manumissor
736 1381 870 1437 eiusmodi
888 1379 956 1435 nihil
973 1382 1040 1436 iuris
1059 1386 1091 1436 ut
1106 1386 1239 1452 patronus
1257 1381 1391 1436 aduerm
1407 1380 1497 1436 liberti
1514 1395 1662 1452 personam
1680 1398 1735 1437 con·

304 1475 452 1543 sequiturt,
472 1477 588 1542 excepto
606 1473 679 1541 quod
699 1471 726 1526 in
744 1471 787 1525 ius
805 1483 905 1524 uocare
923 1474 1068 1538 patronum
1087 1470 1193 1524 iniussu
1211 1471 1345 1539 praetoris
1362 1485 1417 1526 uon
1435 1470 1544 1526 dobet‘.

246 1565 284 1622 25
356 1563 507 1617 Unrrsuus
524 1561 592 1616 libro
612 1560 732 1616 secundo
752 1560 786 1613 de
804 1557 896 1614 officio
913 1559 1094 1628 proconsulis.
1122 1560 1261 1614 Excusare
1274 1574 1304 1614 se
1316 1563 1391 1614 tutor
1402 1575 1452 1630 per
1463 1558 1568 1615 libellos
1586 1554 1736 1645 [affl
1762 1569 1776 1623 s

302 1667 356 1708 non
376 1651 488 1720 poterit.
1752 1663 1773 1702 u

245 1743 284 1798 26
355 1740 474 1794 Pnunus
493 1738 561 1794 libro
580 1739 710 1807 singulari
730 1737 764 1791 de
783 1734 1014 1791 excusationibus.
1042 1735 1182 1792 Mensores
1200 1734 1392 1793 frumentarios
1410 1735 1512 1792 babere
1524 1738 1568 1792 ius
1587 1733 1737 1821 [W
1763 1745 1787 1799 s·

303 1828 487 1884 excusationis
506 1835 619 1897 apparet
637 1842 672 1881 ex
690 1827 822 1897 rescripto
840 1826 966 1881 diuorum
985 1825 1068 1880 llarei
1086 1824 1277 1897 etOommodi,
1295 1825 1371 1896 quod
1387 1826 1587 1896 rescripserunt
1603 1827 1739 1898 praelecto

303 1933 437 1972 annonae.

246 2007 284 2064 27
355 2008 531 2061 ldsucmuus
554 2004 623 2061 libro
646 2005 741 2075 quinto
765 2005 930 2072 regularum.
967 2003 1142 2073 Legatarius,
1166 2003 1212 2073 qui
1230 2009 1344 2073 mgatus
1362 2008 1405 2058 est
1423 2003 1468 2058 alii
1485 2018 1567 2060 omne
1586 1999 1738 2088 [ῇέῆε
1765 2016 1795 2085 ss

302 2097 422 2164 legatum
443 2095 453 2164 ll
473 2095 629 2162 restituere,
653 2095 677 2147 si
699 2093 795 2147 maluit
818 2107 848 2147 se
872 2107 1004 2148 excusare
1030 2109 1046 2146 a
1069 2093 1169 2162 tutela,
1191 2093 1313 2162 legatum
1331 2096 1443 2163 pmpter
1460 2090 1738 2150 fideicommissariam
1752 2107 1806 2152 test

304 2185 493 2252 consequitur:
512 2183 556 2237 cui
575 2182 670 2236 similis
688 2187 739 2250 est,
758 2181 805 2251 qui
824 2180 858 2235 de
877 2178 946 2237 falso
965 2181 1024 2250 egit
1040 2195 1093 2235 nec
1109 2181 1236 2250 optinuit.
1755 2200 1776 2238 u

246 2274 284 2332 28
357 2274 537 2326 Parrursuus
555 2270 623 2325 libro
636 2270 731 2339 quinto
744 2284 947 2338 responsorum.
975 2271 1063 2326 Tutor
1074 2271 1177 2340 petitus
1196 2275 1260 2325 ante
1277 2270 1380 2326 decreti
1397 2269 1470 2325 diem
1482 2269 1506 2324 si
1519 2270 1566 2325 ali·
1586 2265 1740 2354 W
1767 2280 1787 2334 Ρ

272 2375 283 2420 1
303 2361 377 2431 quod
396 2361 569 2429 priuilegium
588 2359 703 2428 quaerit,
722 2363 796 2412 recte
813 2358 974 2427 petitionem
992 2358 1146 2414 institutam
1158 2359 1303 2414 excludere
1316 2374 1370 2414 non
1382 2359 1490 2429 poterit.
1518 2359 1595 2425 Quae
1606 2360 1741 2415 tutoribus

303 2445 519 2504 remunerandae
537 2447 602 2502 fidei
621 2463 705 2502 causa
721 2450 889 2502 testamento
906 2447 1028 2515 parentis
1040 2447 1236 2518 relinquuntur,
1254 2453 1319 2518 post
1330 2449 1534 2504 excusationem
1548 2447 1584 2504 ab
1597 2448 1741 2505 heredibus

305 2539 430 2594 extrariis
448 2553 557 2608 quoque
575 2535 685 2592 retineri
703 2535 813 2606 placuit.
840 2535 913 2605 quod
931 2551 986 2591 uon
1004 2533 1115 2591 habebit
1132 2536 1222 2592 locum
1241 2537 1269 2591 in
1287 2552 1405 2607 persona
1422 2535 1478 2607 lilii,
1497 2552 1580 2608 quem
1598 2543 1681 2608 pater
1696 2538 1741 2592 im·
1757 2553 1780 2594 aa

303 2626 400 2698 puberi
418 2625 495 2681 fratri
513 2626 675 2681 coheredem
694 2630 723 2679 et
740 2629 859 2680 tutorem
878 2623 966 2694 dedit,
986 2639 1048 2680 oum
1066 2624 1196 2680 iudicium
1214 2626 1300 2696 patris
1318 2630 1350 2681 ut
1367 2624 1448 2696 filius,
1467 2641 1522 2682 non
1540 2630 1572 2681 ut
1588 2630 1668 2683 tutor
1685 2641 1742 2696 pro

271 2723 285 2766 a
304 2716 411 2770 meruit.
448 2716 578 2770 Tutorem
603 2715 639 2770 ud
662 2721 771 2785 tempus
794 2713 904 2768 exulare
922 2713 1027 2769 iussum
1046 2717 1171 2769 excusari
1189 2729 1244 2770 non
1262 2719 1382 2785 oportet,
1407 2716 1457 2770 sed
1475 2729 1525 2786 par
1542 2721 1655 2786 tempus
1673 2714 1743 2770 exilii

305 2811 414 2860 curator
432 2804 459 2858 iu
477 2805 566 2859 locum
585 2805 671 2875 ipsius
690 2803 773 2858 debet
790 2803 858 2858 dari.

247 2889 285 2947 29
357 2894 532 2948 Mauorsuus
550 2893 618 2948 libro
637 2891 757 2948 secundo
775 2891 985 2946 institutionum.
1012 2891 1096 2947 Plane
1115 2892 1184 2947 siin
1202 2893 1313 2948 exilium
1331 2892 1413 2950 datus
1431 2893 1468 2948 sit
1482 2896 1565 2962 tutor,
1585 2887 1743 2978 Qu
1758 2901 1787 2955 ·s

272 2989 284 3034 1
305 2987 396 3053 potest
413 2997 443 3036 se
462 2997 606 3052 excusare,
626 2983 650 3036 si
668 2982 696 3036 iu
713 2986 874 3052 perpetuum
894 2980 976 3035 datus
994 2983 1047 3035 ost.
1073 2980 1192 3036 Facilius
1211 2986 1303 3037 autem
1322 2983 1409 3038 exulis
1427 2983 1595 3054 ignorantis,
1613 2984 1668 3054 qui
1684 2999 1743 3038 con·
1761 2997 1783 3036 ss

304 3077 423 3127 tutorem
442 3076 600 3142 susspectum
619 3069 709 3125 lacere
727 3084 781 3125 non
798 3069 927 3140 potuerit,
945 3069 1054 3124 ueniam
1072 3068 1193 3125 babebit.

248 3156 287 3214 30
358 3161 539 3215 Parmrsuos
556 3160 625 3238 libro
643 3159 739 3229 quinto
757 3172 958 3229 responsorum.
984 3159 1054 3214 luris
1072 3159 1184 3228 peritos,
1202 3159 1249 3229 qui
1266 3159 1382 3214 tutelam
1398 3175 1567 3230 &remoue
1599 3155 1745 3228 masfa-⁹
1772 3168 1793 3221 P

304 3255 411 3321 perant,
431 3251 459 3305 in
477 3249 620 3304 consilium
637 3248 790 3318 principum
808 3247 969 3316 adsumptos
987 3247 1083 3317 optimi
1101 3247 1266 3318 maximique
1283 3248 1421 3318 principes
1439 3250 1526 3306 nostri
1543 3250 1746 3306 constituerunt

305 3339 491 3408 excusandos,
515 3339 643 3407 quoniam
666 3339 739 3393 circa
762 3337 834 3392 latus
856 3351 949 3392 eorum
968 3341 1083 3405 agerent
1100 3339 1129 3390 et
1145 3335 1357 3392 honordelatns
1374 3335 1457 3393 finem
1475 3339 1543 3394 certi
1560 3339 1699 3409 temporis
1716 3351 1747 3392 se

273 3435 285 3480 1
305 3430 358 3485 loci
376 3443 432 3484 non
449 3426 570 3484 haberet.
599 3427 667 3482 Oum
687 3426 818 3482 emundas
836 3441 872 3480 ex
888 3425 1030 3496 pmuinoia
1047 3425 1151 3480 Romae
1169 3424 1335 3481 domicilium
1352 3425 1474 3498 haberet,
1493 3427 1616 3483 eiusdem
1638 3432 1786 3482 ammonas

306 3519 417 3574 decreto
443 3515 578 3589 praesidis
604 3530 636 3570 ac
663 3516 797 3585 praetoris
827 3515 994 3570 constitutus
1023 3528 1114 3569 rerum
1144 3513 1406 3570 administrationem
1435 3515 1583 3586 utrubique
1612 3515 1747 3586 suscepit.

304 3608 409 3678 placuit
427 3615 490 3662 eum
509 3604 578 3660 duas
597 3605 751 3660 curationes
770 3603 959 3660 administrare
976 3618 1033 3659 non
1049 3602 1150 3672 uideri,
1172 3603 1246 3673 quod
1263 3602 1392 3660 uidelicet
1409 3606 1490 3660 unius
1508 3605 1564 3661 duo
1580 3605 1748 3675 patrimonia

273 3701 361 3752 tucn
385 3695 551 3750 uiderentur.
589 3693 639 3760 Qui
667 3694 809 3765 priuilegio
833 3693 966 3750 subnixus
989 3696 1044 3763 est,
1071 3691 1162 3748 botris
1188 3692 1356 3749 curationem
1381 3694 1520 3764 suscipere
1547 3709 1602 3749 non
1630 3695 1748 3764 cogitur.

273 3789 287 3832 ³
307 3787 440 3840 Patronus
465 3782 599 3854 impuberi
621 3782 720 3839 liberto
744 3781 878 3852 quosdam
902 3797 937 3836 ex
959 3781 1064 3837 libertis
1090 3786 1196 3837 tutores
1224 3785 1273 3836 aut
1299 3783 1439 3837 curatores
1466 3785 1636 3839 memorante
1664 3783 1749 3839 dedit.

307 3873 433 3943 quamuis
451 3887 499 3927 eos
517 3872 631 3928 idoneos
650 3887 711 3927 esse
730 3874 845 3940 constet,
864 3869 948 3926 nihilo
965 3871 1055 3926 minus
1072 3870 1132 3925 iure
1150 3868 1259 3940 publico
1276 3875 1409 3941 poterunt
1425 3872 1559 3942 excusari,
1580 3887 1616 3927 ne
1636 3872 1749 3928 decreto
1765 3887 1789 3928 ss

307 3959 508 4017 confirmentur.

249 4042 287 4102 31
359 4050 478 4105 Puuuus
492 4048 561 4105 libro
574 4053 653 4104 sexto
666 4048 865 4119 quaestionum.
893 4045 924 4102 Si
935 4047 967 4117 is,
986 4047 1033 4117 qai
1045 4051 1101 4102 tres
1113 4047 1213 4104 tutelas
1226 4046 1442 4118 administrabat,
1460 4046 1569 4104 dnobus
1588 4044 1750 4134 Q
1777 4057 1799 4113 Ρ

306 4157 351 4224 F(
356 4155 454 4221 WDQ
473 4165 517 4227 qui
536 4163 625 4229 incipit
642 4177 659 4210 a
676 4177 701 4210 u.
714 4155 751 4208 42
767 4173 822 4210 uos.
834 4153 941 4224 paulus,
959 4153 1042 4222 Ele)

307 4265 408 4274 ...μ-..ιι-

309 4317 316 4350 ¹
337 4313 455 4368 iniunxit
478 4317 512 4378 (a.
526 4314 575 4380 al?
646 4313 708 4368 ’et
731 4312 783 4368 hoc
805 4312 917 4381 quidem
939 4312 974 4368 de
999 4327 1045 4382 eo,
1070 4313 1114 4368 eui
1138 4310 1300 4369 beneficium
1325 4313 1407 4369 datae
1428 4311 1563 4370 libertatis
1586 4315 1750 4388 exprobrari

306 4389 413 4455 potest:
433 4385 552 4453 alioquin
571 4387 631 4439 add.
647 4385 704 4440 Uol.
767 4381 1009 4439 ⁸lideieommissa
1029 4383 1087 4440 Uat.
1150 4384 1312 4441 ⁴aduersus
1326 4399 1470 4454 personam
1485 4386 1566 4442 modo
1579 4387 1675 4443 liberti
1686 4403 1748 4443 eon·

307 4457 442 4526 sequitur,
467 4457 533 4512 licet
555 4457 583 4510 in
606 4456 685 4512 bonis
708 4456 768 4510 eius
793 4456 901 4526 patroni
923 4455 966 4510 ius
989 4461 1118 4511 exerceat
1144 4456 1201 4510 Uet.
1272 4459 1283 4491 ⁶
1302 4455 1402 4512 debeat
1423 4457 1481 4512 Uat.

308 4557 809 4666 dmummffiffloscsu
821 4595 877 4651 ἒπιτ
896 4597 963 4652 oric
975 4597 998 4652 oi
1053 4595 1132 4682 uaros
1151 4597 1322 4667 uapsrrelctar
1340 4599 1367 4653 B
1379 4598 1501 4665 (Anca.):
1520 4607 1548 4655 ot
1565 4603 1697 4656 saridim
1715 4601 1751 4654 s'hi

308 4668 870 4795 uttittttttttltltltt
1051 4669 1430 4795 curruumque
1447 4671 1751 4808 saumae

307 4757 337 4867 ll
354 4781 451 4866 castris
470 4809 601 4880 merebat]
619 4755 688 4882 uffpl
706 4809 934 4880 sollertissimi
952 4756 998 4864 gl-
1051 4759 1267 4867 lsre'inluspsum
1280 4781 1337 4878 F2'l
1353 4760 1484 4868 exclslle
1498 4781 1538 4866 l*
1578 4815 1615 4868 30
1635 4815 1692 4885 est]
1705 4815 1750 4880 Ρ,

309 4901 378 4954 crpqr
404 4882 612 4953 crparepoasuor
630 4883 691 4945 Rs,
715 4882 782 4954 usp&
807 4883 998 4954 crparsmrrusbu
1051 4883 1088 4937 sit
1105 4882 1281 4936 F³WDE10
1322 4884 1356 4939 31
1374 4883 1504 4954 potuerit]
1516 4883 1631 4950 Vltio,
1651 4892 1750 4956 potue·

307 4953 600 5024 lpxt'turmuBfflnou.)
637 4955 669 5008 11
680 4960 741 5009 est
752 4955 776 5009 sl
786 4955 810 5007 F
813 4954 824 4987 ⁸
860 4955 895 5009 12
905 4969 1000 5008 manu·
1051 4952 1344 5022 rintfflllfipolullD
1386 4955 1584 5030 Metauruffl·
1615 4957 1749 5012 39th-

308 5027 449 5083 misserF¹
466 5028 471 5094 Ι
486 5029 518 5082 ut
536 5045 583 5080 om.
601 5025 658 5081 Uet.
710 5026 744 5083 14
761 5022 935 5089 arturutmos
953 5034 999 5090 Δγ·
1048 5021 1255 5096 to's'quosdsm
1274 5023 1311 5076 Ρ
