3812 5598
290 237 410 307 XXVII
430 240 450 304 9
472 245 506 300 13
525 274 559 286 —
581 239 622 304 10
641 244 657 298 7
973 230 1060 311 812
1423 258 1470 306 nn
1492 257 1732 307 consumimus

293 400 386 452 autem
409 396 517 451 notaui:
540 395 592 449 etsi
613 394 682 450 solui
700 394 834 465 potuerit,
858 394 882 449 si
900 399 993 450 nmen
1013 395 1075 450 illas
1093 410 1138 450 res
1156 396 1249 451 salum
1267 401 1360 466 erunt,
1383 411 1419 453 ox
1436 412 1552 467 quarum
1569 397 1659 467 pretio
1678 399 1733 454 aeri

294 486 383 540 alieno
403 483 529 539 satisfieri
546 484 646 552 potuit,
665 482 811 538 dicendum
829 487 872 538 est
890 483 979 538 adhuc
997 483 1052 539 doli
1070 485 1260 554 exceptionem
1278 484 1397 556 obstare,
1416 487 1439 542 si
1456 487 1561 542 lucrum
1580 491 1674 556 captet
1685 502 1733 557 pu·

292 575 374 644 pillos
392 589 427 628 ex
445 572 546 627 damno
564 573 662 627 alieno.

237 663 274 720 14
346 663 466 718 Psunus
484 661 553 717 libro
571 676 643 717 nono
662 676 863 731 responsorum.
900 661 1002 717 Paulus
1020 662 1170 734 respondit,
1190 663 1242 717 etsi
1260 666 1455 718 usamentum
1473 663 1560 734 patris
1578 657 1734 746 [Qu-Q
1753 675 1778 728 Ρ

293 755 392 822 postea
409 751 514 805 irritum
534 766 596 806 esse
615 751 751 820 apperuit,
769 756 862 806 umen
880 754 985 805 tutores
1003 752 1099 821 pupilli
1117 753 1177 807 siue
1195 757 1335 808 curatores
1348 747 1358 818 l
1371 751 1420 807 lilii
1437 751 1504 806 nihil
1522 753 1823 812 momentosas

293 855 354 895 nem
375 840 500 895 diuorum
518 840 670 910 principum
683 838 781 894 iecisse
794 838 890 907 uideri,
911 840 934 894 si
946 841 1097 896 secundum
1109 842 1279 897 uoluntatem
1292 839 1416 896 defuncti
1426 845 1593 897 testamento
1604 841 1733 913 scriptam
1752 857 1765 898 ι

292 928 435 999 praedium
454 928 585 983 rusticum
604 928 738 998 pupillare
756 928 948 984 uendiderunt

987 1125 1025 1208 X

292 1261 329 1339 it
373 1261 437 1338 DE
479 1260 808 1339 CURATORIBUS
846 1190 1047 1339 suetoso
1083 1260 1146 1338 ET
1176 1260 1298 1339 ALIIS
1330 1260 1493 1338 Exulis
1526 1260 1735 1339 MINORES
1754 1280 1820 1334 ssa

884 1385 1060 1463 DANDIS
1105 1386 1142 1464 R
1756 1410 1782 1449 ιι

256 1557 271 1611 1
345 1550 496 1607 Uarrsrrus
513 1549 583 1607 libro
601 1551 689 1621 primo
708 1549 743 1606 ad
758 1548 898 1606 Sabinum.
928 1551 1005 1620 Lege
1023 1550 1168 1607 duodecim
1180 1549 1334 1606 tabularum
1347 1548 1463 1621 prodigo
1476 1549 1559 1604 inter·
1578 1543 1775 1633 [ΕΗΒ

292 1640 391 1696 dicitur
409 1640 542 1696 bonorum
561 1654 672 1694 snorum
691 1639 899 1710 administratio,
918 1640 992 1710 qnod
1010 1639 1131 1696 moribus
1150 1639 1260 1710 quidem
1272 1638 1308 1696 ab
1320 1639 1397 1694 initio
1409 1637 1596 1694 introductum
1608 1643 1660 1694 sss
1685 1639 1738 1696 sed

273 1783 274 1787 ,
292 1730 381 1786 solent
397 1728 480 1784 hodie
497 1733 639 1799 praetores
656 1728 701 1783 uel
719 1729 868 1798 praesides,
888 1729 911 1783 si
929 1730 1012 1784 talem
1030 1728 1167 1784 hominem
1180 1729 1342 1798 inuenerint,
1361 1727 1409 1798 qui
1421 1741 1511 1798 neque
1524 1731 1634 1797 tempus
1646 1743 1737 1798 neque

291 1816 374 1874 finem
393 1833 575 1888 expensarum
598 1815 696 1886 habet,
721 1817 770 1872 sed
789 1816 862 1874 bona
879 1833 931 1873 sua
948 1817 1122 1872 dilacerando
1140 1821 1168 1872 et
1185 1816 1345 1887 dissipando
1362 1814 1486 1886 profudit
1493 1819 1511 1886 ¹,
1536 1822 1691 1872 curatorem
1710 1827 1739 1872 er·

292 1906 358 1962 dare
377 1907 504 1976 exemplo
522 1904 631 1961 furiosi:
656 1910 685 1960 et
702 1906 807 1962 tamdiu
826 1911 906 1962 amnt
924 1905 1006 1962 ambo
1023 1907 1051 1961 iu
1068 1907 1218 1976 curatione,
1236 1905 1368 1976 quamdiu
1385 1906 1430 1960 uel
1448 1902 1569 1961 furiom
1587 1905 1736 1962 sanitatem
1755 1919 1781 1960 ιι

291 1996 337 2052 nel
354 1996 399 2050 ille
417 2010 500 2051 sanos
517 2009 608 2050 mores
625 1995 772 2065 receperit:
790 1994 907 2064 quodsi
925 1996 1055 2064 euenerit,
1074 1996 1135 2066 ipso
1154 1996 1213 2050 iure
1232 1995 1362 2050 desinunt
1379 2009 1441 2050 esse
1459 1994 1488 2050 in
1506 1999 1645 2064 potestate
1657 2011 1737 2050 cura·

260 2096 271 2142 1
292 2090 390 2141 torum.
428 2085 540 2140 Curatio
559 2089 651 2140 autem
671 2084 743 2154 eius,
762 2084 807 2138 cui
823 2082 904 2138 bonis
921 2083 1105 2154 interdicitur,
1124 2081 1180 2140 filio
1198 2082 1351 2153 negabatur
1368 2082 1567 2154 permittenda:
1590 2083 1640 2138 sed
1658 2087 1739 2140 extat

292 2173 349 2228 diui
362 2174 403 2229 Pii
421 2175 583 2244 rescriptum
601 2170 656 2227 filio
674 2173 765 2242 potios
783 2173 952 2228 curationem
964 2173 1175 2242 permittendam
1189 2173 1217 2228 in
1229 2179 1307 2242 patre
1319 2171 1430 2242 furioso
1449 2173 1472 2226 si
1485 2172 1562 2227 tam¹
1573 2170 1679 2242 probus
1691 2173 1739 2228 sit.

254 2263 273 2321 2
345 2262 465 2318 Faunus
481 2261 551 2317 libro
568 2261 658 2331 primo
676 2260 711 2316 de
729 2258 820 2316 officio
838 2261 1016 2331 proconsulis.
1052 2259 1108 2318 Sed
1126 2266 1155 2318 et
1172 2261 1233 2317 aliis
1251 2260 1329 2316 dabit
1345 2261 1492 2332 proconsul
1510 2276 1557 2316 cu·
1576 2257 1739 2344 fflssi
1756 2269 1786 2324 s·

291 2355 406 2420 ratores,
424 2350 471 2420 qui
489 2349 572 2406 rebus
590 2349 648 2405 suis
665 2363 810 2419 superesse
828 2365 882 2406 uon
900 2355 1024 2420 possunt,
1043 2351 1087 2406 uel
1106 2350 1165 2406 dari
1181 2348 1295 2420 iubebit,
1313 2364 1365 2405 neo
1378 2348 1516 2406 dubitabit
1526 2349 1613 2406 tilium
1624 2339 1739 2422 quoffl
1756 2363 1783 2405 ιι

292 2441 364 2512 patri
382 2444 536 2496 curatorem
554 2437 640 2493 dari⁸.

254 2528 273 2587 3
345 2528 497 2584 omasus
518 2527 587 2583 libro
610 2527 753 2598 trigesimo
775 2527 864 2598 primo
887 2525 923 2584 ad
941 2525 1084 2583 Sabinum.
1121 2527 1194 2582 Dum
1212 2526 1365 2584 deliberant
1382 2526 1498 2583 heredes
1517 2528 1557 2583 in·
1575 2522 1776 2612 ΜΕ

293 2616 381 2672 stituti
400 2616 484 2686 adire,
503 2616 582 2672 bonis
600 2633 617 2671 a
633 2621 760 2686 praetore
778 2619 887 2672 curator
905 2615 994 2671 datur.

254 2707 275 2766 4
345 2705 423 2762 lusu
439 2703 510 2761 libro
527 2705 669 2774 trigesimo
688 2710 788 2762 octauo
806 2704 842 2759 ad
853 2702 994 2760 Sabinum.
1030 2704 1162 2760 Furiosus
1180 2704 1275 2762 matris
1293 2704 1400 2762 contio
1417 2704 1454 2761 sd
1470 2703 1557 2761 tilium
1589 2716 1740 2774 B.ss,1o.t
1756 2715 1778 2772 8

292 2796 425 2865 pertinet:
444 2795 533 2864 pietas
551 2795 623 2850 enim
643 2793 812 2865 parentibus,
831 2794 884 2849 etsi
901 2793 1053 2863 inaequalis
1071 2797 1114 2849 est
1132 2809 1226 2850 eornm
1244 2799 1377 2865 mlestus,
1396 2809 1486 2864 aequa
1502 2781 1738 2851 debebffi*
1757 2811 1784 2852 as

255 2886 274 2945 5
347 2882 441 2940 Gerus
458 2882 527 2939 libro
545 2898 618 2940 nono
636 2883 672 2939 ad
690 2883 809 2940 edictum
827 2883 1003 2952 prouinciale.
1041 2882 1157 2938 (iurator
1174 2897 1209 2938 ex
1227 2887 1340 2939 senatus
1357 2883 1482 2940 consulto
1495 2899 1559 2938 oon·
1577 2879 1778 2968 [ffiffis

294 2973 425 3043 stituitur,
444 2987 506 3027 cnm
525 2973 599 3027 clara
616 2987 743 3042 persona,
761 2971 848 3027 ueluti
865 2972 1000 3027 senatoris
1017 2973 1063 3027 uel
1081 2972 1174 3028 uxone
1192 2972 1260 3042 eius,
1278 2972 1307 3027 ln
1325 2986 1359 3028 ea
1376 2987 1462 3028 musa
1478 2973 1522 3043 sit,
1541 2976 1573 3028 nt
1589 2973 1650 3029 eins
1662 2961 1741 3029 iffi

294 3061 387 3118 uenire
410 3061 543 3118 debeantr
568 3077 631 3118 uam
655 3065 687 3116 ut
709 3060 852 3116 honestius
875 3074 910 3116 ox
932 3060 1012 3117 bonis
1035 3061 1095 3116 eius
1112 3065 1245 3130 quantum
1263 3065 1356 3130 potest
1372 3060 1554 3118 cmditonlrus
1572 3063 1740 3132 solueretur,

294 3152 404 3206 ornator
415 3150 591 3206 constituitur
602 3149 840 3206 distrahendorum
851 3147 986 3206 bonorum
999 3150 1089 3219 gratis
1100 3149 1144 3204 uel
1156 3164 1174 3203 a
1184 3153 1311 3218 praetore
1322 3148 1367 3205 uel
1376 3149 1404 3205 in
1412 3151 1562 3221 prouinciis
1571 3150 1739 3220 apraeside.
1757 3164 1785 3206 ιι

256 3239 275 3298 6
346 3237 497 3294 Unrrssus
514 3238 584 3295 libro
601 3239 690 3308 primo
709 3238 743 3292 de
762 3237 890 3293 omnibus
908 3237 1097 3295 tribunalibus.
1135 3236 1288 3294 obseruare
1305 3243 1459 3309 praetorem
1478 3254 1557 3310 opor·
1576 3235 1777 3324 [ῇιῖιιῇε

292 3326 371 3396 tebit,
390 3341 425 3382 ne
443 3327 487 3383 eui
504 3333 608 3383 wmare
625 3328 694 3382 citra
712 3341 813 3382 causae
831 3327 1016 3397 cognitionem
1035 3326 1242 3397 plenissimum⁸
1258 3331 1412 3383 curatorem
1431 3327 1488 3398 det,
1506 3315 1740 3398 qnonliffipl'aff-

293 3432 347 3487 que
365 3417 408 3472 uel
427 3414 547 3472 furorem
565 3417 610 3472 nel
626 3415 792 3472 dementiam
804 3413 921 3485 fingunt,
938 3429 994 3485 quo
1006 3415 1096 3485 magis
1108 3419 1233 3471 curatore
1245 3420 1360 3486 accepto
1372 3431 1457 3474 onera
1468 3417 1560 3472 ciuilia
1570 3417 1738 3474 demutent

256 3503 275 3562 7
345 3507 489 3562 qursrsus
505 3504 575 3561 libro
594 3506 726 3561 uicesimo
743 3505 831 3574 primo
849 3504 1027 3574 digestorum.
1058 3503 1178 3560 Consilio
1195 3509 1225 3559 et
1241 3519 1325 3574 opera
1341 3506 1476 3561 curatoris
1487 3505 1559 3562 tueri
1576 3503 1777 3589 [ΕἶιΕζῑΕῙιε

260 3606 272 3650 1
293 3592 378 3649 debet
394 3609 449 3650 nou
468 3595 556 3650 solum
573 3595 776 3665 patrimonium,
798 3593 848 3650 sed
866 3598 896 3648 et
912 3608 1012 3663 corpus
1030 3608 1063 3648 ac
1082 3593 1156 3648 salus
1173 3589 1278 3648 iuriosiL
1315 3593 1431 3650 curator
1448 3593 1569 3650 dementi
1588 3583 1739 3652 Μ

294 3686 370 3738 creto
391 3683 567 3753 interposito,
590 3683 631 3738 uti
654 3683 814 3752 safisdarct,
838 3697 894 3738 nou
916 3682 991 3736 cauit
1011 3686 1040 3736 et
1057 3686 1150 3737 tamen
1167 3680 1302 3751 quasdem
1319 3697 1363 3738 res
1384 3681 1419 3737 ds
1437 3681 1518 3739 bonis
1535 3683 1594 3740 eius
1611 3684 1740 3754 legitimo
1757 3697 1785 3740 ιι

293 3771 376 3828 medo
394 3771 533 3827 alienauit.
562 3772 586 3826 si
604 3770 720 3827 heredes
737 3771 873 3827 dementis
892 3770 1002 3826 easdem
1021 3785 1066 3826 res
1084 3769 1239 3840 uindicent,
1261 3787 1330 3840 quas
1349 3777 1459 3828 curator
1476 3771 1621 3843 alienauit,
1643 3777 1673 3828 et
1690 3789 1739 3830 ex·

294 3861 384 3930 ceptio
402 3866 555 3930 opponetur
572 3858 603 3914 ‘si
621 3874 677 3915 non
695 3865 804 3916 curator
821 3858 992 3930 uendiderit',
1011 3858 1152 3929 replicatio
1170 3858 1230 3914 dari
1247 3858 1331 3915 debet
1347 3860 1403 3915 'sut
1420 3861 1445 3916 si
1461 3860 1642 3918 sadsdatioue
1653 3861 1739 3918 inter-

294 3949 392 4020 'posita
410 3949 561 4005 secundum
579 3947 720 4004 decretum
738 3947 910 4006 uendiderit’.
933 3947 1048 4018 quodsi
1066 3948 1155 4018 pretio
1169 3953 1283 4018 accepto
1296 3953 1405 4004 curator
1417 3949 1566 4004 creditores
1584 3947 1681 4006 urion
1696 3951 1738 4006 di·

261 4049 276 4092 a
294 4038 377 4108 misit,
394 4038 541 4109 triplicatio
559 4036 615 4092 doli
632 4042 708 4094 tutos
725 4053 899 4109 possessores
916 4036 1077 4108 praestabit
1109 4035 1178 4092 (lum
1193 4035 1329 4093 dementis
1341 4042 1504 4107 curatorem,
1522 4039 1588 4108 qnia
1599 4039 1668 4094 satis
1680 4055 1737 4095 non

293 4124 409 4181 dederat
431 4131 460 4181 et
483 4140 528 4182 res
551 4126 623 4181 male
646 4127 863 4196 administraret,
886 4126 1032 4197 proconsul
1056 4125 1204 4182 remouerit
1226 4123 1341 4180 abonis
1358 4124 1496 4196 aliumque
1513 4126 1575 4182 loco
1593 4127 1653 4182 eins
1671 4126 1737 4184 sub·
1755 4141 1785 4180 so

293 4214 415 4270 stituerit
431 4219 594 4285 curatorem,
619 4219 647 4272 et
665 4215 709 4271 hic
726 4216 869 4287 posterior,
892 4231 954 4272 cnm
973 4229 1025 4270 nec
1042 4214 1102 4285 lpse
1120 4213 1319 4284 satisdedisset,
1341 4215 1430 4284 egerit
1447 4229 1508 4270 cum
1527 4219 1634 4272 remoto
1651 4231 1737 4286 nego

293 4303 393 4360 tiorum
417 4309 570 4374 gestorum,
592 4309 746 4374 posteaque
768 4303 884 4360 heredes
900 4303 1038 4360 dementis
1055 4317 1117 4358 cum
1136 4302 1232 4358 eodem
1252 4302 1423 4372 negotiorum
1444 4307 1586 4373 gestorum
1604 4309 1692 4374 qaut
1708 4309 1738 4360 et

293 4400 517 4470 HWDQEIC)

295 4531 484 4606 ¹proiuudit?
555 4534 679 4590 ’umen
697 4535 758 4601 (oca
774 4536 806 4589 ds
823 4533 944 4600 Water)?
1014 4534 1111 4590 'dare
1128 4531 1231 4600 (Helii
1301 4533 1516 4602 ‘plenissimam
1535 4535 1639 4602 (deripi

295 4659 411 4715 1ιῚΙιιίι4
430 4659 467 4712 F’
511 4656 673 4712 isatislieri
686 4657 784 4728 potuit]
801 4657 925 4722 FDEIO,
944 4673 987 4713 sa-
1043 4657 1140 4724 Qulo,
1157 4661 1190 4712 ut
1206 4657 1266 4712 eius
1337 4655 1487 4721 debeatD,
1505 4663 1537 4713 ut
1553 4659 1613 4714 elus
1689 4659 1736 4714 ds-

293 4729 390 4786 tisfieri
408 4745 464 4785 non
481 4729 645 4800 potuitWQ
697 4730 840 4799 aponius]
859 4729 932 4784 idem
950 4729 987 4784 Ρ
1040 4728 1108 4785 bent
1126 4729 1154 4794 E
1172 4729 1232 4784 eins
1307 4727 1410 4783 debent
1423 4725 1462 4780 W
1509 4729 1546 4784 35
1562 4728 1681 4800 res'p'de
1698 4730 1735 4784 Ρ

295 4803 329 4858 13
348 4817 437 4871 neque
455 4806 565 4872 ternpus
581 4815 671 4870 nsque
688 4797 782 4870 finem]
807 4801 872 4856 urire
891 4801 987 4872 ιιὲτροιι
1041 4801 1075 4856 37
1094 4804 1144 4856 aut
1160 4800 1184 4855 si
1202 4799 1391 4870 satisdatione]
1414 4795 1469 4852 ἄλλ’
1487 4799 1510 4854 si
1527 4799 1563 4854 sris
1582 4799 1631 4863 cix
1650 4801 1734 4856 ismae

295 4873 360 4958 urire
388 4872 477 4946 κιιρὸιι
504 4873 531 4928 Β
559 4871 667 4938 (Αιιοιι.)
733 4873 769 4926 14
794 4872 829 4941 ei]
857 4871 987 4957 nonio,
1041 4871 1072 4957 rs:
1092 4869 1165 4955 issue*
1189 4873 1252 4926 sarai
1274 4871 1322 4926 rrirr
1348 4869 1479 4925 Διιλιλιλιι
1498 4869 1514 4924 ὁ
1530 4873 1674 4956 naupactis
1696 4891 1733 4928 cor

294 4941 749 5074 {illailltlt‘lil
762 4941 988 5086 ..talitali
1040 4939 1318 5070 ll.¹³ll“⁶¹³⁸‘l·³
1353 4943 1597 5013 [ΜΨ
1631 4944 1734 4999 ⁴⁰¹²*
