3664 5570
219 239 276 307 Vll
301 242 316 305 1
339 247 372 301 13
893 229 980 310 220
1519 255 1567 304 οι
1587 254 1653 351 usu

219 411 275 466 quo
292 394 394 451 bonum
413 393 466 450 fuit
483 393 618 449 actionem
639 393 760 462 polliceri
777 394 940 462 praetorem,
959 407 1021 448 eum
1039 395 1177 461 competat
1186 393 1256 462 legis
1269 390 1395 463 Aquiliae
1406 392 1487 462 actio,
1505 391 1654 463 respondit,

220 485 285 554 qnia
302 489 368 540 sunt
386 499 480 552 casus,
500 481 600 552 quilius
618 486 709 537 cessat
725 479 852 550 Aquiliae
870 480 950 549 actio,
968 479 1031 535 ideo
1048 480 1166 536 iudicem
1184 481 1252 551 dari,
1270 484 1302 536 nt
1319 481 1379 536 siue
1397 480 1530 536 arbitratu
1547 485 1654 536 utamr:

221 589 283 628 uam
302 573 350 641 qui
370 588 467 642 agrum
486 585 541 626 non
558 569 717 640 proscindit,
736 569 784 638 qui
801 569 874 623 uites
892 583 946 623 non
964 567 1090 638 subserit,
1109 569 1174 624 item
1191 584 1323 639 mnarum
1341 569 1441 626 duetus
1454 569 1596 639 oomumpi
1606 585 1654 640 pa·

187 668 201 712 a
220 661 299 730 titur,
322 661 384 730 lege
407 659 518 729 Aquilia
541 673 596 714 non
619 662 734 713 tenetur.
768 656 865 712 eadem
888 661 916 710 et
939 657 967 710 in
990 657 1100 712 usuario
1123 656 1241 713 dicende
1262 661 1335 713 sunt
1371 655 1428 712 Sed
1450 657 1474 712 si
1497 657 1568 712 inter
1585 656 1655 713 duos

219 747 382 804 fructuarios
401 748 437 803 sit
454 747 648 815 controuersia,
666 746 786 801 Iulianus
803 743 872 800 libro
890 744 1050 813 trigemimo
1062 749 1161 800 octeno
1173 745 1341 816 digestorum
1353 743 1449 802 scribit
1459 746 1655 814 aequissimum
1675 759 1691 801 e

220 852 282 891 esse
300 837 379 906 quasi
397 836 533 891 communi
552 833 704 889 diuidundo
721 833 851 889 iudicium
870 832 929 888 dari
946 834 991 888 uel
1008 834 1183 903 stipulatione
1201 835 1274 888 inter
1290 847 1321 888 se
1339 847 1388 889 ees
1405 847 1518 902 cauere,
1539 833 1656 902 qualiter

220 923 357 979 fruantur:
381 939 430 980 our
453 923 539 992 enim,
562 923 650 992 inquit
672 922 807 991 Iulianus,
832 920 869 975 ad
889 936 965 976 arma
982 924 1011 976 et
1031 921 1116 976 rixam
1135 920 1284 991 procedere
1301 921 1423 992 patiatur
1439 925 1562 992 praetor,
1585 935 1656 991 quos

220 1017 313 1083 potest
335 1011 519 1067 iurisdictione
544 1026 595 1066 sua
619 1010 802 1080 componere?
832 1025 915 1080 quam
938 1010 1101 1066 sententiam
1120 1009 1216 1065 Celsus
1234 1024 1343 1079 qnoque
1360 1007 1430 1065 libro
1447 1009 1598 1065 uicensimo
1615 1007 1656 1064 di·

186 1105 202 1152 4
220 1105 359 1170 gestorum
378 1099 483 1170 probat,
503 1103 531 1153 et
549 1113 601 1168 ego
619 1101 687 1168 puto
705 1112 807 1154 ueram.
833 1099 1010 1154 Fructuarius
1028 1113 1140 1153 censam
1151 1097 1326 1168 proprietatis
1337 1097 1498 1153 deteriorem
1518 1091 1656 1182 Μ

220 1186 312 1243 facere
334 1202 389 1242 non
413 1185 509 1255 debet,
522 1181 672 1241 ‘meliorem
693 1183 783 1241 facere
801 1190 902 1257 potest.
935 1191 965 1240 et
982 1190 1030 1240 aut
1047 1184 1125 1241 fundi
1143 1189 1186 1240 set
1203 1183 1393 1240 ususfructus
1411 1185 1532 1257 legatus,
1556 1191 1585 1242 et
1601 1201 1657 1242 non
1678 1199 1707 1240 ιο

221 1275 304 1332 debet
322 1289 410 1344 neque
428 1274 540 1330 arbores
558 1271 704 1343 frugiferas
721 1274 847 1329 excidere
865 1289 954 1344 neque
973 1273 1065 1329 uillam
1082 1273 1191 1330 diruere
1208 1288 1260 1328 nec
1277 1271 1424 1342 quiequam
1442 1271 1533 1330 facere
1550 1274 1579 1330 in
1596 1288 1657 1345 por·

220 1364 319 1418 niciem
336 1363 519 1433 proprietatis.
538 1367 567 1416 et
585 1362 609 1417 si
626 1359 696 1417 forte
714 1362 898 1431 uoluptarium
916 1359 969 1416 fuit
984 1360 1137 1431 praedium,
1155 1361 1284 1416 uirdiaria
1301 1362 1346 1416 nel
1364 1361 1532 1431 gestationes
1549 1361 1596 1416 uel
1609 1360 1657 1416 de·

220 1450 421 1506 ambulationes
439 1448 581 1504 arboribus
598 1448 776 1504 infructuosis
794 1445 895 1519 opao'as
913 1454 996 1518 atque
1014 1463 1144 1504 amoenas
1161 1448 1275 1518 habena,
1293 1463 1349 1505 uon
1365 1448 1479 1505 debebit
1491 1449 1608 1518 deicere,
1625 1453 1658 1504 ut

187 1544 201 1591 o
220 1538 290 1594 forte
309 1538 402 1594 hortos
421 1537 542 1593 olitorios
560 1534 645 1592 faciat
662 1538 706 1592 uel
725 1537 799 1592 aliud
817 1537 893 1607 quid,
912 1536 986 1608 quod
1003 1536 1039 1591 ad
1056 1536 1175 1592 reditum
1193 1541 1307 1606 spectat
1334 1536 1403 1592 Inde
1421 1541 1463 1592 eet
1480 1552 1562 1607 quae·
1580 1533 1658 1622 Q

220 1628 316 1695 situm,
336 1641 371 1682 au
388 1624 551 1695 lapidicinae
569 1625 614 1679 uel
632 1623 808 1680 cretifodinas
826 1627 870 1680 uel
889 1622 1091 1680 harenifodinas
1109 1626 1168 1694 ipse
1185 1625 1330 1680 instituere
1346 1607 1448 1695 possit:
1471 1630 1501 1681 et
1517 1641 1571 1696 ego
1587 1631 1657 1697 puto
1678 1636 1709 1679 ιι

219 1716 302 1770 ctiam
326 1715 417 1784 ipsum
441 1713 583 1767 instituere
607 1727 704 1782 posse,
728 1714 751 1767 si
774 1728 830 1769 non
853 1714 912 1782 agri
935 1717 1041 1784 partem
1066 1712 1248 1768 necessariam
1266 1712 1330 1767 buie
1347 1711 1387 1768 rei
1404 1717 1587 1784 oesupstnrus
1604 1719 1657 1770 eet.

218 1801 334 1873 proinde
351 1815 438 1856 uenas
456 1815 566 1870 quoque
583 1800 789 1871 lapidicinarum
808 1806 837 1857 et
848 1800 1003 1856 huiusmodi
1016 1801 1186 1856 metallorum
1198 1799 1335 1869 inquirere
1346 1801 1461 1870 peterit:
1480 1817 1546 1871 ergo
1557 1807 1588 1857 et
1597 1803 1658 1858 auri

220 1894 249 1945 et
267 1890 374 1960 argenti
392 1894 421 1944 et
438 1889 557 1959 sulpuris
575 1895 604 1944 et
621 1889 692 1944 aeris
711 1894 739 1943 et
756 1887 821 1944 ferri
838 1894 867 1944 st
885 1894 1036 1945 ceterorum
1054 1886 1162 1944 fodinas
1179 1890 1225 1945 uel
1240 1905 1308 1960 quas
1320 1894 1399 1962 pater
1409 1888 1528 1946 familiae
1539 1889 1659 1946 instituit

220 1993 347 2034 exercere
365 1977 465 2048 poterit
489 1977 533 2031 uel
558 1977 617 2048 ipse
634 1977 790 2046 instituere,
811 1977 835 2031 si
853 1976 917 2032 nihi]
936 1977 1119 2048 agriculturae
1136 1976 1254 2034 nocebit
1287 1975 1446 2034 atriferis
1463 1978 1492 2034 in
1509 1978 1562 2032 boe
1583 1976 1659 2047 quod

220 2067 338 2122 instituit
362 2066 424 2136 plus
446 2063 551 2119 reditus
574 2065 611 2119 sit
634 2080 716 2134 quam
739 2065 768 2120 in
792 2065 879 2120 uineis
901 2067 946 2120 nel
969 2065 1088 2121 arbustis
1110 2066 1155 2121 uel
1178 2053 1286 2121 obueds
1308 2081 1380 2137 quae
1397 2064 1520 2135 fuerunt,
1543 2063 1658 2121 forsitan
1677 2076 1710 2119 ιο

187 2159 202 2204 e
220 2153 303 2210 eliam
321 2153 389 2208 haee
407 2153 515 2208 deicere
533 2153 642 2223 poterit,
661 2154 685 2208 si
703 2153 813 2226 quidem
832 2154 858 2208 ei
876 2154 1041 2224 permittitur
1052 2153 1196 2209 meliorare
1207 2155 1412 2224 proprietatem.
1440 2153 1470 2210 Si
1480 2157 1574 2210 tamen
1584 2167 1659 2223 quae

220 2241 339 2296 instituit
356 2240 576 2296 usufructuarins
594 2243 642 2294 aut
660 2241 765 2295 eaelum
783 2244 959 2310 corrumpant
975 2241 1034 2310 agri
1053 2245 1102 2296 aut
1118 2255 1249 2312 mgnum
1267 2246 1429 2312 apparatum
1446 2242 1503 2297 sint
1518 2241 1658 2297 desidera·

219 2334 283 2385 tura
306 2327 434 2398 opificum
452 2326 523 2384 forte
540 2329 586 2384 uel
603 2327 769 2398 legulemm,
792 2342 863 2397 qrrae
881 2343 935 2384 non
953 2332 1046 2398 potest
1063 2330 1197 2385 sustinere
1215 2329 1424 2401 proprietarius,
1447 2343 1502 2386 non
1518 2327 1659 2384 uidebitur

219 2417 272 2473 uss
290 2415 355 2472 som
374 2416 507 2472 necessu
525 2413 592 2470 su:
611 2415 661 2470 seu
678 2429 730 2470 ses
748 2414 901 2471 munerum
920 2416 1031 2486 queem
1047 2416 1501 2489 permisceanturque
1519 2403 1658 2494 Q

186 2505 256 2560 'lad
280 2503 399 2561 fructum
423 2503 629 2575 percipiendum
653 2501 836 2559 necessarium
860 2504 905 2560 sit
942 2504 997 2561 Sed
1015 2506 1040 2561 si
1057 2506 1166 2564 sedium
1183 2520 1252 2562 naus
1268 2503 1374 2561 fructum
1391 2506 1500 2576 legatus
1517 2507 1562 2576 sit,
1580 2499 1659 2590 Q
1679 2517 1712 2560 ae

219 2594 312 2650 Nerua
335 2591 408 2648 lilius
432 2598 461 2648 et
482 2593 587 2647 lumina
609 2592 756 2646 immittere
779 2607 841 2646 eum
864 2607 948 2662 posse
970 2595 1021 2649 ait:
1045 2593 1095 2648 sed
1117 2597 1146 2648 et
1168 2594 1272 2650 colores
1290 2597 1320 2649 et
1336 2595 1458 2666 picturas
1476 2599 1506 2650 et
1521 2609 1660 2651 munera

220 2682 322 2752 poterit
339 2687 367 2737 et
384 2681 475 2750 sigilla
486 2685 515 2735 et
526 2680 550 2735 si
562 2679 628 2750 quid
646 2677 798 2734 addemus
817 2685 952 2736 ornatum.
979 2680 1029 2736 sed
1047 2697 1136 2752 noque
1154 2681 1261 2738 diaetas
1276 2679 1471 2738 transformare
1489 2683 1535 2738 uel
1545 2683 1658 2740 sonim·

220 2783 285 2840 gere
309 2773 358 2824 aut
380 2783 507 2839 seperare
530 2769 556 2824 ei
578 2767 766 2837 permittetur,
789 2769 834 2823 uel
857 2767 948 2824 aditus
965 2769 1121 2838 posticaaue
1138 2775 1260 2840 uertere,
1282 2771 1329 2826 uel
1345 2768 1453 2840 refugia
1470 2771 1588 2842 aperire,
1612 2772 1659 2828 uel

214 2857 319 2913 'auium
337 2861 457 2927 mutare,
481 2857 527 2912 uel
549 2855 679 2911 nmdiaria
702 2855 738 2910 ad
762 2855 845 2911 alium
868 2856 980 2912 modum
998 2862 1171 2913 conuertere:
1194 2859 1319 2914 excolere
1336 2858 1409 2914 enlm
1427 2858 1501 2928 quud
1519 2845 1659 2936 [ᾖ

219 2946 327 3002 inuenit
348 2949 440 3015 potest
463 2945 595 3015 queunte
618 2943 727 2998 aedium
750 2957 805 2999 non
826 2945 978 3000 immutata
1014 2945 1080 3000 item
1098 2945 1190 3001 Nerua
1207 2960 1283 3016 eum,
1305 2945 1351 3002 oui
1369 2946 1479 3002 sedium
1495 2961 1563 3003 uena
1581 2943 1659 3032 Q
1680 2957 1716 2998 ιο

220 3031 327 3090 fructus
343 3034 454 3103 legatus
471 3033 516 3104 sit,
534 3033 615 3088 altius
633 3031 728 3087 tollere
746 3046 801 3086 non
818 3047 909 3103 pesse,
928 3033 1054 3102 quamuis
1070 3032 1174 3088 lumina
1191 3048 1246 3089 non
1264 3031 1453 3106 obscurentur,
1470 3034 1537 3104 quia
1552 3040 1658 3093 metum

220 3121 311 3191 magis
333 3121 473 3177 turbatur:
497 3120 572 3191 quod
588 3119 683 3176 Labeo
706 3120 789 3175 etiam
814 3120 842 3175 in
866 3120 1039 3190 proprietatis
1062 3119 1173 3177 domiue
1196 3120 1298 3178 sembit
1334 3121 1408 3179 idem
1420 3123 1519 3179 *Nerua
1540 3138 1591 3180 nec
1607 3123 1658 3180 ob·

186 3211 201 3258 Β
220 3215 325 3265 sunere
344 3225 407 3266 eum
424 3224 517 3280 posse.
543 3209 613 3265 Item
632 3209 656 3263 si
674 3208 773 3263 domm
790 3223 858 3263 usus
875 3207 981 3263 fructum
991 3208 1099 3278 legatus
1111 3209 1155 3279 sit,
1174 3210 1312 3266 meritoria
1322 3210 1378 3266 illie
1388 3208 1480 3266 facero
1491 3208 1659 3268 iruomaniua

218 3313 274 3354 non
297 3297 381 3354 debet
403 3313 455 3354 nee
476 3313 527 3368 per
549 3297 681 3353 cenacula
701 3296 825 3351 diuidere
848 3295 973 3352 domum:
997 3297 1092 3373 atquin
1114 3297 1205 3353 locare
1227 3303 1333 3368 potest,
1356 3298 1406 3353 sed
1422 3298 1562 3369 oportebit
1577 3301 1661 3370 qussi

218 3385 331 3442 domum
350 3387 449 3442 locare.
477 3401 529 3442 nee
546 3383 685 3440 balineum
703 3383 741 3440 ibi
758 3383 916 3440 faciendum
934 3389 985 3440 est
1012 3384 1087 3455 qued
1105 3388 1197 3440 autem
1214 3384 1284 3440 dicit
1298 3386 1438 3441 meritoria
1454 3401 1509 3442 non
1520 3385 1660 3444 fscmmm
1680 3399 1716 3442 es

218 3475 259 3530 ita
279 3476 374 3545 accipe
392 3489 463 3544 qnae
480 3475 564 3543 uolgo
582 3473 740 3527 deuersoria
757 3473 803 3528 uel
819 3471 950 3528 frffloniea
967 3472 1113 3543 appellant
1140 3487 1194 3542 ego
1211 3472 1331 3544 quidem,
1350 3479 1379 3530 et
1392 3476 1416 3530 ei
1427 3473 1565 3530 balineum
1580 3475 1618 3530 sit
1627 3475 1661 3532 ln

220 3561 302 3618 domo
327 3561 422 3618 usibus
446 3561 590 3618 dominicis
614 3560 724 3615 solitum
747 3574 847 3615 uacare
869 3561 898 3614 in
919 3548 1016 3615 intima
1032 3565 1110 3631 parte
1128 3559 1225 3616 domus
1242 3561 1289 3617 uel
1305 3562 1377 3617 iuter
1393 3561 1501 3618 diaetas
1517 3576 1659 3633 amoenas,

219 3662 275 3704 non
295 3653 370 3704 reete
388 3663 440 3704 nec
457 3664 493 3705 ex
509 3647 576 3704 boni
592 3647 645 3703 uiri
663 3646 795 3704 arbitratu
813 3645 965 3718 facturum,
984 3648 1008 3704 ei
1025 3647 1054 3704 id
1071 3649 1161 3705 locare
1179 3648 1309 3720 eoeperit,
1326 3654 1359 3706 ut
1374 3649 1483 3720 publice
1500 3650 1582 3720 lauet,
1601 3665 1661 3707 nen

138 3817 141 3823 .
220 3751 401 3825 F[P(V1¹U)l

219 3911 235 3966 1
277 3909 324 3980 uo]
348 3910 384 3962 ΡΙ
408 3930 465 3965 cem
487 3910 538 3965 BS
560 3909 694 3982 (Stoplab
717 3909 756 3965 sic
778 3910 812 3974 ri,
838 3910 912 3981 quod
964 3909 1221 3980 231egulommllii
1285 3909 1665 3982 orumbsflrulerumPt‘U

219 3925 381 4048 Pff’VLUl
397 3981 477 4050 aetio]
493 3981 679 4064 aetionemss·
695 3980 910 4050 impendit...
965 3983 1000 4037 25
1023 3983 1060 4036 ait
1081 3981 1130 4037 sed
1155 3982 1179 4036 si
1254 3982 1309 4038 ium
1333 4001 1382 4036 orn
1395 3983 1432 4036 1²¹
1453 3985 1459 4051 Ι
1478 3984 1599 4052 legatum
1616 3984 1660 4036 ΓΙ

219 4050 373 4106 facticiis
383 4052 431 4105 F«
476 4050 825 4122 2ideolet1deePVLUl
841 4051 911 4107 arbi-
965 4053 1000 4106 26
1018 4051 1128 4121 lumina]
1149 4053 1175 4116 F,
1193 4052 1287 4107 limina
1303 4052 1420 4118 PVLU,
1438 4055 1516 4116 odra
1533 4054 1560 4107 B
1579 4053 1585 4116 1
1605 4053 1659 4108 lm-

218 4125 292 4176 trata
303 4122 339 4175 F¹
355 4123 361 4189 Ι
375 4121 477 4190 utatur]
491 4123 545 4187 ῙἙ,
563 4127 657 4177 utatur
674 4125 703 4176 et
716 4119 822 4176 frustm
834 4123 915 4176 PVU
964 4123 1080 4191 mittere]
1101 4119 1248 4178 -mittei'e
1264 4129 1350 4194 spatie
1364 4131 1423 4178 ente
1436 4125 1464 4178 td
1473 4142 1556 4178 οοσιιο
1567 4126 1660 4178 relicto

218 4191 309 4247 tuen
326 4190 451 4247 nubserit
467 4193 504 4245 F¹
550 4191 704 4247 idicendo
721 4192 758 4244 ΡΙ
799 4193 911 4248 biulia-
964 4193 1000 4244 ΡΙ
1017 4194 1022 4261 Ι
1037 4208 1072 4248 ex
1084 4193 1276 4248 marmora!lu
1313 4193 1347 4248 at
1365 4192 1463 4248 domas
1475 4193 1511 4249 F¹
1546 4195 1581 4248 28
1596 4194 1657 4264 aut]

218 4262 279 4330 uus]
298 4261 370 4316 idem
383 4262 434 4316 F¹z
452 4266 531 4334 leyen
543 4263 603 4317 letne
615 4270 662 4316 tue.
675 4262 786 4330 F¹PV1
801 4261 909 4332 eomno]
949 4263 1009 4321 ‚nel
1026 4263 1084 4328 PU,
1103 4264 1189 4317 em.L
1205 4266 1209 4331 Ι
1225 4263 1405 4334 permittetur]
1419 4264 1472 4329 Fe,
1489 4264 1661 4334 permittitur

217 4330 266 4386 iiie
284 4331 316 4396 L,
335 4351 383 4385 om.
396 4331 449 4386 PU
497 4331 857 4402 'linquidffllad1nead
870 4333 910 4387 P·
962 4333 1060 4400 PVUl
1076 4333 1260 4404 postlo't'asue
1278 4334 1336 4401 Fit
1357 4334 1475 4406 uerwre]
1493 4334 1560 4400 F‘P,
1577 4349 1660 4390 euer-

220 4403 254 4456 10
272 4400 473 4458 ususfructus
490 4403 530 4456 F’
575 4405 608 4458 11
627 4403 910 4472 neque...exeldere
962 4410 1021 4460 tere
1033 4405 1133 4460 F’LU:
1151 4403 1200 4459 ric
1217 4405 1316 4460 buires:
1330 4407 1477 4460 aereuoreis
1492 4405 1506 4457 b
1520 4404 1568 4460 rie
1584 4405 1660 4461 sicd-

218 4490 267 4525 em.
280 4471 323 4539 ΡΙ
339 4473 499 4528 ui⁴llamF³
544 4474 579 4528 12
596 4473 661 4528 nolu
679 4473 910 4542 tarium]F²11U·,
964 4485 1029 4539 bose
1050 4477 1090 4543 (sd
1107 4483 1144 4530 cst
1161 4472 1287 4530 cubicula
1303 4475 1466 4531 introiturus
1486 4476 1658 4544 mutare),s'e

217 4543 359 4612 uoluptate
376 4544 422 4608 1⁸¹,
444 4544 588 4614 uoluptare
606 4564 636 4598 es
691 4545 779 4614 ῑιοοιο)
800 4544 843 4609 Ψ,
861 4561 909 4600 uo·
963 4545 1011 4601 ric
1034 4546 1189 4617 sprerrspisc
1212 4543 1323 4612 inuisere
1347 4547 1375 4600 Β
1431 4547 1467 4601 30
1489 4546 1595 4601 inuenti
1616 4547 1658 4599 ΙΝ

217 4613 383 4683 mmmmm
400 4614 465 4668 PV:
484 4611 512 4667 ὲκ
530 4615 585 4668 τῶιι
606 4612 675 4670 'curre
692 4615 750 4669 ιιῶιι
765 4615 855 4669 reuma
874 4616 909 4681 B,
963 4617 1118 4672 31tectam
1133 4618 1172 4670 1¹⁸¹
1225 4617 1261 4671 32
1283 4617 1476 4702 proprietatum
1497 4616 1524 4669 F
1536 4618 1543 4680 Ι
1561 4615 1661 4672 obser-

629 4687 634 4752 Ι
683 4685 907 4756 cumbulationes]
962 4701 1029 4742 uere
1054 4687 1091 4739 Ρ
1174 4687 1210 4742 33
1242 4686 1384 4743 deminus
1408 4687 1447 4740 F*
1525 4687 1561 4742 ³⁵
1586 4687 1660 4743 uali-

592 4754 755 4810 deiecereF
786 4757 819 4810 15
831 4754 908 4811 bare-
962 4771 1043 4812 nsum
1067 4758 1103 4810 ΡΙ
1162 4759 1198 4812 36
1220 4756 1359 4828 accipe're'
1383 4757 1429 4824 Ρ,
1452 4757 1575 4828 eooipsre
1597 4757 1626 4811 V
1650 4762 1659 4827 1

218 4702 517 4838 stilistas?
546 4685 600 4808 lc·

217 4823 405 4880 nsfudmasllt
442 4824 662 4880 libruemodiP
698 4827 732 4881 18
744 4825 880 4896 sulphuris
888 4830 915 4902 s
962 4827 1024 4897 agol
1045 4841 1078 4882 eo
1097 4828 1157 4896 Ρ·Ι
1176 4827 1314 4884 ualineum
1329 4829 1378 4881 P·
1431 4828 1467 4884 3⁵1
1485 4825 1660 4885 'm'demlnl-

218 4895 253 4948 20
271 4895 374 4950 uinetis·
388 4895 511 4963 PVLUl
526 4895 634 4951 aurern
653 4896 688 4948 ΡΙ
737 4899 771 4952 21
790 4897 907 4968 deicere]
962 4898 1003 4954 eis
1030 4899 1068 4951 Ρ
1091 4899 1096 4964 Ι
1119 4899 1228 4968 uacare]
1256 4899 1348 4954 ualere
1373 4898 1411 4952 F¹
1436 4900 1441 4970 Ι
1464 4897 1589 4954 diaetas
1615 4898 1661 4953 Γ*

217 4963 392 5022 (ῙοίοοοιῑιΐΙ
409 4967 413 5036 Ι
428 4967 677 5038 propriaetatemF
708 4968 744 5025 22
756 4969 860 5024 orelam
872 4969 908 5024 ΓΙ
962 4970 998 5024 38
1015 4967 1156 5044 publie'a's
1175 4969 1213 5024 Ρ
