3698 5560
269 243 314 350 ἸΙ
339 284 380 348 14
398 289 512 343 as-as
971 273 1028 352 70
1671 299 1716 345 mr

286 441 393 495 etiamsi
421 439 538 493 maxime
563 437 623 507 quis
648 436 909 492 administrationem
931 436 1030 505 peculii
1053 435 1153 491 habeat
1175 451 1347 506 concessam,
1371 436 1491 492 donandi
1512 437 1555 492 ius
1578 451 1639 491 eum
1663 451 1716 492 non

287 528 401 584 habere:
420 529 543 597 sequitur
554 531 593 596 ut,
613 526 635 580 si
654 526 773 581 donandi
788 542 871 581 carisa
889 525 924 580 de
942 539 996 580 non
1014 525 1133 594 petenda
1150 527 1267 594 pecunia
1280 530 1377 596 pactus
1389 526 1433 594 ιιι,
1452 540 1506 580 non
1519 524 1618 581 debeat
1628 531 1716 580 ratum

132 660 138 672 .
236 621 237 624 ’
287 616 380 671 haberi
403 621 514 686 pactum
533 621 706 670 conuentum.
743 614 817 685 quod
835 615 858 668 si
877 629 926 683 pro
945 629 978 668 eo
996 618 1027 668 ut
1044 614 1083 668 ita
1101 615 1283 683 pacisceretur
1301 614 1415 684 aliquid,
1438 615 1466 669 in
1485 629 1538 683 quo
1556 629 1611 669 non
1629 615 1717 668 miuus

287 706 331 760 nel
349 705 431 759 etiam
449 705 566 774 amplius
584 709 666 772 esset,
686 708 849 758 consecutus
867 701 956 771 fuerit,
975 707 1035 757 rata
1052 702 1178 757 habenda
1196 709 1239 758 est
1256 704 1355 773 pactio.
1736 719 1749 756 ι

229 798 267 855 29
339 793 489 849 Uuersuus
512 792 581 847 libro
605 799 702 862 quamo
721 791 756 846 ad
774 791 902 846 edictum.
939 790 986 846 Sin
1005 795 1096 846 autern
1115 791 1277 846 dominicam
1296 792 1440 861 pecuniam
1459 791 1544 846 credi·
1563 787 1717 874 Q
1736 799 1761 852 Ε

286 883 364 951 derit,
382 881 457 952 quod
474 880 603 936 credendi
621 886 743 950 tempore
760 885 859 950 pactus
877 885 920 934 est
937 881 1029 935 ualere
1047 879 1142 935 Celsus
1160 881 1207 935 ait.

230 976 269 1034 30
339 971 432 1026 Gerus
454 970 523 1026 libro
546 971 634 1040 primo
658 970 694 1024 ad
717 970 835 1040 edictum
858 969 1033 1039 prouinciale.
1069 968 1100 1022 In
1121 984 1238 1038 persona
1255 975 1347 1024 ιιιιιιιι
1364 967 1412 1024 filii
1428 965 1545 1023 familias
1562 963 1760 1050 [meoli

287 1059 434 1115 uidendum
453 1065 503 1129 est,
521 1074 558 1115 ne
576 1058 731 1128 aliquando,
750 1059 820 1113 etsi
838 1063 935 1128 pactus
954 1059 1042 1112 sitne
1061 1063 1163 1127 ageret,
1181 1059 1273 1113 ualeat
1290 1055 1395 1128 pactio:
1414 1059 1479 1126 quia
1491 1045 1718 1126 mqnaffodfflffis

286 1146 403 1204 familias
426 1147 510 1203 habet
531 1147 680 1215 actionem,
704 1146 789 1201 ueluti
808 1147 973 1201 iniuriarum.
1010 1146 1059 1200 sed
1078 1161 1139 1200 oum
1157 1153 1269 1216 propter
1286 1147 1409 1201 iniuriam
1428 1144 1482 1200 lilio
1500 1144 1601 1200 factam
1620 1146 1720 1201 habeat

287 1243 316 1292 ct
333 1243 412 1308 pater
429 1238 572 1305 actionem,
591 1237 657 1305 quin
675 1236 766 1305 pactio
785 1233 833 1290 filii
851 1236 975 1290 nocitura
984 1250 1040 1289 nou
1052 1234 1088 1288 sit
1099 1236 1169 1303 patri
1182 1250 1265 1304 agere
1277 1235 1387 1304 uolenti,
1406 1234 1523 1290 dubitari
1536 1249 1590 1289 nou
1602 1241 1718 1304 oportet
1739 1249 1766 1288 ιο

255 1334 266 1376 1
287 1326 339 1392 Qui
362 1327 507 1396 pecuniam
526 1341 543 1382 a
561 1339 641 1380 seruo
659 1324 806 1393 stipulatus
824 1329 883 1392 est,
906 1340 987 1393 quam
1006 1323 1058 1378 sibi
1076 1324 1165 1377 'litius
1184 1323 1317 1392 debebat,
1340 1323 1364 1378 si
1382 1339 1399 1376 a
1416 1323 1490 1377 Titio
1507 1328 1596 1392 petat,
1620 1339 1656 1378 an
1673 1338 1719 1378 ex-

287 1417 412 1485 ceptione
436 1415 510 1484 pscti
534 1413 662 1468 corruenti
685 1413 850 1468 summoueri
868 1417 897 1465 et
913 1412 1001 1481 possit
1019 1418 1047 1466 et
1064 1410 1177 1480 debeat,
1201 1413 1266 1481 quia
1283 1419 1381 1481 pactus
1398 1411 1537 1480 uideatur,
1560 1427 1595 1466 ne
1613 1427 1630 1466 a
1647 1413 1720 1467 Titio

287 1509 376 1574 petat,
397 1503 554 1588 ¹quaesitum
579 1507 630 1556 est.
668 1502 789 1556 lulianus
812 1502 850 1556 ita
868 1499 1093 1555 summouendum
1112 1505 1204 1569 putat,
1229 1501 1252 1554 si
1270 1500 1422 1569 stipulatori
1440 1500 1468 1554 in
1485 1498 1623 1555 dominum
1641 1501 1721 1555 istius

287 1593 359 1647 semi
378 1592 412 1646 de
431 1591 537 1661 peculio
556 1590 628 1644 actio
646 1589 738 1643 danda
756 1594 807 1658 est,
826 1588 855 1643 id
873 1594 917 1643 est
934 1589 959 1642 si
975 1589 1075 1642 ιιιιιιιιι
1095 1603 1205 1642 causam
1224 1588 1411 1644 intercedendi
1429 1603 1525 1643 seruus
1536 1587 1638 1657 babuit,
1652 1588 1723 1657 quia

285 1680 356 1736 forte
376 1679 536 1735 tanmndem
555 1678 698 1748 pecuniam
717 1678 790 1732 Titio
809 1676 916 1731 debuit:
941 1676 1013 1745 quod
1032 1677 1056 1731 si
1074 1677 1151 1745 quasi
1169 1675 1314 1732 fideiussor
1331 1677 1490 1746 interuenit,
1514 1691 1548 1730 ex
1566 1691 1621 1744 qua
1637 1689 1723 1731 ιιιιιι
1741 1689 1769 1729 ιι

286 1771 313 1825 in
332 1769 468 1840 peculium
487 1767 559 1822 aetio
577 1781 632 1820 non
651 1765 769 1834 daretur,
791 1781 845 1820 nou
864 1779 925 1819 esse
943 1764 1118 1819 inhibendum
1137 1765 1307 1835 creditorem,
1326 1781 1380 1835 quo
1399 1765 1488 1820 minus
1506 1779 1523 1819 a
1540 1765 1613 1820 Titio
1630 1770 1721 1834 petat:

254 1865 268 1906 ι
286 1872 373 1928 aeque
392 1858 466 1912 nullo
484 1855 566 1911 modo
584 1854 721 1925 prohiberi
739 1869 800 1908 eum
820 1853 935 1922 debere,
955 1855 979 1908 si
997 1869 1059 1908 eum
1078 1867 1186 1908 sentum
1205 1853 1320 1908 liberum
1338 1870 1400 1911 esse
1418 1855 1585 1910 credidisset
1622 1852 1651 1908 Si
1669 1853 1723 1908 sub

286 1946 445 2001 condicione
469 1944 615 2014 stipulatus
633 1941 729 1997 fuerim
748 1958 766 1996 a
783 1947 811 1996 te
830 1941 904 2011 quod
921 1942 1010 1997 Titius
1029 1941 1094 1996 mihi
1111 1957 1180 2012 pure
1198 1942 1323 1998 deberet:
1348 1959 1383 1998 an
1401 1942 1545 1999 deficiente
1563 1942 1723 1998 condicione

286 2036 310 2089 si
328 2034 430 2090 aTitio
449 2038 550 2103 petam,
569 2033 730 2102 exceptione
749 2031 823 2100 pacti
841 2031 969 2086 conuecti
987 2035 1015 2085 et
1032 2030 1134 2101 possim
1153 2036 1182 2086 et
1199 2030 1314 2087 debeam
1329 2032 1514 2088 summoueri?
1539 2037 1568 2087 et
1579 2032 1667 2102 magis
1679 2034 1724 2086 est

287 2123 476 2192 exceptionem
495 2136 549 2176 uon
567 2136 629 2175 esse
647 2119 847 2190 opponendam.
1743 2131 1772 2172 so

230 2209 265 2264 31
341 2210 493 2266 Unernaus
511 2209 580 2264 libro
597 2209 685 2278 primo
704 2208 740 2264 ad
758 2207 878 2263 edietum
896 2207 1022 2264 aedilium
1036 2209 1177 2263 curulium.
1205 2208 1310 2263 Pacisci
1322 2209 1548 2265 contracdictum
1566 2203 1722 2290 [Q
1743 2215 1770 2267 d

287 2299 415 2355 aedilium
434 2297 589 2353 omnimodo
607 2297 679 2365 licet,
698 2297 757 2352 siue
775 2297 803 2352 in
821 2297 881 2366 ipso
900 2297 1011 2366 negotio
1029 2297 1194 2352 uenditionis
1211 2296 1333 2366 gerendo
1351 2297 1525 2353 aduenisset
1540 2297 1600 2352 siue
1615 2303 1723 2366 postea

231 2385 269 2442 32
341 2388 461 2443 Paucos
478 2385 548 2442 libro
565 2386 647 2441 tertio
665 2385 702 2440 ad
718 2386 864 2440 Plautium.
900 2385 978 2450 Quod
996 2384 1099 2440 dictum
1117 2389 1168 2454 est,
1187 2385 1211 2439 si
1228 2399 1290 2439 cum
1310 2399 1357 2440 reo
1374 2390 1484 2455 pactum
1502 2387 1547 2454 sit,
1566 2381 1723 2468 [W
1743 2389 1770 2444 li

288 2481 320 2531 ut
342 2491 397 2531 non
419 2479 542 2546 petatur,
565 2473 719 2530 fideiussori
738 2489 846 2544 quoqne
864 2478 1019 2544 competere
1037 2475 1240 2544 exceptionem:
1263 2478 1375 2543 propter
1391 2475 1431 2530 rei
1448 2463 1723 2545 personampl—ae—uit,

288 2580 324 2620 ne
348 2563 470 2620 mandati
487 2562 588 2619 iudicio
606 2563 792 2618 conueniatur.
826 2563 911 2632 igitur
928 2563 952 2616 ιι
970 2561 1092 2617 mandati
1111 2563 1182 2616 actio
1200 2563 1274 2617 nulla
1291 2563 1340 2632 sit,
1366 2561 1436 2619 lortc
1454 2564 1477 2619 si
1495 2563 1614 2620 donandi
1631 2565 1724 2620 animo
1744 2573 1774 2616 as

289 2653 462 2722 fideiusserit,
481 2652 627 2707 dicendum
644 2657 688 2707 est
706 2667 760 2706 non
778 2651 909 2720 prodesse
927 2651 1114 2721 exceptionem
1132 2648 1294 2706 fidelisssori.

233 2741 270 2798 33
343 2739 537 2798 Cursuslibro
549 2741 637 2810 primo
649 2741 826 2810 digestorum.
854 2740 933 2795 Anus
945 2741 1035 2810 neptis
1047 2739 1164 2808 nomine,
1183 2754 1265 2808 quam
1284 2735 1725 2822 &Ui—sam
1745 2745 1772 2798 li

290 2846 324 2887 ex
342 2829 397 2886 lilio
416 2829 542 2899 babebat,
561 2828 654 2885 dotem
672 2829 797 2899 promisit
815 2834 844 2883 et
860 2834 959 2899 pactus
977 2833 1028 2897 est,
1047 2843 1082 2882 ue
1099 2843 1117 2882 a
1134 2842 1164 2882 se
1177 2842 1248 2883 noue
1263 2845 1280 2883 a
1297 2827 1353 2883 lilio
1371 2843 1421 2883 sno
1435 2827 1485 2884 dos
1496 2833 1642 2897 peteretur.
1670 2828 1726 2881 sia

290 2919 423 2976 coherede
441 2916 489 2974 filii
508 2918 558 2974 dos
576 2923 693 2989 petatur,
711 2918 772 2988 ipse
790 2917 900 2988 quidem
919 2917 1079 2986 exceptione
1097 2917 1285 2973 conuentionis
1300 2917 1418 2972 ιιιιιιιιιιι
1430 2916 1555 2984 nouerit,
1574 2913 1726 2970 libusuam

290 3008 451 3078 exceptione
473 3008 661 3062 conuentionis
682 3011 757 3061 recte
780 3011 880 3062 utetur.
913 3005 1016 3075 quippe
1037 3003 1131 3060 heredi
1149 3007 1254 3060 consuli
1272 3019 1431 3062 concessum
1450 3010 1493 3060 est
1509 3018 1561 3060 uec
1579 3004 1724 3073 quicquam
1746 3017 1775 3057 eo

290 3096 382 3152 obstat
399 3097 447 3152 uui
464 3100 571 3150 tantum
589 3111 624 3150 ex
642 3095 788 3151 heredibus
805 3095 949 3165 prouidere
967 3095 992 3148 si
1008 3092 1088 3148 heres
1105 3091 1195 3148 factrus
1213 3095 1257 3164 sit,
1276 3094 1374 3148 ceteris
1392 3097 1483 3148 autem
1501 3109 1556 3148 nou
1574 3095 1688 3150 consuli.

232 3184 271 3242 34
342 3186 536 3242 Monusrurus
558 3183 626 3240 libro
650 3185 744 3254 quinto
768 3185 932 3254 regularum.
968 3182 1015 3238 Ius
1033 3182 1206 3252 adgnationle
1226 3197 1280 3237 non
1297 3196 1379 3252 posse
1396 3188 1478 3251 pacto
1493 3181 1644 3252 repudiari,
1668 3197 1726 3238 uon
1745 3179 1774 3234 Ε

289 3275 378 3344 magis
396 3289 478 3343 quarn
496 3278 527 3328 ut
545 3273 606 3342 quis
624 3272 698 3328 dicat
715 3273 787 3328 nolle
805 3288 884 3328 snum
902 3285 972 3340 esse,
991 3269 1088 3325 iuliani
1106 3271 1243 3325 sententia
1260 3276 1311 3325 cst.

200 3377 202 3382 ·
232 3361 271 3419 35
342 3361 506 3430 Insulibro
524 3361 645 3417 secundo
662 3375 863 3430 responsorum.
891 3361 961 3414 Tres
975 3358 1074 3414 fratres
1086 3359 1175 3414 litias
1187 3364 1215 3413 et
1226 3359 1349 3413 llaeuius
1361 3357 1465 3414 etSeia
1476 3373 1548 3414 oom-
1567 3353 1727 3443 Q
1747 3367 1775 3420 Ε

290 3466 399 3506 munem
417 3449 598 3506 hereditatem
615 3450 685 3504 inter
703 3463 734 3504 se
752 3449 904 3503 diuiserunt
915 3449 1102 3502 instrumentis
1113 3447 1288 3517 interpositis,
1307 3446 1406 3516 quibus
1418 3446 1558 3502 diuisisse¹
1573 3454 1727 3503 maternam
1747 3461 1777 3502 es

290 3538 468 3594 hereditatem
493 3537 621 3594 dixerunt
638 3537 757 3606 nihilque
776 3536 827 3592 sibi
846 3551 989 3592 commune
1007 3537 1171 3591 remansisse
1188 3541 1328 3591 eauorunt.
1362 3535 1412 3591 sed
1430 3540 1528 3606 postea
1545 3535 1601 3592 duo
1618 3537 1653 3591 de
1671 3535 1726 3591 fra-

290 3627 386 3696 tribus,
405 3625 433 3681 id
451 3631 495 3681 est
512 3628 635 3682 Maeuius
653 3631 681 3681 et
699 3624 770 3694 Seia,
789 3627 836 3694 qui
854 3625 983 3680 absentes
1001 3631 1079 3681 erant
1096 3630 1217 3696 tempore
1229 3625 1324 3680 mortis
1336 3625 1517 3696 matrissuae,
1536 3631 1728 3694 cognocerent

290 3715 435 3786 pecuniam
454 3731 565 3769 auream
582 3731 600 3769 a
617 3713 701 3770 fratre
719 3730 770 3768 suo
788 3728 850 3770 osse
867 3713 1043 3784 subtractam,
1062 3715 1140 3768 ouius
1157 3714 1231 3768 nulla
1245 3712 1254 3783 Η
1268 3714 1369 3768 mentio
1388 3714 1567 3768 inshumento
1582 3713 1727 3770 diuisionis
1747 3723 1764 3771 ι.
1776 3724 1805 3772 ιι

291 3802 489 3858 continebatur.
516 3818 618 3872 quaero
636 3819 672 3857 an
689 3807 752 3872 post
769 3807 878 3872 pactum
897 3801 1038 3858 diuisionis
1056 3802 1091 3856 de
1109 3801 1239 3871 subrepta
1256 3801 1373 3870 pecunia
1385 3800 1514 3856 iratribus
1526 3801 1660 3857 addemus
1671 3801 1726 3857 fra·

291 3897 360 3947 trem
379 3891 510 3961 competit
528 3891 608 3946 actio.
636 3891 803 3946 Modestinus
820 3891 969 3961 respondit,
988 3892 1012 3946 si
1024 3890 1169 3960 ιςιιιιιιιιι
1181 3889 1216 3946 ob
1228 3891 1380 3961 portionem
1392 3891 1460 3959 eius,
1477 3889 1552 3960 quod
1563 3889 1726 3959 subreptum
1748 3905 1778 3946 ao

291 3980 393 4034 aTitio
411 3979 519 4049 dicitur,
537 3980 672 4049 generalis
689 3980 763 4050 pacti
780 3980 908 4034 condenti
925 3980 1050 4049 exceptio
1067 3977 1119 4049 his,
1137 3979 1184 4048 qni
1201 3977 1324 4034 fraudem
1343 3979 1445 4034 a'litio
1462 3979 1635 4033 commissam
1646 3979 1727 4047 igno·

291 4074 383 4124 mutes
400 4073 600 4138 transegerunt,
618 4067 760 4137 obiciatur,
779 4067 814 4122 de
832 4067 895 4123 dolo
913 4068 1015 4123 utiliter
1031 4068 1156 4138 replicari
1173 4081 1263 4137 posse.

290 4155 416 4224 ΗΠΒ)

293 4283 300 4316 ¹
320 4279 448 4334 diuisisse
466 4280 515 4334 se?

292 4385 409 4441 lhabet
426 4386 453 4440 P
503 4386 561 4440 ιιι
580 4405 628 4439 om.
640 4386 681 4439 P·
733 4385 925 4441 lhabendum
943 4387 983 4440 P·
1036 4387 1161 4456 ceptione
1178 4386 1375 4456 conuentionis]
1393 4386 1561 4455 exceptionis
1579 4385 1619 4440 P·
1639 4387 1644 4453 Ι
1663 4389 1727 4440 uta-

291 4458 324 4512 11
338 4457 424 4527 titius]
436 4456 498 4511 titio
510 4457 550 4510 P·
591 4457 626 4511 12
638 4456 748 4512 uidetur
759 4459 814 4511 PV
847 4458 881 4512 13
891 4457 981 4528 istius]
1035 4463 1080 4513 tur
1097 4459 1129 4524 P,
1147 4455 1272 4514 utitruV
1312 4459 1346 4514 31
1359 4457 1523 4512 obstantP⁰
1567 4457 1726 4524 carogna

291 4528 681 4597 ipsiusP(add.sl.istius)U
726 4529 760 4582 14
777 4529 930 4583 *eiiustam
944 4529 982 4582 F²
1035 4529 1117 4584 tionis
1136 4531 1172 4583 l*
1225 4531 1260 4584 33
1278 4545 1357 4584 suum
1376 4528 1447 4595 esse]
1468 4543 1548 4582 suurn
1566 4542 1628 4583 esse
1644 4525 1726 4582 liber·

292 4601 326 4654 15
343 4599 504 4653 ιιιιιιιιιιιιι
521 4599 666 4667 pecuniam
690 4599 734 4664 Ρ,
756 4599 917 4654 tantumdem
935 4614 982 4668 pe·
1035 4606 1094 4655 tum
1107 4601 1153 4665 P·,
1172 4616 1252 4656 suum
1270 4615 1331 4655 esse
1345 4599 1458 4655 liberum
1470 4599 1543 4662 PtU,
1561 4614 1640 4653 suum
1658 4597 1726 4653 libe-

291 4670 399 4724 euniam
411 4669 470 4734 PV,
488 4669 648 4724 tantundem
666 4671 798 4739 peccunia
815 4671 982 4738 Ulquodsi
1035 4688 1095 4726 rum
1118 4687 1180 4726 esse
1207 4673 1234 4724 ‘V
1288 4672 1323 4725 34
1348 4670 1406 4724 seio
1427 4670 1468 4724 P·
1506 4670 1560 4740 ,35
1581 4670 1726 4738 interposi-

291 4741 380 4809 quasi]
399 4741 447 4809 qui
465 4740 488 4794 si
505 4740 545 4793 P·
601 4742 634 4795 16
658 4741 754 4797 stitia
773 4742 809 4794 ι’)
863 4743 896 4796 17
919 4751 980 4796 erun
1034 4741 1144 4797 t'o'isF
1183 4744 1217 4797 37
1230 4744 1290 4796 ιιι.
1306 4741 1350 4806 ΡΙ
1366 4740 1516 4795 sr'u'antF
1550 4737 1666 4795 38iatre
1679 4741 1725 4800 Fi

290 4810 426 4880 prohiberi
435 4811 466 4875 P,
476 4811 619 4879 probibere
628 4827 690 4867 eum
700 4813 743 4880 Vl
759 4812 982 4868 credidissem
1035 4813 1192 4882 subreptam
1209 4813 1254 4877 (al.
1264 4812 1460 4878 substracttun)
1474 4810 1518 4878 ΡΙ
1534 4810 1726 4880 instmmeuto]

291 4883 326 4936 20
344 4882 552 4951 opponendam
564 4883 602 4934 ι’
651 4885 685 4938 21
705 4882 766 4937 aed.
779 4883 846 4953 cuc]
859 4883 981 4938 curilium
1034 4885 1247 4939 ιιιιιιιιιιιιιιιμΙ
1286 4884 1321 4938 39
1335 4881 1606 4952 pachrmdiuisiouis]
1620 4880 1725 4936 iactum

290 4953 434 5019 (maed.)
449 4955 476 5007 P
526 4955 560 5008 25
578 4954 715 5008 mandatis
732 4954 788 5009 iud.
806 4955 850 5022 ΡΙ
865 4952 981 5022 sortesi]
1036 4955 1190 5010 conuentioi
1213 4955 1281 5020 tric)
1300 4955 1349 5022 ΡΙ
1373 4951 1512 5022 subrepta]
1535 4952 1677 5008 subtracta
1700 4953 1731 5006 P

291 5028 368 5092 porte
392 5025 415 5079 si
433 5025 478 5090 ΡΙ,
500 5022 571 5080 sorte
594 5029 623 5078 et
645 5025 669 5079 si
691 5025 731 5078 P·
784 5026 819 5080 28
842 5023 897 5080 lilio
920 5023 979 5094 suo]
1035 5027 1071 5083 ta
1088 5025 1233 5082 utilite'l'r
1250 5023 1286 5080 Ρ

290 5091 329 5151 fili
347 5094 402 5150 dno
419 5097 456 5149 Ρ
514 5097 549 5152 29
571 5096 759 5166 exceptionem
784 5097 825 5150 P·
877 5097 981 5151 3001-
