3648 5564
262 241 291 306 V
311 243 331 308 3
353 247 467 302 16-20
939 233 1023 314 186
1395 259 1442 305 nn
1465 259 1683 308 nnnnnmsrns

230 412 244 458 8
262 413 346 454 eausa
364 399 480 469 solutae,
495 404 524 454 et
540 399 625 453 ueluti
639 397 706 453 iuris
722 411 864 468 possessor
882 401 932 451 est.
960 396 1015 452 Sed
1034 393 1063 453 et'
1073 397 1096 452 si
1109 397 1197 467 pretia
1207 411 1305 467 rerum,
1324 411 1393 466 quas
1408 397 1543 468 distraxit,
1561 411 1596 453 ex
1608 413 1684 454 osma

261 487 464 543 fideicommissi
482 488 577 556 soluit,
601 487 658 557 peti
676 486 855 541 hereditatem
874 484 909 540 ab
927 500 961 540 eo
978 500 1073 556 posse,
1097 487 1161 556 quia
1178 491 1301 557 repetere
1319 490 1420 555 potest.
1456 487 1506 542 sed
1522 486 1570 542 his*
1583 487 1683 543 easbus

262 578 383 632 actiones
402 591 467 631 suas
485 575 629 630 dumtaxat
646 591 709 630 eum
727 580 936 644 praestaturum,
956 591 1017 630 oum
1035 580 1065 630 et
1082 590 1126 630 res
1144 579 1255 629 exstant
1272 579 1316 629 et¹
1335 580 1426 645 potet
1436 577 1538 646 petitur
1549 576 1630 632 etiam
1640 592 1684 646 per

261 665 289 720 in
306 681 364 720 rem
383 666 515 720 sotionem
534 679 581 718 eas
599 663 746 719 uindicare.
1702 680 1713 716 ι

206 754 243 812 17
315 753 409 808 Gerus
426 753 495 809 libro
513 757 591 808 sexto
610 753 644 807 ad
663 752 783 807 edietum
800 751 974 821 prouinoiale.
1007 751 1086 817 Quod
1103 753 1127 807 si
1144 767 1287 821 possessor
1304 753 1463 808 hereditatis
1482 752 1518 808 ob
1536 748 1724 838 ΜΕ

261 843 304 912 id,
326 842 399 912 qnod
417 859 452 898 ex
470 835 635 899 testamento
654 841 781 896 heredem
799 854 830 896 se
848 855 909 895 esse
927 845 1045 910 putaret,
1064 842 1215 910 legatorum
1234 840 1342 897 nomine
1360 841 1395 896 de
1413 856 1463 896 suo
1481 842 1571 912 soluit,
1588 843 1612 898 si
1629 845 1686 913 quis

263 929 297 986 ab
315 932 444 987 intestato
463 948 524 988 eam
541 932 720 986 hereditatem
739 932 855 999 euineat,
873 930 937 984 lieet
955 929 1083 984 damnum
1101 929 1211 985 uidetur
1223 943 1283 984 esse
1296 931 1470 999 possessoris,
1487 931 1561 1000 qnod
1573 931 1685 986 sibinen

262 1022 432 1092 prospexerit
450 1021 623 1091 stipulatione
642 1019 739 1075 'euicta
750 1018 901 1074 hereditate
913 1019 1006 1087 legata
1021 1017 1114 1088 reddi',
1132 1023 1253 1074 attamen
1271 1019 1335 1088 quia
1346 1017 1406 1074 tieri
1416 1023 1516 1089 potest,
1535 1024 1567 1074 ut
1579 1034 1612 1075 eo
1623 1024 1686 1074 tem·

261 1125 327 1180 pore
345 1111 457 1166 soluerit
474 1111 577 1179 legata,
601 1125 655 1178 quo
673 1108 763 1163 adhue
780 1108 854 1162 nulla
871 1109 1057 1163 oontrouersia
1075 1112 1151 1163 mota
1168 1108 1217 1177 sit,
1236 1113 1264 1161 et
1281 1106 1318 1162 ob
1334 1106 1364 1162 id
1381 1108 1483 1162 nullam
1501 1109 1688 1179 interposuerit

261 1199 424 1268 oantionem,
442 1199 532 1268 plaeet
548 1197 577 1251 in
595 1212 628 1251 eo
647 1212 713 1252 casu
731 1197 822 1252 euiota
838 1196 990 1253 hereditate
1008 1197 1125 1252 dandam
1144 1197 1169 1250 ei
1187 1211 1249 1250 esse
1266 1196 1464 1265 repetitionem.
1492 1196 1540 1251 sed
1558 1211 1621 1253 eum
1634 1212 1687 1252 ees
1707 1207 1730 1247 ιι

261 1293 339 1342 sante
358 1287 483 1342 cautione
500 1286 627 1356 repetitio
645 1285 739 1355 datur,
757 1285 906 1354 perieulum
925 1291 975 1354 est,
994 1301 1029 1341 ne
1046 1291 1156 1356 propter
1173 1285 1292 1354 inopiam
1310 1285 1378 1354 eius,
1397 1285 1441 1340 eui
1459 1286 1577 1340 solutum
1594 1287 1688 1342 ostie

261 1381 370 1446 gutum,
389 1375 454 1431 nihil
472 1375 557 1444 repeti
576 1374 670 1444 possit,
689 1379 718 1428 ot
735 1374 797 1429 ideo
816 1374 966 1429 seeundum
984 1379 1096 1430 senatus
1114 1374 1231 1429 eonsulti
1249 1373 1412 1428 sententiam
1430 1372 1647 1429 subueniendum
1665 1375 1689 1429 ei

261 1470 312 1536 est,
330 1471 363 1520 ut
378 1466 437 1536 ipse
455 1463 565 1533 quidem
583 1477 618 1518 ex
636 1465 787 1519 retentione
805 1479 895 1518 rerum
912 1463 1136 1519 hereditariamm
1154 1462 1206 1517 sibi
1225 1461 1383 1533 satisiaeiat,
1402 1463 1483 1518 eedst
1500 1467 1591 1518 autem
1607 1463 1689 1518 aetio

260 1554 340 1609 nibus
357 1553 475 1623 petitori,
493 1555 524 1606 ut
542 1566 592 1606 suo
609 1552 730 1621 periouio
747 1567 795 1607 eas
812 1558 947 1608 exeroeat.
1708 1561 1734 1601 ιι

205 1642 242 1701 18
313 1642 463 1699 Unrmnos
480 1640 548 1696 libro
566 1641 662 1710 quinto
681 1641 787 1696 deoimo
805 1640 841 1696 ad
859 1641 986 1696 edietum.
1013 1641 1083 1696 item
1101 1640 1257 1710 uidendum,
1276 1640 1300 1696 si
1313 1655 1457 1710 possessor
1468 1640 1513 1696 he·
1532 1633 1688 1722 [ιΠιῖᾖ
1706 1644 1730 1698 ii

260 1731 385 1786 rediistis
403 1730 560 1785 uenditione
577 1745 627 1800 per
645 1729 830 1800 argentarium
848 1729 922 1785 saeta
938 1731 1081 1800 moenium
1100 1730 1174 1800 apud
1192 1745 1255 1784 eum
1273 1729 1429 1800 perdiderit,
1448 1745 1483 1785 an
1500 1715 1689 1800 petimine·

260 1821 383 1875 ruditatis
400 1823 533 1888 teneatur,
552 1820 617 1888 quia
634 1819 700 1874 nihil
717 1819 800 1874 habet
818 1835 869 1874 neo
886 1821 1018 1888 eonsequi
1034 1823 1135 1889 potest
1164 1819 1231 1874 sed¹
1242 1817 1336 1874 Labeo
1346 1823 1428 1888 putat
1438 1833 1501 1873 eum
1513 1818 1608 1888 teneri,
1627 1819 1692 1890 quis

260 1924 310 1964 suo
332 1908 453 1978 perieulo
472 1908 541 1962 maie
559 1908 715 1976 argentario
733 1907 861 1963 eredidit:
884 1907 934 1962 sod
952 1907 1108 1963 Octauenus
1126 1909 1165 1963 ait
1182 1908 1249 1964 nihii
1266 1923 1328 1963 eum
1345 1911 1455 1977 praeter
1473 1907 1595 1963 autiones
1612 1921 1690 1978 prae

259 2001 407 2066 staturum,
430 1995 466 2052 ob
484 1995 534 2051 has
551 1997 636 2066 igitur
654 1997 774 2051 aetiones
792 1997 923 2066 petitione
942 1996 1099 2052 hereditatis
1116 1998 1211 2053 teneri.
1245 1995 1309 2052 mihi
1328 1999 1420 2051 autem
1438 1996 1466 2050 in
1484 2010 1531 2066 ee,
1554 1997 1603 2065 qui
1621 1996 1693 2050 maia

260 2084 314 2140 fide
331 2085 467 2156 possedit,
486 2083 622 2140 Labeonis
640 2086 775 2141 sententia
792 2087 896 2156 planet:
915 2085 943 2140 in
962 2086 1046 2141 altero
1064 2099 1138 2156 uero,
1157 2087 1204 2156 qui
1220 2085 1294 2142 bona
1310 2083 1365 2139 tide
1382 2098 1524 2154 possessor
1541 2089 1592 2154 est,
1612 2083 1691 2140 Oeta·
1710 2093 1736 2134 ro
1801 2123 1802 2126 ι

227 2175 324 2229 1ueni
341 2174 478 2229 sententia
494 2174 636 2243 sequenda
653 2189 714 2229 esse
732 2175 849 2231 uidetur.
886 2173 915 2230 Si
933 2175 1008 2245 quis,
1033 2190 1095 2230 oum
1112 2179 1251 2245 peteretur
1268 2174 1303 2230 ab
1322 2187 1355 2229 eo
1373 2171 1524 2241 hereditas,
1545 2187 1637 2243 neque
1654 2173 1694 2228 rei
1801 2233 1802 2240 ,

260 2277 350 2332 neque
368 2263 434 2318 iuris
451 2263 528 2317 uelut
544 2277 688 2333 possessos
705 2269 771 2334 erat,
790 2279 887 2320 uerum
904 2268 1002 2336 postea
1019 2263 1121 2332 ahquid
1139 2263 1255 2332 adeptus
1273 2267 1324 2332 est,
1343 2277 1377 2318 an
1389 2263 1521 2331 petitione
1532 2259 1694 2318 hereffitatis

260 2351 386 2407 uideatur
402 2350 510 2406 teneri?
536 2355 564 2406 et
581 2350 677 2406 Oelsus
695 2351 764 2407 libro
782 2357 879 2422 quarto
897 2353 1065 2423 digestorum
1084 2356 1158 2407 reete
1175 2351 1353 2407 seribithuno
1364 2349 1612 2420 condemnandum,
1631 2351 1696 2406 hest

228 2451 242 2494 a
259 2440 337 2496 initio
354 2439 420 2496 nihil
438 2439 569 2510 possedit
597 2440 675 2496 Nune
692 2441 844 2511 uideamus,
862 2457 933 2512 quae
951 2441 1063 2497 ueniant
1079 2441 1108 2496 in
1125 2439 1283 2495 hereditatis
1300 2441 1441 2510 petitione.
1468 2445 1498 2496 et
1513 2441 1620 2510 pisonit
1636 2439 1695 2496 uni·
1801 2481 1802 2488 ι

261 2543 356 2585 uersas
374 2543 419 2584 res
436 2528 615 2585 hereditarias
632 2530 660 2585 iu
679 2530 731 2586 hoe
748 2531 877 2585 iudicium
895 2531 996 2600 uenire,
1015 2531 1075 2585 siue
1092 2529 1152 2586 iura
1168 2529 1227 2584 siue
1245 2543 1359 2600 eorpora
1376 2531 1439 2600 sint,
1715 2535 1742 2576 ¹⁸
1801 2597 1802 2602 η

204 2615 242 2674 19
313 2619 432 2674 Pennus
448 2616 518 2673 libro
536 2618 685 2674 uicensimo
704 2619 739 2674 ad
757 2620 887 2674 edietum.
913 2625 943 2674 et
960 2633 1015 2674 non
1030 2623 1138 2674 tanmm
1150 2617 1314 2674 hereditaria
1324 2633 1447 2690 eorpors,
1465 2617 1515 2673 sed
1546 2627 1573 2676 Β.
1581 2629 1623 2686 sa,
1634 2631 1657 2687 1,
1666 2629 1696 2675 ta
1714 2619 1740 2672 Ε
1801 2663 1802 2694 ,

261 2712 290 2764 et
306 2723 377 2778 quae
395 2721 451 2762 non
468 2711 534 2762 sunt
550 2707 722 2778 hereditaria,
741 2723 856 2779 quorum
873 2713 966 2764 tamen
983 2709 1133 2779 perieulum
1151 2707 1186 2763 ad
1198 2707 1325 2763 heredem
1337 2709 1469 2779 pertinet:
1486 2711 1519 2762 ut
1529 2721 1573 2762 res
1584 2706 1697 2778 pignori

261 2796 342 2852 datae
366 2793 495 2852 defuneto
519 2797 563 2852 nel
583 2796 771 2853 eommodatae
788 2797 974 2868 depositaeuo.
1010 2797 1166 2867 etquidem
1184 2797 1224 2852 rei
1241 2798 1348 2868 pignori
1366 2795 1447 2852 datae
1465 2795 1547 2851 οιίαιιι
1565 2795 1697 2866 speoisiis
1801 2839 1802 2876 ,

259 2885 357 2956 petitio
378 2889 434 2955 est,
459 2890 491 2940 ut
513 2891 542 2940 et
564 2885 722 2942 hereditatis
744 2887 876 2957 petitione
899 2887 1084 2956 eontineatus,
1108 2887 1180 2942 sieut
1196 2887 1258 2941 iliae
1275 2901 1390 2956 quarum
1407 2885 1517 2941 nomine
1533 2883 1699 2941 Publioiana
1801 2955 1802 2962 ἵ

260 2975 399 3044 eompetit.
435 2973 485 3028 sed
508 2974 572 3030 lieet
590 2989 683 3030 earum
701 2975 824 3046 nomine,
849 2991 920 3046 quae
937 2975 1126 3032 oommodatae
1143 2976 1188 3030 nei
1205 2975 1348 3045 depositae
1366 2978 1444 3044 sunt,
1467 2973 1542 3028 nulia
1558 2973 1596 3028 sit
1613 2972 1699 3029 iaeiis
1717 2980 1744 3021 τι
1801 3019 1802 3058 ,

227 3072 240 3117 1
260 3064 340 3133 aetio,
359 3063 425 3132 quia
441 3067 533 3119 tamen
551 3063 700 3133 perieulum
719 3077 812 3120 earum
831 3064 867 3119 sd
885 3081 936 3121 nos
952 3066 1079 3136 pertinet,
1098 3077 1215 3133 aequum
1234 3069 1278 3119 est
1295 3077 1342 3119 ess
1360 3062 1476 3118 restitut
1504 3061 1583 3128 Quod
1602 3062 1628 3117 si
1646 3075 1699 3132 pro
1800 3111 1802 3126 ,

259 3157 382 3223 emptore
401 3152 532 3222 usuoapio
550 3151 585 3207 ab
602 3151 704 3209 herede
722 3155 834 3225 impieta
851 3155 895 3225 sit,
914 3169 969 3209 non
986 3154 1080 3209 ueniet
1096 3153 1125 3208 in
1142 3152 1299 3208 hereditatis
1316 3152 1462 3222 petitione:
1480 3151 1546 3220 quia
1556 3149 1650 3221 heres,
1668 3150 1699 3205 id
1800 3199 1802 3240 ,

226 3247 303 3296 sest
324 3241 437 3311 petitor,
462 3257 524 3297 eam
548 3241 687 3297 uindioare
707 3247 800 3313 potest
816 3257 868 3299 nee
885 3244 942 3298 ulla
958 3243 1085 3312 exeeptio
1102 3241 1183 3296 datur
1199 3241 1359 3312 possessori.
1396 3239 1516 3296 Ueniunt
1532 3244 1561 3295 et
1577 3239 1635 3296 hae
1653 3254 1699 3294 ras
1800 3291 1802 3326 ,

259 3329 288 3384 in
310 3328 470 3384 hereditatis
492 3331 665 3400 petitionem,
689 3331 717 3386 in
741 3330 840 3401 utribus
858 3347 1001 3402 possessor
1018 3329 1196 3386 retentionem
1214 3328 1323 3401 babuit,
1345 3343 1400 3385 non
1417 3329 1500 3384 mm
1517 3329 1699 3399 petitionem:
1801 3383 1802 3386 ,

259 3419 345 3474 ueluti
368 3419 391 3473 si
413 3419 552 3474 iurauerat
575 3418 720 3476 defunctus
743 3421 867 3490 petitoris
890 3435 948 3476 rem
972 3435 1027 3475 non
1051 3433 1113 3474 esse
1135 3424 1164 3474 et
1185 3419 1347 3489 deoesserit,
1373 3417 1475 3474 dehent
1501 3416 1554 3472 hae
1582 3429 1699 3487 quoqne
1718 3421 1746 3464 δῦ
1800 3469 1802 3506 4

260 3506 375 3562 restitui.
402 3507 486 3563 immo
504 3508 574 3562 etsi
593 3523 736 3578 possessor
753 3525 805 3564 sna
822 3509 903 3580 eulpa
920 3523 968 3565 eas
986 3508 1115 3580 amiserit,
1133 3507 1271 3564 tenebitur
1288 3508 1340 3563 hoe
1357 3507 1474 3563 nomine.
1497 3505 1630 3575 idemque
1645 3506 1702 3562 erit

260 3599 290 3650 et
307 3595 335 3650 in
352 3596 499 3666 praedone,
516 3596 582 3652 lieet
600 3596 644 3651 hio
660 3602 772 3668 propter
789 3600 896 3668 eulpam
914 3613 969 3653 non
987 3601 1128 3678 teneatur:
1146 3599 1212 3668 quia
1229 3611 1280 3653 neo
1296 3595 1342 3652 hie
1353 3595 1497 3651 debethas
1508 3609 1554 3650 res
1564 3595 1699 3650 retinere
1800 3653 1802 3690 ψ

226 3693 240 3737 e
261 3681 414 3738 Sendtutes
432 3685 460 3740 in
478 3685 678 3741 restitutionem
698 3687 708 3757 fl
727 3686 885 3744 hereditatis
903 3701 957 3742 non
975 3687 1070 3742 uenire
1087 3701 1140 3756 ogo
1157 3686 1248 3758 didioi,
1268 3701 1329 3741 eum
1348 3684 1413 3741 nihii
1430 3699 1464 3740 eo
1481 3683 1591 3738 nomine
1604 3683 1702 3754 possit
1719 3701 1742 3748 q.
1754 3687 1781 3732 10
1801 3749 1802 3760 ,

259 3771 373 3840 restitui,
392 3773 464 3828 siout
480 3778 524 3829 est
541 3775 570 3828 in
587 3773 746 3844 eorporibus
764 3781 793 3831 et
808 3773 949 3846 fructibus,
967 3775 1017 3832 sed
1030 3776 1053 3831 si
1065 3791 1119 3831 non
1131 3775 1252 3846 patiatur
1262 3776 1301 3830 ire
1314 3778 1343 3830 et
1353 3789 1445 3844 agere,
1462 3773 1572 3844 propria
1583 3773 1701 3828 satione

257 3861 443 3916 eonuenietur.
1720 3867 1749 3909 so

201 3945 241 4004 20
312 3947 462 4005 Unrrsuos
473 3949 542 4006 hbro
553 3952 649 4022 quinto
661 3951 769 4008 deoimo
781 3951 816 4007 ad
828 3952 956 4008 edietum.
982 3953 1051 4009 item
1063 3954 1178 4010 ueniunt
1187 3954 1217 4010 in
1226 3951 1424 4009 hereditatem³
1435 3951 1518 4008 etiam
1547 3961 1623 4019 aaa
1633 3963 1658 4020 1,
1668 3963 1701 4009 tu
1719 3951 1748 4007 Ε
1801 3989 1802 3998 ι

258 4052 300 4106 ea,
319 4053 390 4107 quae
407 4037 568 4094 hereditatis
586 4056 672 4096 eausa
688 4045 845 4111 comparata
857 4046 928 4111 sunt,
947 4047 979 4097 ut
990 4047 1058 4112 puta
1068 4043 1205 4113 maneipia
1215 4057 1369 4112 peooraque
1381 4045 1410 4098 et
1421 4041 1444 4096 si
1456 4054 1511 4110 qus
1523 4039 1584 4110 alis,
1603 4041 1700 4110 quae⁴
1801 4035 1802 4072 1

256 4139 457 4233 aravum:
475 4164 492 4219 ι.
507 4165 540 4218 se
559 4183 607 4219 sm.
621 4165 707 4230 rou,
725 4169 840 4238 suppos
853 4185 900 4220 uo
912 4169 967 4221 oso
979 4165 1069 4231 reve
1087 4167 1169 4232 reses,
1186 4167 1233 4220 ee
1244 4174 1310 4222 aas
1322 4165 1427 4221 motus
1440 4172 1464 4220 e
1475 4164 1558 4220 inno
1569 4164 1654 4229 nee,
1675 4165 1701 4218 n

1410 4293 1530 4304 νον-ν’·

259 4359 316 4411 ¹et
333 4358 380 4412 del
397 4359 553 4433 (Sebuitiaq)
625 4359 712 4430 ‘setfl
732 4360 780 4416 et?
851 4361 908 4416 'in
926 4360 1085 4417 hemditrsis
1102 4363 1259 4432 petitionem
1279 4365 1314 4430 (ιι.
1328 4365 1356 4429 ι’.)
1427 4366 1527 4431 ‘quite
1544 4367 1592 4421 det
1609 4367 1703 4434 (deii.)
1801 4379 1802 4438 ἶ

258 4515 408 4586 lsolutae]
425 4516 506 4571 soluti
523 4517 572 4584 P·,
595 4519 684 4575 solnta
704 4518 850 4587 P‘VLUi
870 4520 947 4575 uelut
999 4533 1062 4575 sum
1080 4519 1159 4576 PLU
1216 4523 1251 4578 25
1268 4522 1516 4592 inhoo(inhooin
1531 4523 1576 4594 Ud
1589 4525 1703 4582 iudidio

257 4586 364 4642 PVLU
396 4589 608 4646 eexrstsntffl
646 4592 894 4662 dputaretetieg.
908 4593 946 4647 P·
1000 4592 1092 4646 uenire
1110 4593 1173 4658 PU,
1196 4593 1224 4648 iu
1242 4594 1293 4649 heo
1310 4593 1412 4650 iudieio
1430 4595 1505 4650 uni·-
1524 4597 1561 4661 L,
1579 4611 1649 4652 uen.
1671 4599 1702 4654 in

256 4659 318 4713 iin
336 4662 502 4714 testamento
521 4660 560 4712 P·
579 4663 584 4726 Ι
606 4661 700 4718 uinoat
716 4663 756 4717 P‘
777 4665 784 4732 i
802 4677 946 4734 possesore
998 4661 1188 4719 hociudioium
1202 4665 1229 4718 V
1261 4667 1295 4720 27
1305 4665 1342 4736 et]
1352 4667 1435 4720 etiam
1444 4667 1555 4722 PVLU
1582 4667 1617 4722 31
1631 4670 1702 4740 pro]

257 4729 368 4796 P⁶VL·,
386 4730 538 4800 possessori
556 4729 670 4788 P‘IJU·
713 4735 889 4805 8prospexit
902 4733 949 4860 ΡΑ
999 4734 1034 4790 ab
1051 4750 1101 4802 pro
1118 4735 1160 4789 P·
1204 4735 1239 4791 38
1257 4737 1428 4793 restitutione
1446 4737 1524 4792 Pto
1564 4739 1600 4794 99
1619 4745 1654 4794 et
1671 4741 1704 4796 in

257 4805 345 4885 sotest
366 4801 403 4855 F·
456 4801 473 4855 9
497 4801 580 4870 mota]
599 4833 619 4854 α
638 4809 703 4858 nata
725 4806 761 4871 P,
785 4811 851 4862 nata
873 4807 920 4861 Vt
998 4803 1132 4861 fructibus
1145 4805 1221 4860 PVL
1260 4808 1297 4862 40
1314 4809 1491 4863 oonneniatnr
1502 4809 1557 4864 PV
1588 4809 1625 4864 41
1648 4827 1703 4868 ue-

258 4873 292 4926 10
315 4886 341 4927 es
362 4872 434 4941 esse]
452 4871 510 4943 FU,
534 4873 560 4927 ei
582 4874 643 4940 PL,
667 4879 696 4929 et
717 4877 744 4930 V
794 4879 829 4933 12
853 4878 878 4932 ei
900 4895 947 4931 osu.
999 4877 1077 4932 niunt
1094 4876 1122 4932 in
1139 4877 1327 4949 hereditatem]
1352 4895 1379 4936 u.
1398 4881 1426 4936 in
1444 4880 1602 4936 hereditatis
1621 4885 1705 4950 peti·

256 4943 375 4997 PVL‘U
402 4945 436 5000 13
446 4943 597 4999 retentione
616 4945 787 5003 restitutione
795 4950 837 5004 P·
863 4950 938 5004 ltut
999 4948 1101 5003 tionem
1119 4949 1282 5021 Depmlsolb:
1304 4951 1471 5023 καταφέρεται
1489 4951 1527 5006 sic
1545 4951 1594 5006 rt'ss
1613 4973 1703 5024 roepe-

255 5011 321 5081 w,
345 5015 518 5082 esp-vv,
540 5021 570 5071 et
616 5015 635 5082 ⁵,
659 5018 706 5088 qui
728 5017 795 5074 V‘U
846 5021 881 5075 19
903 5034 937 5074 eo
1000 5019 1245 5098 αιτατιιιιιετιτίοιια
1262 5021 1312 5076 BS
1329 5022 1439 5095 (Steph.)
