3648 5564
283 285 309 348 V
336 289 350 349 l
372 292 487 345 56-68
959 279 1043 357 172
1505 301 1551 348 nn
1573 303 1710 350 roorcrrs

282 444 383 498 tionem
405 439 568 496 transfertur
591 440 719 495 iudicium
743 442 771 495 in
793 445 899 510 patrem
922 439 1066 495 dumtaxat
1089 440 1123 494 de
1140 439 1249 510 peculio
1266 442 1295 494 et
1313 439 1386 508 quod
1404 439 1432 494 in
1450 455 1508 495 rem
1526 440 1585 494 eius
1603 455 1711 495 uersum

283 539 333 587 est.
367 535 440 586 certe
463 531 487 584 si
510 531 588 599 quasi
605 535 764 598 procurator
781 530 896 584 alieuius
914 528 1120 585 filiusfamilias
1138 528 1266 583 indicium
1286 529 1436 599 acceperit,
1460 533 1568 584 mortuo
1586 537 1627 584 eo·
1638 525 1713 614 [ῥῷ

282 621 311 676 16
329 635 392 674 eum
411 635 492 688 quem
512 617 664 672 defenderit
681 620 829 673 transactio
847 619 891 672 uel
909 619 1035 673 iudicati¹
1055 618 1143 672 datur.

226 709 264 767 58
335 709 454 764 Pronus
477 706 545 762 libro
566 707 646 761 tertio
671 707 776 761 decimo
801 706 836 761 ad
855 705 994 762 Sabinum.
1030 691 1162 762 Iudicium
1186 706 1301 761 soluitur
1324 711 1435 761 uetante
1458 721 1491 762 eo
1509 707 1556 775 qui
1575 701 1749 790 &js-rs

282 798 402 852 iudicare
421 797 546 864 iusserat,
564 797 607 850 uel
626 797 709 850 etiam
727 811 760 851 oo
778 797 825 865 qui
842 797 930 851 maius
949 797 1090 865 imperium
1107 796 1135 849 in
1153 794 1249 849 eadem
1265 794 1453 850 iurisdictione
1465 793 1556 865 habet,
1574 796 1715 851 ueletiam
1732 812 1744 852 s

284 889 307 942 si
324 885 383 956 ipse
402 885 484 939 iudex
502 885 623 940 eiusdem
642 885 746 954 imperii
765 901 826 938 esse
845 886 973 954 coeperit,
992 885 1069 938 euius
1087 889 1146 939 erat
1164 884 1211 952 qui
1228 883 1349 938 iudicare
1367 884 1455 938 iussit.

227 977 264 1033 59
339 975 487 1030 1166666666
504 973 572 1029 libro
591 974 835 1042 quinquagensimo
852 974 939 1042 primo
958 973 993 1028 ad
1012 972 1151 1027 Sabinum.
1179 971 1208 1026 Si
1224 972 1301 1027 locus
1318 973 1346 1026 in
1358 971 1477 1027 iubendo
1488 972 1558 1028 iudi·
1577 968 1716 1056 [ΒΤ-ᾗῇ
1734 983 1753 1038 s

284 1079 347 1118 care
365 1079 418 1118 non
437 1066 480 1117 est
498 1061 718 1131 comprehensus,
736 1062 845 1116 uidetur
862 1077 896 1116 eo
913 1063 973 1117 loco
991 1062 1110 1117 iudicare
1128 1062 1241 1116 iussisse
1253 1076 1308 1130 ouo
1320 1061 1391 1116 solet
1401 1060 1523 1131 iudicari,
1542 1062 1601 1117 eine
1613 1063 1716 1118 incom-

284 1153 365 1208 modo
382 1152 554 1221 litigantium.
1735 1165 1748 1204 ι

228 1242 266 1298 dl)
336 1241 455 1296 Pnuuos
474 1239 543 1295 libro
564 1238 785 1309 quartodecimo
804 1238 839 1293 ad
858 1237 996 1293 Sabinum.
1033 1238 1139 1294 Mortuo
1157 1238 1247 1293 iudice
1265 1237 1339 1308 quod
1357 1254 1420 1294 eum
1438 1239 1559 1295 iudicare
1578 1234 1756 1323 ΜΒ

284 1333 442 1400 oportuerat
458 1329 531 1384 idem
549 1343 612 1382 eum
630 1328 677 1398 qui
694 1327 819 1382 subditus
837 1332 880 1382 est
897 1329 975 1396 sequi
992 1332 1107 1398 oportet.
1697 1369 1701 1376 .

227 1421 263 1476 61
337 1419 487 1474 Umnrns
505 1417 573 1473 libro
590 1416 741 1471 uicensimo
759 1419 837 1471 sexto
855 1414 891 1470 ad
908 1416 1036 1472 edictum.
1064 1415 1188 1471 Solemus
1200 1415 1309 1484 quidem
1323 1414 1413 1470 dicere
1425 1415 1454 1470 id
1466 1417 1560 1471 uenire
1578 1411 1721 1500 Q
1739 1426 1758 1478 s

283 1509 311 1564 in
333 1509 476 1576 iudicium,
500 1507 535 1560 de
553 1521 607 1576 qno
626 1510 716 1560 actum
736 1510 779 1559 est
795 1506 866 1559 inter
883 1505 1034 1573 litigantes:
1059 1505 1108 1559 sed
1126 1503 1222 1560 Celsus
1240 1505 1279 1558 ait
1296 1505 1447 1574 periculose
1466 1519 1527 1560 6666
1545 1520 1579 1559 666
1597 1521 1722 1577 persona

284 1597 323 1652 rei
340 1597 392 1652 hoo
410 1596 512 1665 metiri,
530 1596 577 1664 oui
596 1609 756 1663 semperne
774 1592 969 1649 condemnetur
985 1592 1037 1648 hoc
1055 1593 1127 1648 dicet
1145 1609 1199 1648 non
1217 1593 1386 1648 conuenisse.
1419 1593 1485 1664 qnid
1504 1593 1590 1662 ergo?
1620 1595 1722 1650 melius

284 1691 327 1741 est
344 1686 434 1740 dicere
452 1684 480 1739 id
497 1685 591 1738 uenire
608 1683 637 1737 166
655 1682 784 1737 1661161666
803 1683 875 1737 u0n¹
893 1681 927 1736 de
945 1697 999 1751 quo
1018 1686 1108 1736 actum
1126 1685 1170 1736 est
1188 1687 1218 1737 nt
1235 1682 1352 1752 ueniret,
1370 1682 1420 1737 sed
1437 1682 1467 1737 id
1484 1697 1540 1738 uon
1560 1683 1663 1753 uenire,
1685 1683 1722 1738 de
1741 1696 1767 1736 66

253 1789 263 1832 1
283 1791 338 1846 qno
361 1774 522 1830 nominatim
546 1777 638 1827 aetum
657 1776 700 1826 eet
719 1768 914 1840 1666661666.
951 1771 1161 1826 Latmneulator
1178 1771 1212 1826 do
1230 1786 1261 1826 re
1278 1770 1436 1840 pecuniaria
1452 1771 1573 1864 iudicare
1591 1786 1647 1827 non
1666 1768 1722 1856 [ffij
1740 1775 1799 1827 166·

284 1869 383 1935 potest

228 1953 266 2012 61
338 1953 415 2006 166666
432 1949 502 2006 111666
519 1951 678 2020 trigonsimo
695 1964 768 2004 nono
786 1948 821 2003 ad
839 1947 967 2002 edictum.
995 1949 1069 2003 Inter
1084 1948 1223 2017 litigantes
1236 1964 1290 2003 non
1303 1948 1381 2002 aliter
1391 1948 1425 2004 lis
1437 1947 1559 2019 expediri
1578 1943 1722 2034 Q
1742 1959 1761 2011 s

284 2046 386 2112 potest,
405 2055 487 2110 quam
506 2040 529 2094 si
548 2039 616 2093 alter
632 2038 741 2108 petitor,
760 2037 828 2091 alter
845 2051 988 2106 possessor
1005 2037 1055 2091 sit:
1074 2051 1135 2092 esse
1153 2037 1224 2091 enim
1243 2036 1326 2091 debet
1343 2037 1390 2106 qui
1403 2051 1487 2092 onera
1498 2038 1624 2107 petitoris
1636 2040 1723 2093 susti·

285 2136 349 2186 neat
367 2135 396 2184 66
413 2130 460 2199 qni
477 2126 620 2184 commodo
637 2126 804 2196 possessoris
821 2123 976 2194 fungatur⁸.
1742 2139 1771 2180 ¹0

229 2220 267 2278 63
338 2219 416 2272 16666
433 2217 502 2273 libro
520 2216 749 2287 quadragensimo
767 2229 839 2270 nono
857 2214 893 2269 ed
911 2214 1038 2270 edictum.
1068 2213 1153 2267 Recte
1171 2211 1282 2267 delendi
1299 2213 1351 2269 hoc
1369 2217 1412 2269 est
1430 2213 1559 2270 iudicium
1578 2209 1725 2300 Q
1744 2223 1765 2276 S

287 2308 411 2377 accipere
429 2307 473 2361 uel
490 2321 540 2376 per
558 2320 588 2360 se
606 2305 650 2359 uel
667 2319 717 2374 per
734 2303 825 2372 alium,
844 2302 894 2358 sed
912 2319 973 2358 6666
992 2303 1183 2358 satisdatione:
1202 2317 1252 2357 neo
1269 2303 1314 2356 ille
1326 2303 1436 2358 uidetur
1447 2301 1565 2376 delendi,
1584 2305 1631 2375 qui
1644 2305 1725 2374 quod

285 2395 434 2451 iudicatum
452 2397 496 2449 est
512 2411 568 2450 non
585 2394 675 2449 soluit.
1023 2405 1027 2412 ·

229 2486 268 2544 64
339 2484 417 2539 166666
439 2483 509 2540 libro
530 2484 618 2554 primo
642 2483 864 2553 disputationum.
901 2481 961 2535 Non
979 2479 1014 2535 ab
1032 2480 1121 2536 iudice
1139 2480 1194 2536 doli
1212 2481 1366 2536 aestimatio
1383 2497 1418 2536 ex
1436 2496 1469 2537 eo
1487 2481 1561 2552 quod
1579 2476 1726 2566 Q
1745 2490 1767 2544 S

286 2577 400 2631 interest
423 2571 468 2642 116,
490 2573 541 2628 sed
563 2588 599 2628 ox
622 2587 655 2628 eo
673 2570 746 2642 quod
763 2572 791 2626 in
808 2571 883 2625 litem
900 2570 1017 2624 iuratrrr:
1041 2570 1158 2639 deniquo
1176 2575 1205 2624 ct
1221 2571 1353 2640 praedoni
1371 2571 1488 2641 depositi
1506 2574 1535 2624 et
1552 2572 1727 2627 commodati
1747 2584 1777 2625 66

255 2675 267 2719 6
287 2664 402 2720 obeam
421 2679 532 2718 causam
550 2667 705 2734 competere
723 2661 858 2715 actionem
877 2673 930 2714 non
948 2658 1096 2714 dubitatur.
1124 2658 1153 2714 Si
1170 2661 1232 2728 quis
1251 2659 1303 2714 alio
1320 2659 1421 2715 iudicio
1439 2664 1550 2715 aeturus
1567 2659 1726 2716 indicatum

287 2753 359 2810 solui
377 2752 445 2806 satis
463 2753 607 2822 acceperit,
630 2750 728 2806 deinde
745 2751 790 2804 in⁴
808 2748 861 2803 alio
878 2747 978 2802 iudicio
997 2751 1143 2818 agatnen
1162 2749 1346 2804 committetur
1363 2749 1510 2819 stipulatio,
1528 2748 1648 2818 quiade
1667 2751 1729 2805 alia

287 2857 317 2898 re
335 2846 446 2896 cautum
464 2840 580 2896 uidetur.

231 2930 269 2989 65
340 2931 418 2986 rosa
438 2929 507 2985 161666
524 2929 684 2999 trigensimo
701 2931 799 2997 quarto
817 2925 853 2981 sd
871 2925 998 2980 edictum.
1036 2925 1153 2995 Exigere
1170 2925 1263 2981 dotem
1281 2926 1378 2982 mulier
1395 2893 1477 2982 debet
1494 2927 1784 2998 11116,16.,,66648

288 3019 336 3076 nbi
360 3019 474 3075 maritus
497 3018 662 3074 domicilium
686 3016 792 3086 habuit,
816 3030 872 3071 nou
894 3013 941 3069 obi
959 3015 1167 3070 instrumentum
1186 3015 1277 3070 dotale
1295 3015 1479 3086 conscriptum
1497 3020 1553 3072 est:
1576 3032 1630 3072 nec
1647 3020 1729 3074 enim
1750 3029 1781 3070 eo

288 3110 317 3166 11
339 3125 427 3180 genus
446 3111 677 3176 contractasset,
703 3110 732 3161 66
750 3108 796 3160 et*
814 3120 876 3160 cunr
894 3105 984 3158 locum
1003 3104 1120 3174 spectari
1138 3105 1309 3174 oporteat,'
1301 3121 1329 3159 ru
1347 3118 1402 3173 quo
1419 3105 1629 3160 instrumentum
1648 3107 1730 3163 dotis

287 3197 390 3254 factum
410 3202 462 3268 est,
480 3212 563 3267 quam
582 3211 653 3266 curn,
672 3197 700 3252 in
718 3196 796 3251 cuins
813 3193 978 3250 domicilium
996 3197 1024 3264 et
1042 3193 1102 3262 ipsa
1119 3193 1216 3248 mulier
1226 3207 1276 3262 per
1287 3193 1473 3250 condicionem
1485 3194 1650 3282 matrimonii
1662 3202 1731 3252 6666

287 3288 417 3344 reditura

231 3374 269 3432 66
340 3376 418 3431 166666
440 3374 509 3430 libro
532 3371 653 3429 secundo
676 3372 900 3442 disputationum
936 3369 966 3426 Si
983 3371 1045 3440 ouis
1062 3371 1212 3426 intentione
1229 3369 1359 3440 ambigua
1376 3371 1421 3426 661
1439 3371 1562 3426 oratione
1594 3381 1731 3442 mese
1752 3381 1776 3432 8

288 3481 355 3522 6666
374 3467 417 3536 616,
436 3465 464 3520 id
481 3463 556 3535 quod
573 3463 666 3517 utilius
684 3463 709 3516 ei
728 3467 771 3516 est
788 3460 976 3530 accipiendum
994 3463 1045 3515 eet.
1752 3475 1784 3514 66

231 3551 270 3610 67
340 3555 418 3608 166666
435 3553 505 3608 111666
522 3557 601 3608 sexto
619 3550 842 3621 disputationum.
870 3549 922 3614 Qui
940 3563 970 3602 66
988 3548 1055 3604 dicit
1071 3549 1129 3603 suis
1147 3547 1455 3617 nummieredernptnm,
1474 3547 1560 3604 611666
1578 3542 1776 3638 [HJ-‚⁶⁶⁸

288 3641 472 3712 probauerit·
490 3641 588 3697 exinde
605 3639 674 3695 11666
691 3640 742 3694 6616
759 3654 794 3693 ex
812 3653 866 3708 quo
884 3638 1042 3707 redemptus
1059 3643 1116 3706 est,
1137 3637 1201 3708 quia
1218 3637 1378 3692 constitutio
1396 3651 1450 3691 non
1467 3635 1581 3692 liberum
1600 3655 1730 3708 pronun·

287 3731 350 3784 tiari
367 3731 508 3801 praecipit,
526 3729 576 3784 sod
594 3729 699 3784 restitui
717 3729 742 3783 ei
761 3727 912 3782 libertatem
930 3726 1014 3782 iubet
1042 3726 1156 3797 proinde
1173 3725 1376 3796 compellendus
1387 3725 1440 3779 erit
1452 3727 1645 3783 manumittere
1657 3745 1731 3786 66666

289 3818 335 3888 qui
356 3833 386 3872 66
405 3819 462 3873 6616
480 3817 598 3872 nummis
617 3815 739 3871 redemit.
772 3816 821 3871 sed
840 3821 868 3870 et
885 3817 909 3870 61
926 3817 1027 3884 latitet,
1050 3816 1177 3885 exempla
1194 3820 1306 3870 66666666
1324 3813 1509 3910 oonsrdtorum
1528 3814 1563 3869 ad
1580 3813 1731 3874 fideicom-

289 3907 399 3962 missam
418 3905 570 3961 libertatem
588 3906 781 3976 pertinentium
799 3904 915 3960 deberel
934 3904 1026 3960 induci
1043 3909 1158 3973 oportet
1755 3919 1790 3960 ao

232 3991 270 4050 68
341 3994 418 4049 Iners
441 3993 510 4051 libro
533 4001 632 4051 octauo
654 3994 878 4064 disputationum.
913 3991 959 4047 Ad
982 3993 1193 4063 peremptorium
1217 3991 1337 4046 edictum
1360 3990 1412 4047 hoe
1432 3990 1527 4046 ordino
1545 3993 1669 4064 uenitnr,
1694 4001 1734 4051 ut
1754 4001 1780 4053 S

288 4083 377 4154 primo
394 4083 456 4152 quis
473 4089 551 4154 petat
568 4089 632 4154 post
649 4083 800 4139 absentiam
819 4082 968 4138 aduersarii
986 4082 1105 4137 edictum
1123 4081 1248 4152 primurn,
1267 4095 1331 4136 mox
1349 4080 1463 4136 6166666666

288 4171 455 4270 puroet
457 4172 497 4242 6

548 4265 693 4271 —-.
670 4263 1107 4270 -.——n-.-—-.-—--—-.-——-

288 4265 544 4364 ι1666666616661]
569 4295 666 4350 transit
686 4294 714 4349 id
738 4295 846 4350 actione
870 4297 932 4359 (al
934 4297 956 4362 .)
1058 4294 1147 4348 ’non
1169 4292 1197 4347 id
1221 4294 1313 4347 uenire
1335 4294 1364 4348 in
1386 4292 1516 4348 iudicium
1539 4291 1732 4360 (Boodozol‘.²

288 4363 480 4506 :Prgrgperlide
498 4367 532 4492 ez
541 4365 640 4491 iiiide
659 4367 694 4434 in]
715 4365 778 4421 dein
796 4365 969 4432 (Toorellaa)?
1039 4367 1096 4419 ‘et
1115 4365 1160 4420 det
1232 4367 1244 4399 ⁶
1252 4368 1364 4436 firmam
1383 4364 1424 4418 B:
1442 4379 1497 4418 non
1515 4371 1561 4418 ins
1580 4364 1732 4438 (11666966)

289 4529 525 4615 itransieratur
520 4529 586 4614 Ρ·
605 4530 716 4631 11661]
739 4560 763 4616 61
783 4560 839 4616 ind.
858 4561 899 4614 P·
918 4561 977 4626 166
1031 4561 1047 4614 1
1072 4558 1118 4634 lilr
1136 4560 1165 4614 lii
1191 4558 1286 4614 P'vu
1348 4560 1383 4614 13
1444 4559 1588 4614 rioulosum
1615 4559 1741 4616 PVLU

289 4651 338 4685 ons.
351 4630 390 4685 Ρ·
442 4631 627 4686 3666666616
648 4633 693 4687 661
710 4631 823 4688 iudicati
840 4633 868 4696 Ρ,
890 4625 1198 4700 66666-116661666
1215 4631 1279 4685 P·L
1323 4631 1403 4686 1516
1425 4631 1666 4715 616Ρ166666666
1684 4633 1733 4685 Ρ·

289 4701 975 4768 6666666661·66666666661666666Ρ·
1031 4701 1156 4757 18111666
1180 4703 1266 4767 nl(1l
1287 4701 1515 4771 6666666166ιῆἰί
1538 4702 1565 4755 Ρ
1633 4703 1733 4758 15166

289 4779 386 4828 6666666·
387 4773 447 4827 616..
459 4772 549 4828 iudim
568 4773 598 4838 V,
615 4775 762 4829 translatio
779 4775 824 4830 1661
841 4775 977 4840 iuditiiL,
1030 4773 1105 4828 litem
1124 4793 1172 4826 οιιι.
1192 4783 1218 4826 in
1236 4779 1345 4828 1666661666
1363 4793 1381 4826 ιι
1396 4793 1459 4844 paor
1455 4781 1494 4827 'aa
1512 4773 1548 4828 od
1614 4781 1686 4826 1666666
1701 4775 1741 4828 P

289 4845 433 4899 1666616616
456 4844 548 4899 indicti
566 4813 688 4930 PiVUU
713 4848 858 4900 6666661666
882 4845 897 4898 si
920 4847 977 4899 11666
1031 4845 1064 4899 31
1089 4849 1258 4899 conuectum
1280 4843 1322 4897 Ρ·
1342 4846 1347 4910 Ι
1368 4844 1457 4898 locum
1480 4861 1529 4896 om.
1633 4843 1671 4898 32
1695 4851 1734 4900 et

289 4915 511 5042 :Vimiiaitwoe
528 4933 653 5043 epm
666 4917 932 5043 incautissime?
923 4921 978 4972 1666
1031 4935 1080 5042 g
1074 4915 1130 4968 P·
1165 4917 1199 4970 31
1203 4931 1247 5042 ξι
1241 4930 1318 5041 WB
1320 4913 1524 5040 Vnoeoihiroed
1530 4912 1632 5038 ΙΡΡΙιμ
1622 4915 1734 5041 1³15.st

345 5006 359 5041 a
443 5008 494 5042 ram
519 5008 556 5044 era
673 5006 729 5042 conr
767 5007 816 5042 m
907 4989 978 5044 6166-
1202 5003 1212 5041 ι
1487 5003 1527 5040 om
1682 4987 1733 5043 iu

289 5057 361 5127 deur]
381 5059 440 5114 eius
451 5059 861 5130 Ρ·1666666666Ρ·16666]666
876 5059 982 5115 PVLU
1031 5001 1205 5128 duossffi
1222 5057 1262 5112 P·
1314 5058 1348 5112 41
1367 5061 1568 5128 peremptorum
1585 5056 1627 5111 P·
