3690 5558
276 234 337 300 XX
357 237 378 299 4
397 240 495 295 9-12
834 187 837 192 Ι
955 227 1041 309 592
1462 253 1523 312 our
1545 255 1710 304 corrosus

276 391 347 460 plius
366 391 447 444 etiam
467 387 518 443 snb
537 387 696 443 condicione
715 388 876 444 creditorem
894 388 1026 443 tuendum
1040 389 1155 458 putabat
1167 389 1300 445 aduersus
1312 405 1382 461 eum,
1402 391 1447 446 cui
1458 397 1555 462 postea
1566 393 1709 462 quicquam

244 487 258 531 a
277 479 371 536 deberi
388 478 516 547 coeperit,
536 477 558 530 si
577 477 659 531 modo
677 492 732 532 non
750 493 784 531 ea
801 477 925 532 condicio
944 478 987 547 sit,
1007 493 1078 547 quas
1096 479 1183 533 inuito
1201 479 1324 535 debitore
1342 480 1447 550 impleri
1465 496 1519 536 non
1532 482 1630 550 possit.
1658 481 1710 537 Sed

277 573 304 622 et
322 568 344 622 si
363 567 442 621 heres
461 565 496 620 ob
515 580 548 618 ea
565 565 664 634 legata,
683 581 754 635 quae
773 565 825 620 sub
843 566 1003 621 condicione
1022 567 1087 620 data
1105 573 1191 637 erant,
1211 568 1245 622 de
1263 569 1377 637 pignore
1395 569 1435 624 rei
1453 584 1520 624 suae
1539 571 1712 626 conuenisset

276 660 304 710 et
328 660 426 724 postea
448 654 545 708 eadem
566 655 629 723 ipsa
646 655 761 724 pignora
780 653 814 709 ob
832 656 976 724 pecuniam
997 656 1127 710 creditam
1145 657 1253 725 pignori
1271 657 1347 712 dedit
1365 673 1397 712 ae
1415 663 1479 727 post
1496 659 1621 714 condicio
1640 659 1741 727 lega-t

243 753 257 797 ³
275 750 364 800 torum
384 744 497 813 exstitit,
517 743 560 797 hie
578 758 686 812 quoque
706 741 715 810 ΙΙ
735 743 866 798 tuendum
879 759 950 814 eum,
970 745 1013 799 cui
1025 745 1100 814 prius
1112 745 1214 814 pignus
1227 745 1321 800 datum
1334 752 1415 816 esset,
1434 747 1612 802 existimauit.
1641 747 1712 802 Titia
1728 753 1789 798 ties

277 833 418 902 praedium
436 832 554 885 alienum
567 831 639 885 Titio
657 832 765 900 pignori
783 831 866 900 dedit,
885 837 949 902 post
966 833 1086 888 Maeuio:
1106 833 1204 888 deinde
1224 834 1335 890 domina
1352 837 1411 890 eius
1429 837 1552 906 pignoris
1570 834 1645 890 faeta
1658 853 1712 892 ma·

277 921 327 976 rite
352 936 402 976 suo
426 920 454 974 in
477 920 569 974 dotem
594 921 769 974 aestimatum
787 920 870 974 dedit.
904 923 928 975 si
945 922 1018 977 Titio
1037 922 1127 977 soluta
1145 923 1181 978 sit
1198 923 1327 993 pecunia,
1352 939 1407 979 non
1425 923 1488 979 ideo
1506 924 1595 993 magis
1613 925 1714 980 Maeuii

276 1011 376 1079 pignus
395 1009 587 1064 conualescere
605 1008 739 1079 placebat.
766 1013 831 1064 ωηο
850 1011 921 1065 enim
939 991 1028 1080 pri0⁰re
1047 1010 1159 1065 dimisso
1172 1013 1320 1080 sequentis
1336 1010 1511 1067 confirmatur
1522 1014 1633 1084 pignus,
1652 1029 1713 1068 cum

277 1113 321 1152 res
339 1099 366 1152 in
385 1097 464 1152 bonis
482 1096 613 1152 debitoris
631 1098 797 1152 inueniatur:
816 1099 844 1152 in
862 1100 1002 1168 proposito
1020 1103 1112 1154 eutem
1128 1101 1242 1155 maritus
1255 1101 1384 1171 emptoris
1395 1102 1456 1156 loco
1468 1106 1526 1156 est:
1545 1107 1630 1172 atque
1642 1102 1712 1172 ideo,

276 1187 342 1256 quia
364 1201 453 1255 neque
475 1190 541 1241 tunc
564 1201 625 1241 cum
650 1187 756 1240 hlaeuio
779 1186 948 1256 obligaretur
970 1204 1059 1258 neque
1082 1204 1144 1244 oum
1168 1189 1242 1244 Titio
1265 1191 1417 1244 solueretur
1439 1190 1466 1244 in
1489 1188 1570 1245 bonis
1592 1191 1713 1246 mulieris
1731 1198 1756 1238 1⁰

277 1275 366 1343 fuerit,
385 1274 487 1330 nullum
506 1280 615 1344 tempus
633 1275 758 1345 inueniri,
777 1292 831 1346 quo
849 1277 950 1346 pignus
967 1278 1069 1333 Maeuii
1087 1279 1277 1333 conualescere
1295 1277 1392 1348 possit.
1425 1277 1494 1332 haee
1512 1283 1605 1334 ωηηοη
1623 1279 1672 1348 ita,
1691 1280 1713 1334 si

277 1361 421 1418 bonafide
439 1363 468 1417 in
486 1363 577 1418 dotem
597 1364 771 1418 aestimatum
789 1365 930 1434 praedium
949 1367 1063 1421 maritus
1081 1367 1195 1437 accepit,
1216 1367 1245 1421 id
1263 1372 1307 1422 est
1323 1367 1348 1422 si
1365 1367 1503 1436 ignorauit
1520 1367 1629 1423 hlaenio
1648 1368 1714 1424 obli·

276 1458 371 1522 gamm
390 1466 460 1506 ease.

220 1541 259 1598 10
329 1541 480 1596 Umerus
498 1538 567 1594 libro
584 1540 672 1611 primo
689 1555 892 1611 responsorum.
923 1541 952 1596 Si
971 1548 999 1597 et
1016 1543 1074 1599 iure
1092 1543 1242 1599 iudicatum
1260 1547 1288 1600 et
1305 1543 1405 1614 pignus
1423 1544 1452 1598 in
1470 1559 1556 1600 causa
1574 1540 1750 1628 Qe—eessss
1832 1601 1833 1614 ,

277 1623 442 1684 iudicati'ex
461 1629 623 1684 auctoritate
642 1629 700 1683 eius
719 1631 766 1698 qui
783 1629 878 1685 iubere
895 1631 985 1700 potuit
1003 1637 1113 1700 captum
1131 1635 1183 1702 est,
1201 1633 1351 1702 priuilegiis
1363 1633 1494 1703 temporis
1506 1632 1565 1688 iore
1578 1636 1714 1704 potiorem
1733 1641 1757 1680 ¹⁵
1832 1637 1833 1663 ¹

277 1717 405 1772 heredem
423 1719 490 1786 eius,
508 1717 537 1771 in
555 1718 633 1772 cuius
650 1733 768 1787 persona
785 1719 886 1788 pignus
905 1721 1083 1774 constitutum
1103 1725 1154 1774 est.

220 1809 255 1865 11
330 1806 424 1862 Gerus
441 1805 510 1860 libro
528 1806 659 1874 singulari
677 1806 711 1860 de
722 1805 838 1866 formula
850 1807 1053 1878 hypothecaria.
1080 1809 1174 1864 Potior
1185 1813 1228 1864 est
1239 1809 1267 1863 in
1279 1809 1401 1879 pignore,
1420 1810 1467 1879 qui
1479 1811 1555 1880 prius
1575 1807 1715 1895 W
1732 1812 1751 1866 S

276 1894 392 1950 credidit
409 1894 552 1963 pecuniam
571 1900 600 1949 et
618 1895 725 1964 accepit
742 1894 934 1966 hypothecam,
952 1898 1078 1966 quamuis
1097 1913 1160 1952 cum
1178 1897 1231 1952 alic
1250 1902 1313 1952 ante
1332 1904 1506 1969 conuenerat,
1525 1904 1564 1969 nt,
1584 1900 1609 1955 si
1627 1900 1664 1956 ab
1683 1917 1716 1956 eo

275 1984 420 2053 pecuniam
439 1984 583 2053 acceperit,
602 1984 638 2038 sit
656 1999 699 2038 res
718 1982 847 2054 obligata,
866 1986 944 2039 licet¹
963 1984 999 2039 ab
1016 1985 1069 2042 hoo
1086 1992 1184 2056 postea
1201 1987 1321 2056 aceepit:
1340 1991 1449 2056 poterat
1466 1989 1548 2057 enim,
1566 1989 1634 2044 licet
1652 1995 1716 2044 ante

243 2081 255 2124 1
277 2072 414 2140 conuenit,
433 2087 494 2133 ηοη,
506 2072 629 2141 accipere
648 2071 683 2126 ab
696 2087 729 2126 eo
741 2073 894 2142 pecuniam.
923 2073 1079 2144 Uideamus,
1099 2091 1134 2129 an
1145 2074 1217 2129 idem
1231 2075 1376 2130 dicendum
1390 2077 1434 2146 sit,
1452 2077 1475 2130 si
1488 2075 1539 2132 sub
1553 2077 1716 2132 condicione
1733 2081 1758 2120 ²⁰

277 2159 452 2230 stipulatione
471 2159 545 2214 lacta
562 2159 718 2231 hypotheca
736 2159 802 2216 data
819 2163 868 2230 sit,
890 2177 945 2230 qua
962 2162 1099 2232 pendente
1118 2163 1188 2218 alius
1207 2161 1322 2217 credidit
1338 2179 1407 2233 pure
1426 2168 1455 2218 et
1472 2166 1580 2235 accepit
1598 2166 1716 2221 eandem

276 2247 472 2319 hypothecam,
495 2251 561 2303 tunc
583 2247 682 2302 deinde
705 2248 802 2318 prioris
825 2250 1008 2319 stipulationis
1032 2251 1149 2305 exsistat
1171 2251 1307 2321 condicio,
1332 2257 1363 2306 ut
1385 2252 1476 2322 potior
1495 2253 1533 2308 sit
1549 2254 1598 2324 qui
1617 2260 1718 2324 postea

277 2336 446 2392 credidisset.
479 2336 529 2391 sed
551 2350 661 2405 uereor,
685 2353 750 2390 num
775 2337 818 2392 hic
842 2338 915 2392 aliud
938 2338 975 2392 sit
997 2338 1156 2394 dicendum:
1180 2355 1241 2394 cnm
1261 2341 1332 2394 enim
1351 2341 1436 2396 semel
1455 2342 1580 2398 condicio
1600 2344 1716 2412 exstitit,

275 2424 388 2494 perinde
411 2424 540 2494 habetur,
564 2439 597 2478 ac
619 2425 643 2478 si
666 2424 711 2480 illo
734 2430 869 2496 tempore,
893 2441 948 2495 quo
967 2428 1106 2497 stipulatio
1124 2428 1285 2497 interposita
1303 2432 1358 2497 est,
1382 2431 1441 2484 sine
1460 2431 1623 2488 condicione
1642 2431 1717 2487 iacta

242 2522 257 2566 a
276 2519 358 2570 esset.
385 2512 458 2582 quod
477 2517 505 2566 et
522 2512 619 2567 melius
637 2517 689 2568 est.
717 2511 747 2568 si
764 2516 876 2588 colonus
895 2516 1032 2585 conuenit,
1050 2521 1081 2569 ut
1096 2515 1209 2572 inducta
1221 2517 1248 2570 in
1261 2516 1376 2574 fundum
1388 2518 1464 2574 illata
1475 2518 1513 2574 ibi
1526 2524 1594 2574 nata
1605 2521 1717 2590 pignori
1733 2523 1758 2562 ¹⁵

276 2607 382 2672 essent,
401 2606 429 2656 et
446 2604 593 2670 antequam
612 2601 738 2672 inducat,
757 2604 802 2658 alii
819 2619 876 2658 rem
896 2603 1067 2675 hypothecae
1085 2605 1194 2659 nomine
1212 2604 1384 2677 obligauerit,
1401 2611 1468 2662 ωηο
1486 2607 1587 2663 deiude
1606 2625 1671 2664 eam
1689 2611 1716 2664 in

275 2689 391 2746 fundum
409 2689 559 2758 induxerit,
577 2691 667 2759 potior
685 2691 748 2761 erit,
766 2692 814 2760 qui
832 2693 986 2762 specialiter
1003 2707 1071 2763 pure
1089 2693 1203 2763 accepit,
1222 2694 1358 2762 quianon
1377 2709 1411 2750 ex
1429 2696 1614 2752 conuentione
1631 2698 1716 2766 priori

242 2788 256 2832 e
276 2779 420 2849 obligatur,
439 2778 488 2834 sed
507 2793 542 2832 ex
560 2793 593 2833 eo
611 2779 685 2847 quod
702 2779 815 2834 inducta
832 2795 876 2836 res
894 2786 944 2850 est,
958 2781 1037 2852 qnod
1054 2782 1192 2850 posterius
1210 2781 1312 2837 lactum
1331 2789 1383 2838 est.
1411 2783 1441 2839 Si
1453 2785 1488 2840 de
1500 2782 1596 2840 futura
1608 2802 1639 2841 re
1652 2803 1715 2842 con·

275 2869 390 2938 necent,
409 2871 441 2922 ut
458 2866 630 2938 hypothecae
648 2867 692 2936 sit,
711 2868 791 2923 sicuti
810 2875 853 2924 est
871 2869 906 2924 de
923 2875 1013 2940 partu,
1031 2869 1083 2925 hoc
1100 2871 1247 2940 quaeritur,
1266 2889 1302 2926 an
1320 2872 1418 2926 ancilla
1435 2874 1629 2929 conuentionis
1647 2880 1715 2930 tem·

274 2973 341 3028 pore
358 2958 387 3012 in
406 2955 485 3011 bonis
503 2954 556 3011 fuit
573 2955 718 3011 debitoris:
743 2963 771 3012 et
788 2958 817 3013 in
833 2955 981 3029 fructibus,
1005 2959 1028 3013 si
1046 2959 1177 3014 conuenit
1194 2963 1225 3014 ut
1242 2959 1297 3015 sint
1314 2960 1435 3030 pignori,
1456 2975 1544 3031 aeque
1563 2965 1715 3032 quaeritur,
1733 2967 1758 3006 ³⁰

241 3053 257 3100 4
275 3063 311 3102 an
328 3044 430 3100 fundus
448 3045 492 3100 uel
510 3045 553 3100 ius
571 3045 666 3099 utendi
684 3043 792 3102 fruendi
810 3047 999 3102 conuentionis
1016 3050 1141 3118 tempore
1159 3046 1242 3102 luerit
1258 3047 1397 3103 debitoris.
1427 3047 1455 3120 Si
1467 3065 1515 3118 pa·
1533 3048 1716 3133 Qp.18‚snot

275 3139 351 3189 ratus
370 3138 413 3189 est
429 3133 564 3203 posterior
582 3133 701 3190 creditor
718 3134 800 3204 priori
818 3135 945 3190 creditori
964 3135 1071 3192 soluere
1089 3135 1162 3206 quod
1177 3136 1202 3190 ei
1216 3135 1339 3207 debetur,
1358 3136 1507 3194 uidendum
1520 3128 1715 3211 escars—eom*-

274 3227 352 3294 petat
376 3222 402 3277 si
424 3221 622 3293 hypothecaria
642 3223 714 3277 actio
732 3223 841 3279 nolente
859 3225 949 3294 priore
967 3225 1100 3281 creditore
1118 3225 1262 3295 pecuniam
1281 3225 1414 3295 accipere.
1447 3231 1477 3281 st
1494 3227 1614 3284 dicimus
1631 3231 1716 3300 priori

275 3311 402 3366 creditori
418 3309 543 3365 inutilem
562 3325 623 3366 esse
641 3311 786 3382 actionem,
805 3327 868 3366 cum
886 3328 935 3382 per
953 3329 1015 3368 eum
1034 3313 1090 3384 liat,
1109 3329 1143 3368 ne
1162 3313 1187 3368 ei
1205 3313 1323 3382 pecunia
1339 3314 1470 3370 soluatur.
1732 3323 1759 3362 ³⁴

218 3397 255 3454 12
327 3400 504 3455 Mmmssus
526 3397 595 3454 libro
618 3399 750 3470 singulari
770 3399 807 3454 ad
824 3398 968 3458 formulam
986 3401 1218 3474 hypothecariam.
1255 3401 1379 3456 Creditur
1396 3402 1444 3472 qui
1460 3403 1535 3472 prior
1553 3399 1716 3488 ffis‘ffl
1732 3407 1767 3480 Ss

274 3487 457 3560 hypothecam
481 3487 588 3557 accepit
611 3488 671 3542 sine
694 3487 835 3558 possideat
857 3504 916 3544 eam
940 3493 969 3544 st
991 3490 1061 3545 alius
1083 3489 1206 3545 uindicet
1224 3489 1423 3562 hypothecaria
1440 3492 1561 3562 actione,
1586 3497 1715 3566 exceptio

273 3577 356 3646 priori
379 3575 454 3631 utilis
472 3581 516 3630 est
533 3575 564 3630 ‘si
582 3590 637 3632 ηοη
654 3576 720 3630 mihi
738 3582 802 3632 ante
819 3578 927 3648 pignori
944 3577 1151 3649 hypothecaeue
1169 3578 1279 3634 nomine
1298 3579 1334 3634 sit
1349 3593 1394 3634 res
1411 3578 1556 3650 obligata':
1581 3583 1643 3638 siue
1662 3584 1715 3639 alio

274 3663 432 3733 possidente
449 3664 524 3734 prior
541 3664 660 3720 creditor
676 3665 799 3720 uindicet
816 3664 1013 3738 hypothecaria
1030 3667 1138 3722 actious
1156 3671 1185 3721 et
1201 3667 1245 3722 ille
1263 3667 1383 3737 excipiat
1400 3665 1432 3722 ‘si
1450 3683 1505 3724 non
1522 3672 1664 3742 conuenit
1685 3677 1715 3726 ut

274 3751 334 3808 'sihi
352 3767 395 3808 ree
414 3753 450 3807 sit
467 3751 606 3823 obligata',
630 3753 674 3808 hic
691 3753 720 3808 in
738 3754 850 3809 modum
868 3770 952 3825 supra
969 3755 1085 3810 relatum
1102 3754 1254 3824 replicabit.
1286 3755 1336 3810 sed
1355 3756 1459 3810 sicum
1478 3756 1532 3812 alic
1550 3773 1713 3828 possessore

274 3840 392 3896 creditor
410 3841 548 3896 secundus
566 3846 640 3912 agat,
662 3847 736 3896 recte
754 3847 821 3912 aget
837 3847 866 3897 et
884 3843 1034 3898 adiudicari
1051 3843 1078 3898 ei
1095 3843 1196 3912 poterit
1213 3841 1377 3914 hypotheca,
1396 3848 1428 3899 nt
1445 3850 1538 3900 umen
1556 3847 1634 3916 prior
1651 3863 1713 3902 cum
1729 3854 1757 3895 ⁴⁰

240 3939 253 3985 1
273 3943 306 3984 eo
325 3928 433 4000 mendo
452 3929 560 3985 auferat
577 3931 602 3985 ei
621 3945 687 3984 rem.
715 3929 745 3986 Si
763 3931 891 4000 quoniam
909 3945 965 3987 ηοη
982 3931 1146 3988 restituebat
1163 3946 1220 3985 rem
1234 3932 1408 4002 pigneratam
1427 3949 1572 4003 possessor
1584 3936 1713 3992 condem·

273 4021 355 4072 natus
380 4031 415 4072 ex
438 4017 569 4088 praelatis
593 4019 682 4073 modis
704 4018 761 4074 litis
779 4020 997 4079 aestimadunem
1015 4020 1176 4090 emoluerit,
1200 4020 1367 4090 superinde
1385 4021 1507 4078 secundo
1525 4024 1657 4080 creditori
1674 4030 1713 4078 te

273 4110 379 4175 nentur,
398 4121 431 4160 ac
450 4106 473 4162 si
491 4107 581 4162 soluta
598 4107 635 4162 sit
651 4107 769 4177 pecunia
786 4109 869 4179 priori
887 4107 1023 4181 creditori,
1041 4109 1189 4180 quaeritur.
1216 4113 1246 4164 et
1263 4113 1337 4166 recte
1354 4115 1422 4180 puto
1440 4110 1492 4167 hoc
1510 4111 1713 4169 admittendum

272 4213 297 4266 F
303 4210 437 4282 [P(VU)]

274 4355 283 4389 ²
301 4351 375 4422 licet]
393 4352 498 4408 scilicet
515 4353 558 4409 si?

271 4492 491 4550 lconditionem
510 4494 569 4562 Ρ·Ι
589 4493 720 4563 putabam
739 4496 781 4549 P·
833 4495 961 4552 heristi·
1017 4498 1050 4553 19
1073 4497 1191 4567 poterat]
1215 4503 1337 4569 potestat
1359 4498 1399 4552 P·
1455 4499 1491 4554 22
1513 4499 1712 4571 prioristipula·

270 4562 365 4632 mauit]
380 4563 449 4628 F1P,
467 4565 744 4620 existimaueritF²U
794 4565 963 4623 11fueri‘n't
1015 4569 1134 4624 tionisF
1174 4570 1209 4625 23
1227 4570 1347 4625 conditio
1359 4568 1482 4624 ssmelP
1521 4571 1712 4626 ionteml‘·

270 4635 315 4700 Ρ),
334 4633 386 4688 luit
404 4634 464 4699 PV,
487 4637 536 4710 des.
557 4635 590 4690 U·
611 4639 615 4703 Ι
636 4637 726 4691 mento
746 4637 844 4702 PVU⁵‚
863 4640 913 4713 des.
930 4639 964 4692 U·
1016 4641 1051 4694 26
1069 4640 1139 4709 eam}
1160 4655 1194 4695 ea
1212 4641 1305 4696 Ρ···“
1351 4640 1385 4695 21
1402 4641 1492 4710 potior
1509 4641 1562 4695 erit
1582 4641 1716 4697 em.P·V

271 4705 306 4761 15
323 4706 445 4775 potuerit
462 4706 494 4772 P,
511 4707 612 4776 poterit
630 4707 673 4774 Vl
689 4705 747 4763 lore
764 4709 898 4778 potiorem
917 4709 963 4764 he·
1016 4711 1367 4780 usexe01inecPV
1415 4713 1450 4766 29
1473 4713 1653 4770 conuenionis
1671 4713 1712 4766 P·

270 4775 433 4847 redem1F⁴,
452 4775 521 4833 forte
534 4778 698 4847 praeliorem
711 4777 838 4834 heredem
854 4781 897 4840 Ρ,
910 4778 963 4836 lor·
1017 4778 1220 4836 31ω11Ρ·11
1277 4782 1312 4836 34
1334 4779 1403 4836 fiant
1425 4783 1466 4836 P·
1486 4783 1490 4850 Ι
1512 4781 1650 4838 sciuntur
1672 4785 1712 4838 Ρ·

270 4847 509 4904 cioremheredem
516 4847 964 4914 P“U·‚iorelorestheresP‘VU²
1017 4852 1053 4907 36
1071 4852 1207 4907 rossideat
1225 4853 1268 4916 Ρ,
1286 4852 1406 4908 ressidet
1421 4851 1466 4918 F‘,
1485 4854 1612 4924 possidet
1624 4853 1714 4908 F’PU

271 4921 305 4974 17
319 4917 509 4975 adformulam
522 4917 727 4990 ypothecariam
741 4923 822 4976 PVU
868 4924 902 4977 18
920 4939 964 4977 ae·
1018 4923 1052 4978 si
1071 4924 1193 4993 pignoris
1206 4923 1267 4977 PU*
1308 4925 1709 4994 380xcipitssexceperitl'l
1832 4947 1833 4994 y

269 4991 352 5061 cepit]
367 4991 631 5062 accepitpecuniem
643 4992 683 5046 Ρ·
698 4993 703 5060 Ι
719 4991 764 5063 ab]
783 4992 968 5060 ch⁰,ch
1019 4993 1179 5049 sibiutP‘r
1214 4993 1489 5064 39replicauitF¹P⁰
1524 4997 1561 5051 43
1573 4995 1616 5066 acl
1629 5001 1659 5051 at
1671 4996 1712 5049 P·
1832 4997 1833 5058 l
