3664 5570
298 155 354 219 Vll
375 157 395 219 9
416 161 493 214 1-t
969 145 1055 223 248
1426 170 1723 221 usussuoruaarus

268 322 280 366 1
298 325 417 379 sequens
442 309 625 363 committetur
646 306 722 363 finito
741 323 792 363 usu
810 305 909 362 fructu.
946 304 1002 360 Sed
1020 304 1093 375 quod
1111 306 1229 360 diximus
1247 307 1275 360 id
1294 307 1367 375 quod
1385 306 1449 362 iude
1467 307 1587 364 exstabit
1604 309 1724 366 restituta

298 399 343 466 iri,
367 413 422 451 nou
445 398 531 466 ipsam
556 412 614 450 rem
632 396 777 466 stipulatur
794 395 988 465 proprietarius
1006 394 1148 460 (inutiliter
1166 395 1239 448 enim
1257 410 1315 450 rem
1334 411 1412 450 suam
1431 397 1556 467 stipulari
1573 397 1725 468 uideretur),

298 486 347 540 sed
367 485 513 555 stipulatur
531 485 655 539 restititis
673 485 705 538 iri
723 483 796 553 quod
814 483 878 538 inde
896 482 1023 537 exstabit.
1051 483 1186 537 interdum
1209 487 1301 538 autem
1319 483 1398 538 inerit
1415 485 1589 555 proprietatis
1606 486 1724 540 aestima

298 575 350 643 tio,
375 575 398 628 si
420 570 492 629 forto
509 569 687 641 fructuarius,
711 587 773 626 oum
791 572 879 641 possit
896 571 1091 640 usucapionem
1110 570 1295 641 interpellare,
1319 571 1454 641 neglexit:
1478 587 1585 628 omnem
1603 573 1673 630 enim
1689 575 1726 629 rei

298 678 390 717 curam
409 661 531 730 suscipit.
1742 677 1754 716 ι

262 751 279 808 2
350 751 470 804 Faunus
493 747 561 804 libro
580 748 803 818 septuagensimo
821 746 916 816 quinto
934 747 969 802 ad
988 746 1114 802 edictum.
1151 747 1221 802 Nam
1238 745 1404 803 fructuarius
1422 747 1575 806 custodiam
1593 744 1726 833 [Q
1752 758 1776 810 Ε

298 843 438 908 praestare
457 835 548 892 debet.

262 926 280 982 3
353 925 503 981 Uenerius
525 924 594 980 libro
614 923 836 995 septuagensimo
853 937 925 978 nouo
943 922 979 977 ad
997 922 1125 979 edictum.
1162 921 1264 978 Omnes
1282 927 1374 977 autem
1392 938 1474 978 casus
1492 927 1576 982 conti·
1595 922 1728 1009 Q
1753 935 1776 988 Ε

267 1024 279 1068 1
300 1018 397 1067 nentur
420 1012 483 1068 huic
504 1013 686 1083 stipulationi,
709 1011 810 1081 quibus
828 1026 894 1067 usus
911 1009 1017 1066 fructus
1034 1011 1177 1065 amittitur.
1213 1011 1345 1066 Desinere
1363 1012 1500 1081 pertinere
1518 1029 1597 1080 usum
1615 1013 1729 1069 fructum

300 1101 465 1171 accipiemus
483 1102 566 1157 eiiam
585 1102 609 1156 si
627 1116 678 1155 nec
695 1101 817 1170 coeperit
828 1100 973 1169 pertinere,
992 1100 1118 1169 quamuis
1128 1100 1237 1170 legatus
1249 1099 1293 1167 sit,
1312 1103 1340 1153 et
1352 1100 1537 1156 committetur
1548 1100 1631 1157 nihilo
1643 1102 1730 1156 minus
1748 1117 1771 1155 ιι

267 1200 281 1243 2
300 1188 452 1258 stipulatio,
477 1190 555 1258 quasi
579 1188 687 1244 desinat
709 1189 845 1258 pertinere
864 1186 937 1257 quod
955 1200 1006 1242 nea
1024 1187 1123 1256 coepit
1161 1185 1191 1242 Si
1207 1201 1275 1241 usus
1292 1184 1399 1244 uaeas
1415 1187 1547 1256 repetitus
1564 1189 1617 1244 erit
1632 1189 1731 1258 legata,

300 1275 480 1345 quotiensque
503 1277 621 1331 emisam
644 1275 727 1332 fuerit
750 1277 812 1344 (nisi
836 1276 938 1330 utiliter
954 1272 1037 1330 fuerit
1055 1277 1190 1344 cautum),
1215 1273 1399 1329 committetur
1424 1273 1479 1329 ista
1501 1275 1655 1346 stipulatio:
1684 1276 1731 1332 sad

267 1377 280 1418 a
300 1363 461 1432 exceptione
484 1379 554 1434 opus
577 1365 629 1418 erit
637 1368 653 1418 ¹.
690 1362 746 1419 Sed
770 1369 799 1419 et
821 1364 845 1418 si
869 1363 930 1433 quis
951 1378 1032 1418 usum
1054 1360 1173 1418 fructum
1191 1361 1240 1418 tibi
1258 1362 1392 1431 legaucrit
1409 1365 1438 1416 et
1455 1361 1507 1417 sub
1525 1363 1685 1419 condicione
1703 1363 1740 1424 'u

299 1449 400 1506 liberos
421 1450 557 1507 habueris'
574 1453 782 1523 proprietatem,
807 1452 909 1507 ammso
933 1465 985 1505 usu
1002 1448 1093 1504 fructu
1111 1451 1296 1506 committetur
1313 1449 1423 1530 quidem
1441 1451 1595 1521 stipulatio,
1618 1451 1669 1507 sed
1688 1467 1731 1506 ex-

266 1551 281 1596 4
301 1538 391 1608 ceptio
414 1539 504 1594 locum
525 1539 645 1594 habebit.
663 1537 712 1602 ‚Si
730 1539 809 1594 hares
827 1539 987 1595 alienauerit
1003 1539 1198 1608 proprietatem
1217 1540 1246 1592 et
1262 1545 1360 1609 postea
1377 1538 1519 1593 amittatur
1535 1553 1602 1594 usus
1619 1536 1733 1608 fructus,
1751 1556 1775 1594 ιι

300 1642 335 1681 au
354 1640 389 1680 ex
407 1627 538 1697 stipulatu
556 1643 639 1697 agere
656 1628 758 1698 possit,
781 1626 932 1682 uideamus.
966 1631 994 1682 et
1011 1624 1110 1682 lortius
1127 1625 1182 1679 dici
1199 1629 1292 1696 potest
1308 1627 1369 1697 ipso
1386 1625 1446 1680 iure
1464 1640 1519 1682 uon
1536 1626 1669 1682 committi
1689 1627 1733 1682 sti-

299 1714 480 1784 pulationem,
498 1715 564 1784 quia
581 1729 669 1784 neque
687 1714 781 1770 heredi
800 1714 1039 1770 successoribusue
1057 1714 1116 1768 eius
1134 1713 1241 1768 restitui
1259 1717 1350 1782 potest
1368 1727 1457 1782 neque
1474 1713 1498 1769 is
1517 1713 1561 1768 eui
1578 1717 1684 1784 potest,
1707 1712 1734 1768 id

300 1805 343 1856 est
361 1801 396 1856 ad
415 1817 495 1871 quem
513 1803 640 1872 peruenit
656 1805 818 1874 proprietas,
836 1804 955 1873 pertinet
972 1802 1008 1856 ad
1026 1801 1241 1871 stipulationem:
1260 1800 1310 1856 sed
1328 1802 1351 1856 is
1369 1801 1406 1855 ad
1424 1815 1505 1871 quem
1522 1801 1650 1870 peruenit
1665 1805 1733 1856 tem·

298 1904 365 1959 pore
390 1890 507 1958 quaesiti
526 1889 536 1960 fl
557 1891 668 1946 dominii
692 1890 743 1945 sibi
766 1891 923 1961 prospicere
946 1891 1000 1946 alia
1018 1889 1144 1944 cautione
1163 1887 1259 1944 debet:
1284 1889 1358 1958 quod
1376 1889 1429 1944 etsi
1447 1905 1501 1944 non
1519 1888 1627 1958 teuent,
1650 1889 1735 1945 nihilo
1751 1904 1766 1950 t.
1778 1906 1816 1950 ras

299 1978 389 2032 minus
407 1979 435 2033 in
453 1993 510 2033 rem
529 1978 637 2032 actione
655 1979 695 2032 uti
713 1982 813 2047 potest.
1753 1995 1779 2034 ιι

261 2068 281 2123 4
354 2064 526 2121 Uarruumus
542 2064 612 2120 libro
630 2065 793 2123 duodecimo
812 2064 1025 2136 stipulationum.
1059 2063 1089 2120 Si
1106 2062 1270 2120 fructuarius
1287 2064 1481 2134 proprietatem
1499 2063 1577 2120 adse-
1596 2059 1736 2148 Q
1754 2078 1764 2100 ·
1767 2077 1790 2130 Ρ

300 2158 380 2208 cutus
398 2151 488 2223 fuerit,
506 2153 606 2208 desinit
623 2154 734 2222 quidem
752 2169 820 2209 usus
837 2152 942 2208 mettis
961 2151 997 2206 ad
1015 2167 1078 2207 eum
1095 2153 1232 2222 pertinere
1249 2157 1362 2223 propter
1379 2149 1581 2207 confussioncm:
1600 2152 1650 2207 sed
1663 2154 1691 2208 si
1703 2169 1736 2209 ex

300 2241 432 2311 stipulatu
455 2256 518 2295 cum
535 2256 568 2296 eo
587 2247 698 2310 agaim,
723 2247 772 2297 aut
788 2235 849 2312 ipso
867 2242 925 2296 iure
943 2240 1074 2294 inutiliter
1091 2241 1138 2309 agi
1155 2239 1301 2295 dicendum
1319 2245 1376 2309 cst,
1399 2240 1424 2295 si
1441 2241 1494 2296 uiri
1511 2239 1576 2296 boni
1594 2240 1736 2298 arbitrium

299 2326 354 2383 huc
370 2343 459 2397 usque
475 2329 631 2400 porrigitur,
653 2335 702 2384 aut
719 2329 747 2383 in
764 2327 867 2384 iactrun
885 2327 1011 2398 excipere
1030 2325 1149 2383 debebit
1754 2347 1781 2387 ιι

262 2419 281 2476 5
354 2416 505 2472 Uueuuus
531 2415 600 2472 llbro
622 2417 846 2486 septuagensimo
869 2431 941 2472 nono
965 2415 1001 2471 ad
1023 2415 1151 2472 edictum.
1187 2415 1258 2470 Huic
1282 2414 1450 2486 stipulationi
1472 2415 1572 2473 ‘dolum
1594 2413 1735 2501 Q
1763 2428 1788 2482 ε

202 2554 203 2557 ,
300 2504 398 2559 malum
418 2503 515 2560 abesse
533 2502 727 2574 afuturumque
745 2503 814 2560 esse’
833 2505 999 2560 conductor:
1018 2509 1047 2559 et
1065 2519 1127 2558 oum
1145 2504 1173 2558 iu
1191 2518 1248 2560 rem
1267 2503 1303 2558 sit
1320 2503 1376 2558 doli
1393 2504 1458 2560 mad
1475 2505 1577 2560 mentio
1591 2513 1735 2577 concepta,

267 2607 280 2652 1
301 2593 421 2649 omnium
443 2592 535 2648 dolum
558 2592 788 2662 comprehendere
811 2592 921 2649 uidetur
944 2607 1133 2648 successorum
1157 2597 1186 2646 et
1203 2590 1328 2662 adoptiui
1343 2593 1438 2662 patrie.
1475 2591 1531 2649 Sed
1548 2593 1573 2648 si
1589 2609 1657 2650 usus
1675 2596 1737 2651 sius

300 2679 517 2750 fructulegatus
535 2681 599 2750 erit,
620 2680 750 2751 adempta
767 2678 872 2736 ii'ooms
890 2695 974 2736 causa
991 2679 1119 2736 satisdari
1136 2678 1213 2735 iubet
1229 2685 1352 2750 praetor:
1376 2680 1428 2736 hoc
1445 2681 1556 2750 merito,
1573 2685 1607 2736 ut
1623 2682 1659 2738 de
1677 2683 1738 2740 solo

267 2785 282 2828 a
300 2784 361 2838 usu,
380 2781 435 2824 nou
452 2769 536 2823 etiam
554 2767 589 2823 de
607 2766 698 2824 fruma
715 2773 854 2824 caueatur.
882 2769 956 2840 Ergo
975 2773 1005 2824 et
1021 2769 1044 2823 si
1062 2766 1167 2824 ductus
1184 2769 1244 2824 sina
1262 2785 1314 2825 usu
1331 2769 1469 2839 optigerit,
1487 2770 1627 2838 stipulatio
1644 2771 1737 2826 locum

268 2873 282 2917 s
300 2855 420 2912 habebit
447 2856 485 2911 Et
502 2856 526 2912 si
537 2855 670 2913 habitatio
688 2856 733 2911 uel
750 2870 850 2927 operae
867 2855 984 2914 hominis
1001 2857 1046 2914 uel
1064 2856 1142 2924 cuius
1160 2857 1272 2912 diarius
1290 2857 1414 2912 animalis
1432 2857 1544 2914 relictae
1561 2855 1669 2930 fuerim,
1689 2860 1738 2914 sti·
1757 2875 1784 2916 so

300 2945 404 3014 pulatio
421 2944 512 3021 locum
530 2944 651 3014 habebit,
669 2945 734 3000 licet
750 2960 801 3016 per
818 2946 910 3001 omnia
926 2945 995 3001 haec
1012 2960 1092 3001 usum
1111 2942 1229 3001 fructum
1246 2960 1302 3001 uon
1319 2945 1468 3001 imitantur.

264 3038 282 3095 6
354 3034 474 3090 Pronus
491 3033 560 3090 libro
580 3034 803 3104 septuagensimo
821 3034 916 3103 quinto
935 3032 971 3088 ad
987 3032 1115 3089 edictum.
1142 3032 1219 3088 Idem
1231 3038 1275 3089 est
1286 3033 1353 3088 etin
1365 3033 1455 3101 reditu
1465 3032 1578 3104 praedii,
1596 3027 1738 3118 [Q
1767 3044 1791 3100 Ε

301 3121 382 3178 sicuti
404 3123 428 3177 si
451 3121 591 3178 :indeuia
612 3122 705 3192 legata
727 3127 802 3179 esset
818 3123 864 3178 uel
881 3121 994 3191 messis,
1016 3119 1143 3191 quamuis
1161 3136 1195 3176 ex
1213 3136 1266 3177 usu
1283 3118 1374 3176 fructu
1392 3136 1426 3176 ea
1443 3121 1640 3193 percipiantur,
1663 3139 1738 3194 quae

300 3210 411 3282 legato²
426 3215 515 3267 morte
531 3211 656 3281 legatarii
673 3211 710 3267 ad
726 3210 855 3269 heredem
871 3211 996 3267 redeunt
1757 3228 1786 3267 ιι

264 3302 281 3360 'l
354 3298 506 3356 Uiuianus
527 3297 597 3356 libro
618 3301 841 3371 septuagensimo
858 3313 930 3356 nono
949 3298 985 3353 ad
1002 3297 1131 3354 edictum.
1168 3296 1198 3353 Si
1215 3311 1282 3354 usus
1299 3294 1405 3354 frustm
1422 3298 1579 3354 nominare
1596 3292 1739 3384 Q
1767 3310 1793 3364 E

299 3388 402 3443 tradita
425 3386 589 3443 satisdatum
612 3403 669 3443 nou
690 3386 785 3458 tuerit,
809 3387 940 3443 Proculus
961 3387 1001 3442 ait
1017 3401 1099 3458 posse
1117 3384 1246 3441 heredem
1263 3401 1321 3442 rem
1339 3385 1491 3452 uindicare,
1514 3391 1543 3441 et
1560 3387 1584 3442 si
1601 3386 1739 3444 obiciatur

301 3475 426 3546 exceptio
445 3475 480 3531 de
498 3490 528 3532 re
545 3473 736 3532 ususfructus
754 3476 863 3532 nominc
880 3474 995 3545 tradita,
1014 3473 1201 3545 replicandum
1219 3474 1278 3529 crit
1310 3489 1381 3544 quae
1399 3475 1536 3530 sententis
1552 3474 1636 3532 habet
1653 3478 1737 3534 ratio·

268 3578 281 3623 1
299 3579 376 3620 nem:
395 3563 445 3618 sed
463 3567 491 3619 et
508 3564 570 3635 ipsa
587 3564 728 3635 stipulatio
746 3562 853 3619 conditi
869 3563 979 3634 poterit.
1015 3561 1084 3619 Cum
1102 3577 1169 3618 usus
1186 3560 1292 3618 fructus
1309 3563 1443 3632 pecuniae
1461 3563 1569 3633 legatus
1587 3569 1671 3633 esset,
1690 3581 1738 3621 ex·

299 3652 379 3722 primi
397 3651 499 3707 debent
509 3651 537 3706 hl
549 3651 604 3706 duo
616 3667 697 3706 ossus
709 3652 738 3708 iu
749 3651 937 3720 stipulatione:
956 3651 1025 3707 'eum
1043 3648 1167 3706 morieris
1178 3653 1228 3705 aut
1239 3651 1328 3721 capite
1340 3651 1479 3721 minueris,
1496 3651 1576 3707 dari':
1594 3650 1698 3708 idcireo
1711 3653 1740 3708 hi

299 3737 355 3794 duo
369 3738 421 3794 soli
433 3753 523 3808 casus,
537 3739 665 3810 quoniam
675 3740 806 3810 pecuuiae
817 3754 885 3795 usus
897 3739 976 3796 aliter
987 3739 1078 3795 amitti
1088 3753 1142 3794 nou
1154 3743 1247 3808 potest
1258 3754 1340 3809 quam
1353 3738 1395 3794 his
1407 3738 1526 3796 casibus.
1544 3735 1740 3826 [vj—,Q
1758 3755 1788 3794 ιι

298 3852 454 3924 ΡΙΡΗᾸῙΠ

301 4033 309 4067 ¹
328 4033 406 4085 tutus
418 4031 491 4086 eris?
562 4032 574 4067 ⁸
591 4031 717 4102 quamuis
730 4070 736 4086 .
748 4069 755 4084 .
767 4069 773 4084 .
786 4045 856 4100 quae
867 4030 968 4100 legato]
982 4029 1061 4100 quasi
1073 4045 1107 4085 ex
1118 4027 1273 4085 usufructu
1287 4044 1321 4085 ea
1331 4029 1517 4100 percipiantur
1527 4030 1629 4102 legato,
1645 4031 1741 4102 quae?

300 4179 316 4232 1
335 4192 454 4248 sequens
472 4179 703 4236 committe'rc'tur
721 4179 766 4246 Εὖ,
784 4199 834 4234 cm.
847 4181 887 4235 1²⁶
902 4181 908 4250 1
923 4178 991 4235 dlxi·
1045 4180 1080 4234 28
1096 4179 1192 4235 iubeat
1203 4180 1231 4235 P
1271 4179 1306 4236 29
1324 4179 1359 4234 de
1371 4177 1470 4248 fructu]
1484 4179 1580 4244 ΜΠ,
1599 4178 1634 4235 de
1645 4177 1739 4236 fructo

300 4263 361 4304 mue
378 4247 406 4304 id
425 4250 499 4318 quod
517 4251 556 4305 bis
574 4251 620 4304 1Μ
637 4253 642 4318 Ι
662 4252 790 4306 restitutu
806 4251 847 4320 iri]
867 4252 895 4315 F,
914 4251 991 4306 resti-
1044 4251 1092 4314 P·‚
1110 4249 1145 4306 de
1163 4263 1216 4306 usu
1233 4247 1323 4305 frutus
1341 4251 1392 4304 F¹:
1409 4251 1452 4305 isa
1470 4251 1526 4320 περὶ
1545 4247 1630 4314 adeor
1645 4251 1737 4314 oicor,

299 4324 376 4374 tuere
399 4320 487 4386 PLU,
510 4321 666 4376 restitutum
684 4321 717 4376 iri
806 4321 950 4377 2uidetur
967 4321 995 4374 P
1044 4321 1132 4376 ιιιικὲτι
1156 4320 1187 4374 li
1214 4322 1252 4375 κιὶ
1274 4321 1330 4376 ιιεὶ
1353 4321 1402 4383 roi
1429 4320 1562 4391 opoiaror
1588 4323 1737 4392 πιριιχεθΐι

299 4389 464 4446 ilrestituiri
482 4391 511 4455 F,
528 4391 636 4447 restitui
644 4392 716 4468 sPL
792 4393 950 4462 bsusoepit
968 4391 996 4446 P
1045 4393 1158 4455 κιγτίωιι
1171 4341 1339 4462 Βδωιιμὶ)
1354 4392 1361 4459 l
1376 4392 1547 4446 caueturffl
1582 4375 1739 4462 32quinto]

300 4459 424 4516 Slibuii
442 4475 513 4517 nono
530 4461 559 4515 P
609 4463 642 4518 11
666 4463 770 4532 ceperit
791 4464 819 4518 P
868 4465 903 4518 12
924 4477 990 4533 quo·
1043 4476 1116 4518 nono
1134 4462 1182 4528 ΡΙ
1202 4461 1386 4587 1111111111),
1405 4462 1511 4526 1111111,
1529 4461 1599 4516 eti
1619 4463 1624 4528 l
1645 4461 1738 4518 reditu

298 4529 497 4600 tiens'a'quel'
536 4533 570 4586 18
587 4534 714 4602 peruenit
724 4535 877 4605 proprietas
891 4533 991 4589 om.P·
1042 4531 1155 4604 praedii]
1168 4532 1270 4603 prediis
1307 4542 1319 4563 ⁶
1356 4531 1532 4587 33uindimia
1540 4532 1616 4586 FP·
1631 4535 1636 4600 Ι
1651 4537 1729 4588 esset

300 4602 336 4656 20
353 4602 455 4672 potest]
477 4607 541 4673 post
557 4601 599 4657 P⁰
651 4605 685 4659 21
708 4605 771 4659 iaec
788 4608 827 4659 lea
844 4623 901 4660 cam
918 4611 989 4660 cau-
1043 4603 1199 4659 estetF⁶L
1215 4606 1220 4670 Ι
1236 4603 1326 4659 missis
1337 4603 1383 4667 F1,
1396 4603 1498 4658 mensis
1510 4602 1551 4655 P·
1585 4603 1727 4674 allegato

301 4673 400 4728 redeas
422 4678 584 4744 ιοιιιιιιιριιιιι
607 4675 632 4727 F
649 4676 704 4739 (rm.
723 4675 796 4742 m.3)
818 4675 843 4728 L
867 4677 872 4743 Ι
896 4690 989 4730 menu-
1042 4674 1182 4744 Elegata
1213 4673 1293 4727 ΡΜ]
1332 4674 1367 4729 35
1386 4673 1506 4729 edictum
1521 4671 1599 4728 'et'si
1617 4675 1668 4729 1⁴⁴³:
1688 4673 1737 4728 iia

299 4743 406 4798 leiusP
443 4745 478 4799 22
496 4758 575 4798 usum
588 4741 757 4803 ductumP·
797 4745 832 4801 23
850 4745 941 4815 agitur
952 4745 990 4798 F¹
1044 4743 1078 4798 ai
1096 4744 1162 4814 aceti
1198 4745 1305 4809 robers
1323 4745 1350 4799 B
1396 4745 1432 4799 38
1449 4748 1478 4800 et
1495 4743 1585 4798 aar>
1634 4745 1670 4800 39
1687 4745 1737 4800 sti·

300 4814 336 4868 21
357 4812 420 4884 lruc]
438 4813 491 4870 hoo
508 4814 548 4869 P·
591 4815 627 4869 ‘lb
645 4814 809 4870 dolumalum
826 4815 951 4902 ,Flaappt
1042 4815 1210 4885 pulationem
1232 4815 1310 4870 F·‘P
1363 4815 1400 4869 40
1425 4814 1566 4885 pecuniae]
1583 4815 1659 4888 [ΡΠ
1678 4835 1737 4870 casa

300 4885 335 4944 26
353 4882 500 4956 afuturum]
517 4883 638 4940 numm
659 4885 687 4939 P
734 4886 769 4940 27
787 4885 837 4941 ssd
855 4892 884 4942 et
900 4902 925 4942 ιι
968 4885 995 4942 U
1043 4889 1098 4942 loeo
1113 4894 1223 4958 pomino,
1241 4901 1276 4941 ex
1292 4885 1426 4955 pecuniae
1443 4887 1471 4951 F,
1489 4885 1574 4940 mab
