3812 5598
218 251 266 300 ne
288 251 484 302 nsesnrnue
507 253 747 303 rssrrrusrrnrs
904 229 990 310 833
1385 239 1518 308 XXVIII
1538 243 1560 310 b
1580 251 1659 306 1-4

219 391 381 460 scripturum
399 395 525 447 teststnr.
558 393 620 461 qui¹
639 391 742 462 poterit
759 393 842 446 etism
859 391 948 446 trrhns
966 391 1059 448 uerbis
1076 393 1182 462 testeri,
1200 399 1232 448 rrt
1248 395 1336 451 diest:
1355 394 1463 452 ‘Ludus
1481 396 1561 453 heres
1578 395 1659 455 esto':

185 485 282 534 snam
301 486 330 536 et
349 478 429 535 'mihi'
447 485 475 536 ct
493 480 598 536 'Titius'
616 480 748 536 sbundst
775 479 804 535 Si
818 495 853 536 ex
865 479 951 536 inndo
962 477 1062 536 inisset
1073 481 1171 551 sliquis
1183 483 1258 538 seins
1270 484 1421 555 institutus,
1440 487 1514 542 usiet
1525 487 1659 543 institutio

186 567 345 623 tdetrscts
366 567 444 624 fundi
467 571 614 625 mentione.
651 569 681 625 Si
704 575 796 624 sutem
821 571 860 625 sic
883 569 999 625 scribet:
1018 569 1128 626 'Lucius
1152 569 1247 642 heres',
1272 573 1336 628 iicet
1353 589 1408 630 non
1426 575 1558 630 adiecerit
1576 573 1660 646 'esto',

220 657 356 712 credimus
378 659 441 728 pius
460 663 662 729 nuncupatum,
686 659 775 714 minus
795 659 939 728 scriptum:
965 663 993 714 et
1011 658 1035 714 si
1053 660 1104 714 its:
1124 659 1232 716 Lucius
1252 660 1327 732 esto',
1351 663 1511 719 tantundem
1530 665 1660 720 dicimus:

219 761 286 816 ergo
310 751 338 801 ct
362 746 386 802 si
409 747 463 803 its:
481 747 598 804 'Lucius'
617 747 797 804 solummodo.
831 747 975 802 Marcellus
999 762 1055 803 non
1075 749 1241 819 inseptilitsr
1258 763 1313 806 non
1331 757 1412 820 putet
1429 751 1510 808 hodie
1528 752 1580 808 hoc
1597 767 1659 823 pro
1678 761 1692 806 t

219 835 325 890 cedere.
359 835 440 892 diuus
463 842 556 892 sutem
574 837 652 906 Pius,
677 851 739 892 cnm
763 835 874 906 quidem
897 837 1038 905 portiones
1061 839 1132 893 inter
1149 839 1264 894 heredes
1282 837 1468 896 distribuisset
1485 841 1536 896 its:
1555 842 1607 898 'iile
1625 857 1660 898 ex

219 922 304 993 'perte
322 928 389 994 tots,
407 926 453 980 ille
471 941 506 980 er
523 925 590 981 tots·
609 941 660 981 nec
678 925 825 981 adiecisset
843 924 929 980 'heres
948 924 1025 996 esto',
1042 926 1184 996 reson'psit
1201 927 1293 983 uslere
1310 929 1523 986 institutionem:
1541 931 1615 1000 quod
1632 937 1662 987 et

185 1019 200 1064 e
220 1012 366 1079 ilniisnus
384 1015 501 1083 scripsit
531 1015 600 1070 Item
620 1015 701 1070 diuus
713 1015 779 1069 Pius
797 1015 938 1084 resumpsit
955 1013 1008 1070 'ills
1026 1031 1095 1070 uxor
1111 1030 1174 1070 mee
1186 1015 1254 1071 esto’
1266 1017 1465 1075 institutionem
1478 1019 1578 1088 uslere,
1596 1020 1661 1074 iicet
1678 1021 1760 1072 ttos'

185 1109 200 1154 t
219 1101 330 1156 deesset
348 1101 451 1158 heres.
478 1103 554 1159 Idem
573 1103 694 1159 Iulianus
713 1103 794 1158 'illum
814 1102 941 1158 heredem
961 1103 1038 1174 esse‘,
1057 1119 1112 1160 non
1130 1105 1239 1174 putsnit
1256 1105 1356 1176 uslere,
1375 1108 1503 1177 quonism
1522 1108 1601 1164 deest
1612 1109 1660 1166 eli·

219 1189 297 1260 quid:
317 1191 366 1246 sed
385 1195 413 1246 ct
431 1191 491 1260 ipss
510 1191 614 1246 usiebit
631 1190 776 1247 subaudita
794 1190 900 1247 iubeo',
1680 1206 1708 1246 ro

181 1276 200 1334 2
270 1280 349 1335 lnnrs
366 1279 436 1335 libro
454 1279 577 1336 secundo
595 1281 631 1336 sd
644 1279 784 1337 Sabinum.
817 1279 897 1335 Circe
915 1295 972 1349 eos,
991 1281 1038 1350 qni
1056 1281 1096 1336 its
1114 1280 1230 1337 heredes
1242 1281 1360 1338 instituti
1373 1283 1441 1340 sint:
1460 1284 1502 1340 'cx
1521 1279 1701 1368 [We

217 1365 350 1439 'pertibus
368 1383 437 1438 quus
455 1368 644 1439 cdscripsew',
662 1384 717 1424 non
729 1372 809 1439 putet
821 1369 964 1424 hisrcolins
977 1383 1025 1424 eos
1037 1368 1152 1426 heredes
1165 1370 1246 1426 nullis
1258 1371 1403 1441 adscriptis
1414 1361 1660 1445 partibusffem·

219 1457 366 1513 sdmodunr
385 1457 408 1512 si
426 1458 466 1512 its
483 1463 576 1512 essent
594 1457 709 1514 heredes
726 1457 858 1512 instituti:
878 1457 908 1514 'si
927 1459 966 1514 eis
984 1463 1077 1528 partes
1095 1457 1283 1529 sdsoripsero'.
1315 1461 1364 1516 sed
1384 1463 1472 1531 msgis
1491 1467 1548 1531 est,
1570 1470 1603 1519 ut
1620 1465 1660 1519 sic

220 1551 334 1616 numne
357 1546 493 1602 institutio
515 1547 679 1617 accipietur,
704 1547 728 1602 si
746 1547 874 1602 nolentes
892 1545 1015 1602 defuncti
1032 1561 1088 1602 non
1105 1545 1271 1616 reirsgstnr:
1291 1547 1333 1604 'ex
1351 1549 1451 1619 quibus
1468 1552 1594 1620 pertibus
1612 1551 1659 1606 sd·

218 1633 373 1705 scripsero,
399 1635 424 1690 si
446 1635 550 1705 minus,
574 1634 738 1705 exsequis,
762 1635 841 1704 qussi
859 1635 960 1705 duplici
977 1633 1052 1691 r'scts
1069 1635 1253 1692 institutione:
1277 1651 1359 1707 quern
1379 1639 1543 1694 sententiam
1563 1639 1660 1694 Oelsns
1680 1649 1708 1690 rs

217 1722 287 1779 lrbro
305 1727 384 1780 sexto
402 1723 509 1780 decimo
527 1725 695 1794 digestorum
714 1724 821 1796 probet.
849 1724 929 1780 siiter
946 1727 1029 1793 etque
1046 1722 1147 1793 probet
1157 1723 1186 1779 in
1198 1723 1244 1780 ills
1254 1725 1440 1782 institutione:
1460 1725 1502 1782 ‘ox
1515 1743 1570 1796 qus
1581 1733 1660 1797 psrte

218 1811 270 1868 'me
289 1813 378 1868 Titine
397 1812 524 1868 heredem
543 1814 666 1883 scripsit,
685 1813 766 1869 Seius
783 1812 863 1868 heres
881 1810 963 1868 eeto':
985 1815 1051 1868 tunc
1069 1813 1142 1869 enirn
1161 1813 1184 1868 si
1202 1829 1257 1870 non
1275 1819 1319 1869 est
1336 1831 1353 1869 s
1370 1815 1444 1871 Titio
1462 1817 1589 1886 scriptus,
1608 1831 1660 1872 nec

220 1901 301 1956 Seius
319 1901 354 1956 sb
373 1917 419 1971 eo,
438 1902 656 1958 necimmerito:
679 1901 724 1958 hio
742 1902 815 1956 enim
833 1901 953 1958 ereditur
971 1901 1061 1956 inesse
1080 1900 1213 1958 condicio.
1245 1902 1294 1958 sod
1312 1903 1456 1959 hisrcelius
1474 1905 1542 1960 hsec
1560 1905 1660 1961 similis

186 1999 199 2043 t
219 1997 307 2062 putet.
344 1991 440 2046 Potest
458 1997 548 2047 entem
566 1991 712 2060 interesse,
730 1994 823 2046 utrum
842 1991 881 2046 its
898 1991 961 2060 quis
979 1989 1094 2044 scribsi:
1114 1989 1156 2046 'ex
1173 1988 1216 2046 his
1234 1991 1358 2062 pertibus
1376 2007 1445 2063 ques
1464 1991 1606 2064 sdscripsi'
1624 2009 1660 2050 cn

219 2079 414 2148 'sdscripseso’,
438 2084 469 2135 nt
491 2080 625 2150 superiori
645 2079 725 2134 modo
744 2079 820 2134 dicus
838 2079 919 2134 nullis
937 2078 1083 2148 sescnptis
1101 2078 1227 2149 pertibus
1245 2081 1347 2137 nuliam
1365 2095 1428 2136 esse
1444 2083 1659 2138 institutionem:
1679 2089 1708 2130 ιο

219 2168 358 2237 quomodo
381 2169 410 2224 in
431 2169 477 2224 ilio
496 2169 653 2224 Marcellus:
672 2169 714 2224 ‘ex
732 2168 775 2223 his
792 2167 931 2239 pertibus,
956 2181 991 2222 ex
1009 2167 1108 2238 quibus
1126 2173 1292 2226 testsmento
1310 2171 1405 2226 metris
1423 2171 1517 2242 scripti
1535 2168 1659 2241 fuissent,

220 2255 341 2312 heredes
358 2256 457 2327 sunto',
476 2257 499 2312 si
517 2258 649 2313 intestets
666 2261 753 2312 mster
771 2255 930 2326 decesserit,
948 2255 998 2310 hos
1016 2271 1072 2312 non
1089 2271 1152 2312 esse
1169 2257 1320 2314 institutos,

181 2342 201 2401 3
272 2347 351 2401 Innrr
372 2345 441 2402 hbro
465 2346 545 2401 tertio
569 2345 604 2400 sd
624 2345 765 2401 Sebinum.
801 2345 903 2401 Seruus
927 2345 1032 2401 rhenus
1055 2346 1100 2400 uei
1123 2347 1260 2402 totusue!
1278 2351 1424 2418 properte
1442 2347 1501 2403 sine
1519 2341 1699 2431 Qut
1801 2347 1805 2358 '

185 2443 199 2490 1
219 2433 346 2490 libertate
369 2433 448 2490 heres
472 2435 577 2490 institui
599 2439 699 2505 potest.
737 2433 766 2491 Si
784 2449 894 2490 sernum
914 2447 1003 2488 mcum
1023 2447 1091 2504 pure
1109 2433 1236 2490 heredem
1256 2437 1403 2506 scripsero,
1426 2435 1479 2490 sub
1497 2437 1658 2494 condicione

184 2533 200 2578 2
218 2523 347 2592 liberum,
366 2523 491 2580 differtur
508 2525 642 2579 institutio
662 2524 690 2578 in
708 2524 736 2578 id
754 2528 877 2592 tompus,
896 2537 950 2592 qno
968 2522 1081 2578 lihertss
1099 2523 1166 2579 dats
1184 2529 1234 2580 est.
1271 2523 1300 2578 Si
1319 2525 1380 2594 quis
1398 2525 1437 2580 its
1455 2525 1608 2595 scripserit:
1627 2523 1658 2580 'si
1677 2533 1706 2575 tt

219 2613 317 2668 Titius
334 2612 414 2669 heres
433 2613 497 2682 erit,
522 2611 601 2667 Seios
619 2612 699 2668 heres
717 2616 791 2667 esto:
810 2611 899 2666 Titius
917 2610 996 2666 heres
1014 2611 1091 2681 ssto',
1109 2613 1188 2682 qussi
1207 2614 1322 2684 quseuh
1340 2613 1465 2668 condicio
1482 2619 1659 2684 exspectetur

185 2710 201 2757 t
219 2701 285 2758 Titii
303 2701 402 2771 edicio,
425 2705 456 2757 ut
473 2701 553 2757 Seius
572 2701 650 2756 heros
667 2698 730 2756 tint:
755 2706 783 2755 et
801 2713 868 2754 sane
886 2703 915 2754 et
932 2699 1037 2756 Iuliano
1055 2705 1083 2756 et
1100 2701 1270 2758 Tertulliano
1288 2699 1340 2756 hoc
1358 2701 1475 2756 uidetur.
1512 2702 1564 2768 Qui
1581 2700 1658 2758 fidei·

219 2792 393 2847 commissum
415 2790 570 2848 libertatem
596 2789 648 2846 sub
666 2789 827 2846 condicione
844 2787 964 2858 recepit,
987 2793 1080 2858 potest
1097 2788 1132 2845 sb
1150 2789 1251 2846 herede
1268 2805 1337 2860 pure
1355 2805 1417 2844 oum
1435 2788 1562 2846 libertate
1579 2791 1659 2853 heres

219 2879 324 2936 institui
348 2885 377 2935 et
393 2895 449 2934 non
467 2883 629 2949 exspectetur
647 2879 806 2935 condicione
823 2877 976 2933 iibertstem
995 2881 1024 2933 st
1041 2877 1222 2934 hereditatem
1241 2877 1418 2948 consequitur
1435 2883 1464 2934 et
1481 2880 1534 2934 erit
1550 2879 1658 2934 interim

218 2969 402 3025 nodomarius:
421 2969 467 3024 et¹
484 2969 619 3023 existente
637 2966 798 3022 condicione
815 2967 985 3022 uoluntarios
1003 2965 1082 3022 heres
1101 2963 1243 3036 efficietur,
1261 2969 1292 3020 nt
1310 2981 1364 3022 non
1377 2966 1486 3022 desinet
1497 2967 1575 3022 heres
1587 2983 1657 3039 esse,
1676 2977 1706 3018 ro

183 3061 268 3116 ssed
290 3065 322 3114 ut
338 3060 383 3114 ius
399 3057 427 3112 in
449 3071 482 3112 eo
501 3061 623 3112 mutetur
640 3055 830 3112 successionis.
864 3053 1018 3124 Aperturse
1036 3054 1191 3110 tebnisrum
1210 3055 1304 3111 ddstio
1322 3055 1469 3110 necessarii
1488 3055 1597 3111 heredis
1614 3057 1657 3112 ins

218 3165 273 3205 non
291 3151 387 3217 mutet,
406 3151 437 3202 ut
455 3146 575 3202 sciemus
593 3145 621 3199 in
639 3143 788 3199 substituto
806 3143 955 3214 impuberis
973 3143 1076 3200 dicere:
1095 3159 1158 3200 nem
1178 3147 1222 3200 est
1237 3144 1363 3214 relatum,
1382 3143 1406 3199 si
1424 3159 1455 3200 se
1467 3143 1657 3215 edrogsndum

218 3238 325 3295 dederit
342 3235 507 3293 substitutus
525 3233 659 3304 impuberi
677 3229 799 3288 (inuncti
816 3230 896 3303 filins,
915 3234 1098 3288 necessarium
1117 3247 1179 3288 eum
1197 3231 1265 3288 iore.

178 3325 200 3382 4
271 3327 349 3382 lnnnr
366 3323 434 3380 libro
452 3327 549 3392 quurto
568 3321 604 3376 sd
621 3321 762 3378 Sabinum.
789 3319 989 3392 huncquoque
1007 3321 1086 3378 heres
1105 3320 1157 3378 sub
1175 3320 1336 3377 condicione
1348 3319 1427 3376 heres
1439 3325 1499 3391 pot·
1518 3315 1697 3404 [Hc—{38

218 3422 262 3472 est
284 3413 404 3470 institui:
428 3411 477 3468 sed
501 3409 679 3481 excipiendus
703 3415 746 3466 est
766 3407 851 3480 filins,
875 3411 1011 3480 quianon
1030 3409 1082 3466 sub
1100 3411 1174 3466 omni
1192 3409 1352 3465 condicione
1370 3409 1476 3465 institui
1492 3414 1593 3480 potest
1629 3416 1658 3465 et
1676 3419 1705 3461 rs

218 3504 328 3576 quidem
347 3502 399 3558 snb
417 3516 451 3556 ee
468 3499 643 3569 condicione,
665 3513 736 3568 quse
754 3503 798 3554 est
815 3499 843 3554 in
861 3503 999 3569 poteststs
1017 3499 1117 3569 ipsius,
1136 3503 1241 3570 potest:
1260 3498 1295 3554 de
1313 3497 1365 3554 hoc
1382 3499 1455 3554 enim
1473 3499 1545 3554 inter
1562 3513 1657 3554 omnes

217 3597 335 3650 constet.
369 3591 418 3646 sed
437 3595 528 3646 utrum
547 3589 587 3644 ite
604 3589 713 3644 domurn
731 3587 867 3644 institutio
885 3588 1013 3643 eticorum
1031 3585 1146 3658 habeut,
1167 3587 1190 3642 si
1208 3587 1329 3656 paruerit
1347 3585 1514 3657 condicioni,
1534 3603 1569 3643 sn
1587 3591 1616 3642 et
1634 3587 1658 3642 si

217 3697 272 3738 non
294 3681 417 3752 peruerit
434 3683 463 3734 et
481 3678 618 3734 decessit?
650 3677 772 3732 Iulianus
789 3680 870 3746 putst
887 3675 972 3732 tilium
991 3674 1043 3730 sub
1061 3674 1196 3731 eiusmodi
1214 3675 1374 3731 condicione
1391 3675 1546 3732 institutum
1565 3677 1657 3746 etism,

217 3771 241 3826 si
259 3768 413 3826 condicioni
431 3784 485 3824 non
503 3767 632 3838 paruerit,
650 3769 816 3822 summotum
836 3779 906 3834 esse,
925 3768 954 3820 et
971 3763 1034 3820 ideo
1052 3764 1075 3820 si
1094 3763 1256 3820 coheredem
1269 3763 1370 3820 hsbest
1382 3765 1421 3818 its
1433 3764 1583 3834 institutus,
1602 3779 1657 3821 non

216 3859 319 3914 debere
336 3873 399 3913 eum
418 3861 586 3926 exspectare,
605 3855 693 3910 donec
711 3853 863 3910 condicioni
881 3858 977 3922 pereat
995 3852 1075 3923 tilius,
1094 3869 1156 3908 cum
1170 3854 1215 3908 et·
1228 3853 1251 3908 si
1263 3859 1370 3923 petrem
1382 3853 1540 3908 intestatum
1553 3850 1658 3909 feceret
1676 3860 1704 3902 ⁴⁰

216 3963 272 4004 non
295 3945 417 4018 parendo
441 3944 607 4013 condicioni,
630 3944 727 4014 procui
747 3943 830 3998 dubio
849 3945 1009 4012 exspectare
1027 3941 1149 3998 deberet.
1180 3957 1251 4013 quse
1270 3943 1407 3997 sententis
1423 3940 1572 4012 probabilis
1590 3941 1657 3997 mihi

215 4037 338 4107 uidetur,
363 4041 394 4091 ut
412 4034 464 4091 sub
482 4049 516 4090 cs
534 4033 694 4090 condicione
712 4033 868 4102 institutus,
887 4045 958 4101 quse
975 4031 1005 4086 in
1023 4029 1135 4086 arbitrio
1154 4031 1213 4086 eius
1231 4029 1280 4101 sit,
1299 4035 1404 4102 petrem
1422 4031 1583 4086 intestatum
1601 4047 1656 4086 non

214 4142 439 4212 nwnosro)

217 4295 225 4330 ¹
235 4295 350 4364 firmant
366 4291 395 4345 B
411 4287 463 4358 (ssi
483 4289 543 4344 uois
561 4289 629 4344 udus
645 4289 746 4358 ptinere
764 4287 917 4359 hir-pieros
928 4287 1110 4344 trsrrotusrroc
1124 4287 1231 4348 hissrsr
1249 4286 1333 4352 thr-err:
1353 4286 1467 4359 Ttpuo.):
1485 4286 1552 4355 quin
1570 4286 1656 4358 (Byrr-

215 4361 369 4430 terme?
439 4359 539 4416 'sedi
609 4361 733 4416 'etdet

215 4513 344 4568 loernis
357 4513 392 4564 1²¹
437 4509 663 4566 thebundstffl
680 4512 684 4577 Ι
700 4509 851 4579 institutus]
868 4509 908 4564 in·
961 4513 1037 4564 totns
1055 4509 1099 4563 uei
1116 4521 1167 4578 pro
1185 4507 1273 4592 perte]
1283 4509 1396 4578 firmant
1414 4509 1440 4561 Β
1457 4507 1583 4578 (Ttpos.):
1607 4504 1655 4559 ros

213 4584 353 4639 eritntrffl
399 4580 553 4638 iuaiere't'
566 4581 604 4634 F²
648 4583 682 4636 10
698 4581 854 4638 subauditio
867 4583 893 4635 F
901 4581 906 4651 Ι
962 4579 1160 4649 ἰΞὸΛοιιΑιιρογ
1183 4597 1198 4630 ιι
1223 4577 1251 4632 ὲκ
1275 4579 1373 4650 :reposo
1396 4577 1534 4648 internos
1557 4577 1655 4638 scitos

213 4654 332 4711 inhe‘b'o
351 4655 389 4708 F’
434 4655 466 4708 11
486 4653 550 4722 sint]
565 4653 609 4715 F1,
627 4653 743 4708 contre
789 4655 822 4707 12
838 4668 907 4708 mnr-
961 4653 997 4706 26
1014 4657 1075 4706 esto
1092 4651 1183 4704 titium
1197 4649 1234 4701 F·
1278 4651 1312 4704 22
1328 4648 1523 4720 tertyllisnoF
1562 4648 1597 4702 29
1609 4651 1656 4702 *et*

214 4727 346 4782 eedosF·
360 4726 365 4792 1
381 4723 536 4780 heredisF¹
569 4725 602 4778 17
612 4725 704 4778 *seius
712 4723 750 4776 1³²
781 4723 907 4793 18seins]
961 4723 1014 4777 erit
1031 4722 1069 4776 F'
1113 4723 1148 4775 32
1166 4721 1287 4776 solumus
1306 4721 1341 4774 Ρ
1383 4721 1419 4775 35
1436 4715 1656 4774 non'obcerncri'

214 4799 275 4854 eius
293 4797 320 4851 F
369 4797 403 4852 19
422 4798 459 4850 cd
474 4800 555 4865 putat
572 4796 722 4850 mertun:
738 4794 809 4849 mulo
827 4813 908 4868 sopra
962 4792 1014 4849 sub
1033 4791 1106 4847 omni
1124 4791 1161 4845 Γ*
1177 4795 1181 4855 Ι
1197 4791 1361 4846 condicione
1381 4792 1418 4844 F·
1459 4791 1496 4844 40
1514 4793 1655 4858 exspecta·

213 4891 239 4925 s.
261 4869 304 4934 D,
330 4867 395 4922 iicet
420 4881 564 4938 perperam
591 4865 744 4935 R[ogerius]
774 4865 819 4920 EI
836 4867 841 4933 Ι
861 4868 908 4924 sd-
962 4861 1070 4920 re't'F⁸
1087 4863 1267 4930 {condicione
1286 4863 1323 4916 F·
1371 4863 1405 4917 41
1425 4859 1577 4916 condicioni
1594 4875 1656 4930 pro·

214 4939 321 5066 scripsi}
347 4938 478 5008 sdsoripti
496 4939 531 4991 Ρ
585 4939 617 4992 21
644 4937 748 5007 matris]
767 4939 854 5006 petris
872 4941 910 4997 F·
963 4935 1007 4990 cul
1076 4933 1190 4990 deberet
1206 4935 1292 4989 tow
1336 4933 1372 4989 42
1390 4932 1560 5002 inteststum]
1579 4931 1655 4987 insti-

214 5014 251 5068 22
293 5011 457 5067 eredesunto
481 5011 507 5064 F
555 5010 590 5064 23
613 5024 711 5064 seruus
737 5009 842 5066 alienus
864 5017 912 5078 uel
964 5007 1053 5063 tuthm
1073 5007 1107 5059 F·

1406 5095 1442 5149 5³
