3720 5544
802 225 920 292 XVIIII

150 395 329 466 elaborarunt,
352 405 446 454 tamen
469 401 530 454 aliis
553 401 672 455 sollertia
693 398 794 469 deicit,
819 400 879 456 eliis
898 402 1052 456 constantia
1075 401 1221 472 propositi,
1245 401 1363 472 denique
1382 403 1488 473 studia,
1507 420 1579 474 qnae

149 505 250 557 merulo
262 504 371 561 decimo
383 511 462 561 sexto
475 506 519 562 nel
532 507 614 561 etiam
627 505 734 562 decimo
746 511 846 562 octauo
864 507 939 562 omui
957 521 992 562 ex
1010 511 1088 577 parte
1101 505 1244 576 probanda
1256 508 1343 562 uideri
1360 513 1496 580 poterent,
1515 514 1580 579 post

148 625 174 664 se
190 611 298 680 reliquit
315 612 450 682 perpolita
467 611 549 668 huius
567 613 668 668 aetatis
690 613 890 684 philologorum
908 613 1045 682 doctriua,
1068 612 1151 670 modo
1172 615 1220 683 qui
1244 613 1324 670 hodie
1347 621 1412 670 suut
1429 615 1579 686 prudentes

147 716 308 772 abonorum
327 719 479 774 studiorum
500 719 690 774 commuuione
708 735 743 774 ue
762 719 945 776 desciuissent
962 718 1019 776 sere
1037 725 1065 775 et
1081 719 1181 775 indies
1199 721 1288 790 magis
1307 721 1500 778 desciscerent.
1528 723 1578 778 ita-

147 839 193 893 que
218 826 332 880 tertium
355 829 419 896 post
442 826 598 881 Tourslluuu
623 841 649 881 a.
668 827 773 894 1862s3
798 841 858 882 meo
885 826 962 882 iussu
986 824 1083 882 librum
1109 831 1290 882 excusserunt
1319 828 1374 884 dno
1398 829 1449 884 uiri
1474 829 1578 884 streuui

144 931 273 999 peritique
297 931 442 1002 Adolplrus
467 933 621 1002 Kiessling,
649 933 696 1002 qui
723 933 839 988 eontulit
865 932 964 989 librum
989 949 1006 989 a
1030 933 1120 1004 capite
1147 948 1233 1002 usque
1261 933 1296 990 ad
1325 934 1405 991 huius
1429 935 1577 991 ed.uol.1

144 1038 242 1106 pose,
267 1043 297 1092 et
316 1038 460 1108 Angustus
478 1038 688 1109 Reifferscheid,
713 1040 760 1110 qui
783 1039 880 1110 relegit
903 1040 1020 1111 reliqna,
1044 1043 1148 1096 utnon
1166 1041 1255 1096 solum
1277 1040 1312 1096 ad
1336 1042 1492 1112 primarium
1512 1041 1577 1096 scri·

144 1149 244 1212 pturasu
273 1145 461 1214 attenderent,
494 1145 544 1202 sed
572 1147 654 1202 etiam
682 1146 804 1202 cuiusuis
830 1147 930 1202 aetatis
957 1145 1162 1202 emendationes
1189 1147 1217 1201 iu
1245 1162 1279 1202 eo
1309 1146 1379 1202 libro
1410 1145 1577 1217 perscriptas

143 1251 195 1319 pni
212 1250 358 1320 diligentia
376 1257 519 1308 enotareut
537 1267 689 1322 manusque
707 1253 915 1308 emendatorum
937 1259 1072 1323 quatenus
1090 1251 1149 1308 fieri
1167 1258 1263 1324 posset
1281 1254 1317 1309 ad
1339 1255 1462 1324 siugulas
1485 1269 1576 1310 emen·

143 1355 262 1412 dationes
285 1358 496 1428 distinguerent.
527 1365 671 1429 praeterea
693 1375 756 1414 curu
779 1358 935 1415 conferrent
956 1358 1055 1414 librum
1078 1375 1140 1415 eum
1165 1359 1285 1416 editione
1307 1359 1511 1430 Geboucriana,
1536 1365 1576 1416 at·

142 1463 248 1519 tendere
267 1480 318 1520 eos
335 1466 403 1520 iussi
422 1465 502 1520 simul
521 1465 556 1520 ad
575 1481 616 1536 ea,
634 1481 706 1535 quae
725 1465 760 1520 de
777 1465 934 1520 Florentino
952 1463 1020 1521 libro
1039 1465 1066 1520 in
1086 1467 1158 1522 notis
1177 1467 1327 1522 afferuntur
1345 1473 1458 1522 anctore
1476 1467 1576 1522 Breuc-

141 1585 243 1639 nanuo,
263 1587 353 1640 eaque
372 1575 421 1629 eut
438 1569 599 1627 confirmare
617 1573 774 1628 testimonio
789 1586 841 1627 suo
853 1577 901 1626 aut
913 1571 1073 1627 emendare:
1092 1573 1184 1642 itaque
1204 1572 1250 1629 ubi
1269 1573 1354 1628 editio
1372 1573 1441 1628 hoec
1459 1573 1577 1628 discedit

141 1677 415 1734 aBrsncmannisnis
433 1677 583 1748 Gebaueri,
608 1679 636 1734 id
658 1677 731 1748 quod
750 1692 833 1748 saepe
851 1675 883 1734 fit
900 1679 1018 1734 maxime
1036 1679 1065 1734 iu
1083 1678 1191 1735 iudiciis
1208 1679 1243 1734 de
1262 1679 1482 1735 emendationum
1502 1686 1576 1735 seta·

140 1782 208 1838 ntus
230 1789 260 1839 et
282 1783 456 1854 auctoribus,
480 1784 532 1840 hoc
554 1783 657 1841 iactum
681 1800 736 1840 uon
754 1785 867 1841 estoisi
885 1785 1021 1840 contraria
1039 1785 1186 1841 testatione
1204 1801 1341 1856 perpensa
1359 1787 1432 1840 etin
1450 1801 1479 1841 re
1498 1801 1575 1856 prue-

140 1891 205 1944 senti
222 1891 336 1946 reiecta.
364 1891 483 1961 denique
499 1907 540 1962 ea,
559 1890 706 1962 dequibus
725 1897 830 1962 postea,
850 1891 1025 1947 Grooouiona
1037 1893 1197 1961 praesertim
1211 1892 1355 1948 collatione
1367 1891 1498 1962 adhibita,
1518 1909 1574 1948 am-

139 1996 226 2068 bigere
244 2000 341 2069 coepi,
365 2013 531 2068 quamquam
551 2013 584 2054 ea
602 2013 691 2068 pauca
708 1995 819 2054 fuerunt
843 2002 871 2054 et
891 1997 950 2054 fere
968 1999 1083 2069 exigua,
1108 2005 1200 2054 nmen
1219 1999 1311 2054 omnia
1329 1997 1443 2054 submisi
1461 1998 1573 2054 Reiffer-

138 2105 253 2161 scheidio
271 2121 300 2160 ι.
314 2106 383 2160 1866
402 2105 430 2160 in
449 2105 555 2160 ltaliam
573 2121 685 2160 reuerso
691 2147 698 2175 ,
716 2109 748 2161 ut
766 2106 864 2160 iterate
881 2104 942 2160 libri
961 2104 1131 2174 inspectione
1149 2103 1262 2160 dubium
1282 2105 1442 2160 solueretur.
1474 2104 1574 2160 deiude

138 2218 194 2280 post
219 2213 375 2268 discessum
398 2211 614 2267 Reifferscheidii
642 2227 759 2281 magnae
788 2212 867 2266 molis
891 2211 1060 2267 uoluminum
1083 2211 1264 2281 impressione
1290 2227 1340 2282 per
1366 2212 1458 2282 plures
1486 2227 1573 2267 annos

138 2323 255 2374 extante
278 2319 394 2388 aliisque
418 2322 450 2374 nt
471 2317 503 2373 iit
526 2325 590 2389 post
608 2319 676 2374 alias
694 2317 910 2374 dubitationibus
928 2331 1011 2387 opere
1029 2317 1222 2387 progrediente
1241 2316 1470 2374 subnascentibus
1488 2317 1516 2372 in
1534 2319 1573 2373 lo·

137 2439 192 2479 eum
214 2427 276 2480 eius
296 2425 428 2496 deinceps
445 2429 639 2481 successerunt
656 2425 701 2480 elii
719 2425 771 2480 uiri
789 2425 864 2481 docti
882 2429 911 2480 et
929 2423 994 2480 mihi
1013 2423 1106 2494 amici,
1125 2425 1286 2494 praesertim
1304 2425 1463 2494 Kruegerns
1482 2425 1572 2495 operis

137 2532 234 2602 socius,
258 2533 309 2602 qui
326 2537 356 2588 et
373 2533 427 2587 alia
445 2547 508 2587 cum
526 2530 617 2588 sruetn
635 2533 804 2588 examinanit
821 2537 849 2588 et
865 2535 923 2586 tres
942 2531 1036 2586 titulos
1055 2533 1079 2600 1,
1095 2531 1120 2586 2.
1140 2532 1182 2602 28,
1196 2533 1221 2587 2.
1240 2531 1314 2602 34,3
1333 2531 1368 2586 ad
1387 2531 1457 2587 hano
1475 2531 1571 2586 editio·

137 2654 192 2694 uem
208 2639 303 2694 denuo
321 2655 384 2694 eum
403 2639 552 2709 exemplari
571 2639 697 2708 contulit,
722 2645 751 2694 et
769 2635 904 2693 Rudollus
922 2635 1086 2706 Schoelliue,
1110 2638 1190 2693 cuius
1212 2653 1262 2708 per
1284 2637 1389 2708 aliquot
1405 2651 1491 2694 annos
1509 2637 1570 2692 Flo·

135 2748 231 2802 reutiee
254 2745 384 2816 degentis
407 2745 538 2801 auxilium
561 2746 722 2816 saepissime
740 2759 829 2814 neque
847 2760 976 2814 nmquam
995 2742 1097 2800 trustra
1114 2743 1300 2815 aduocabam,
1323 2745 1389 2800 item
1409 2743 1570 2800 Theodorus

134 2853 254 2924 fleysns,
275 2853 419 2909 Gusteuue
437 2852 565 2922 Parthey,
584 2853 718 2906 Ernestus
736 2851 840 2920 Rohde‚
860 2851 970 2906 Aeneas
982 2849 1084 2906 Siluius
1095 2851 1271 2908 Piccolominl
1289 2851 1388 2922 aliique
1406 2867 1461 2907 nou
1479 2851 1569 2922 pauci,

134 2975 149 3013 a
164 2960 262 3029 quibus
281 2961 443 3030 praestitam
458 2959 524 3014 mibi
537 2974 647 3028 operam
661 2965 692 3014 ut
704 2965 783 3028 grato
796 2959 887 3013 animo
900 2957 1068 3029 reminiscor,
1087 2959 1126 3013 ita
1137 2958 1213 3029 ipsos
1225 2973 1335 3029 quoqne
1348 2956 1456 3014 conlido
1468 2957 1568 3013 uastis·

134 3066 187 3121 simi
204 3073 232 3122 et
250 3067 391 3122 utilissimi
408 3065 471 3121 libri
490 3080 544 3122 nou
562 3063 642 3120 facile
661 3063 845 3120 absolueudae
859 3065 1059 3121 retractationis
1072 3065 1236 3121 adiutorium
1255 3065 1351 3120 libenti
1369 3064 1460 3120 auimo
1478 3079 1568 3120 recor·

134 3172 238 3230 daturos
261 3189 335 3229 esse.
363 3173 476 3228 eiciam
495 3188 556 3227 eum
576 3187 638 3228 mea
656 3175 816 3241 operatum
834 3171 941 3227 illorum
959 3171 1094 3227 industria
1112 3173 1156 3227 uel
1174 3171 1202 3226 in
1221 3170 1339 3227 minimis
1357 3170 1392 3226 de
1410 3171 1568 3227 Florentius

133 3279 240 3336 lectione
259 3281 330 3334 satis
348 3279 458 3335 uidetur
475 3283 602 3334 constare
619 3283 802 3350 poteruntque
820 3279 917 3349 opinor
937 3278 984 3348 qui
1002 3278 1069 3334 ioris
1087 3279 1186 3334 studiis
1204 3293 1315 3348 operam
1334 3277 1402 3333 dant
1419 3278 1447 3333 in
1466 3277 1566 3334 disere·

133 3388 218 3454 pantio
241 3387 397 3456 scripturae
419 3402 453 3442 ex
475 3385 545 3441 libro
568 3385 724 3440 Florentino
745 3385 774 3439 iu
794 3384 846 3440 hac
868 3385 988 3441 editione
1012 3389 1123 3440 enomta
1144 3385 1308 3440 testimoniis
1329 3382 1366 3439 ibi
1387 3399 1496 3455 quoque
1518 3383 1566 3439 ad·

133 3493 280 3562 quiescere,
309 3491 356 3548 ubi
382 3491 538 3562 refragatur
565 3491 729 3547 testimoniis
754 3495 896 3547 anctorum
920 3491 1113 3561 antiquiorum.
1150 3507 1214 3548 uem
1241 3491 1277 3546 de
1300 3488 1437 3547 erroribus
1461 3505 1565 3560 eorum,

132 3601 240 3655 maxime
252 3599 377 3655 Taurelli
389 3605 417 3655 et
428 3599 619 3670 Breucmanni,
631 3599 659 3653 iu
672 3597 749 3653 uaria
760 3598 877 3654 lectione
889 3598 1049 3668 plerumque
1063 3598 1135 3654 tecm
1148 3596 1185 3653 ibi
1199 3602 1306 3654 tantum
1321 3597 1458 3652 mentone
1470 3611 1565 3652 eornm

132 3703 207 3776 ficta,
228 3706 279 3762 ubi
301 3707 392 3761 iustae
412 3705 576 3760 dubitationi
597 3703 794 3760 occurrendum
815 3719 877 3760 esse
895 3703 1097 3773 intellegebam.
1125 3703 1335 3774 diligentissima
1356 3708 1447 3759 nutem
1472 3703 1565 3758 nanae

131 3811 244 3868 lectionis
257 3813 391 3869 indicatio
403 3811 432 3868 in
445 3811 498 3867 lroc
510 3817 584 3866 certe
596 3810 665 3866 libro
678 3811 789 3866 minime
801 3826 973 3881 superuacua
985 3815 1036 3880 est,
1050 3825 1112 3866 eum
1125 3811 1153 3866 in
1166 3810 1326 3881 quaestione
1340 3810 1564 3880 implicatissima,

131 3925 257 3986 quatenus
276 3919 392 3975 secundi
409 3917 512 3975 ordinis
529 3917 590 3973 libri
608 3917 738 3987 descripti
756 3932 818 3972 esse
836 3916 924 3972 uideri
941 3918 1050 3987 possint
1066 3931 1101 3972 ex
1118 3917 1284 3986 Florentino,
1303 3917 1386 3971 etiam
1407 3931 1457 3972 eae
1476 3921 1564 3972 muta·

130 4023 208 4080 tiones
224 4029 398 4082 momentum
417 4041 497 4080 enum
515 4024 649 4095 habeant,
674 4038 746 4094 quoe
769 4039 824 4079 non
848 4021 952 4079 habent
974 4024 1010 4079 ad
1034 4023 1178 4079 lectionem
1197 4022 1424 4079 constituendam.
1456 4021 1564 4077 accedit

131 4129 194 4186 aliud
211 4133 297 4204 idque
315 4133 518 4202 grauissimum,
537 4131 610 4202 quod
624 4115 697 4187 ‘liber
713 4131 886 4185 Florendnus
904 4129 1001 4186 eadem
1021 4135 1112 4186 aetate
1130 4145 1185 4200 qua
1203 4130 1322 4200 ecrtptus
1340 4135 1384 4185 est
1401 4134 1562 4200 perpetuam

132 4239 340 4296 emendationem
353 4239 440 4294 subiit
450 4239 486 4293 ad
505 4239 659 4308 exemplum
672 4237 841 4307 digestorum
854 4237 1073 4307 antiquissimum
1091 4241 1120 4292 et
1132 4237 1264 4307 optimum
1279 4235 1440 4306 confectam,
1459 4242 1491 4292 ut
1507 4236 1563 4291 iam

131 4358 191 4400 unus
207 4346 277 4403 liber
295 4345 413 4401 duorum
430 4346 577 4400 insternit:
596 4345 624 4400 id
643 4344 716 4415 quod
735 4359 901 4414 quemquam
920 4348 984 4398 ante
1003 4358 1053 4398 uos
1072 4359 1243 4413 nequaquam
1263 4342 1450 4414 ignorabatur,
1469 4349 1561 4398 tamen

132 4457 253 4518 quatenus
266 4453 412 4525 perueniat
425 4467 497 4507 nunc
509 4450 619 4505 demum
632 4451 807 4520 intellegimr,
826 4466 888 4506 oum
901 4465 936 4504 ex
948 4422 1185 4505 emendationibus
1197 4465 1295 4504 manus
1308 4449 1445 4504 secundae
1458 4449 1560 4518 plerae-

132 4569 176 4624 que
186 4573 289 4631 eaeqne
308 4560 430 4630 optimae
442 4558 516 4628 apud
528 4557 632 4628 priores
645 4557 765 4612 editores
777 4557 861 4612 tacite
874 4557 962 4628 magis
975 4557 1112 4612 admissae
1124 4557 1180 4612 sint
1192 4571 1274 4626 quarn
1280 4555 1390 4614 diserte
1402 4555 1560 4610 adnotatae.

174 4770 402 4847 Pmestsutissimi
420 4770 482 4827 libri
500 4771 682 4860 proprietates
701 4775 847 4841 numquam
866 4773 1035 4838 enarrentur,
1053 4769 1170 4840 primum
1183 4767 1377 4836 recognitionis
1390 4767 1457 4836 eius,
1475 4781 1557 4835 quam
1576 4783 1718 4840 Recognino-

133 4873 243 4934 dedimus
265 4880 294 4934 iu
318 4878 452 4947 editione,
478 4877 534 4933 duo
557 4878 748 4948 supplementa
771 4877 823 4934 hoc
841 4877 901 4934 loco
919 4877 1099 4946 proponenda
1116 4879 1181 4931 sunt
1198 4889 1253 4931 uon
1271 4874 1465 4945 praetermissa
1483 4873 1557 4928 ineu·
1576 4845 1719 4953 ffijnffpflffo

133 4981 203 5056 risse,
219 4985 268 5042 sed
286 4985 352 5040 huie
369 4984 430 5040 loeo
449 4987 605 5055 reseruata,
624 5000 687 5039 cum
706 4985 742 5039 ad
760 4985 848 5054 ipsam
868 4983 950 5039 crisin
967 4984 1074 5038 inutilia
1092 4983 1128 5038 ed
1145 4981 1295 5038 Florentini
1314 4979 1376 5036 libri
1393 4985 1422 5034 et
1439 4979 1557 5035 manure

1277 5087 1313 5133 B.
