3690 5558
238 241 326 307 XVII
347 243 367 307 2
388 245 505 304 81-84
910 230 997 312 512
1480 249 1550 304 reo
1573 253 1674 304 eooro

182 397 232 456 81·
291 399 473 452 ΡΑΡιιιιΑιιιιε
490 393 559 450 libro
576 409 649 450 nono
667 394 866 464 quaestionum.
893 392 941 448 Si¹
960 393 1052 448 sosius
1068 407 1118 462 pro
1136 387 1193 446 diis
1210 390 1303 448 dotem
1318 391 1444 461 promisit
1454 397 1484 447 et
1502 385 1676 475 [s‘ffffi‘e
1692 399 1721 452 Ρ

239 487 314 557 prius
337 501 420 555 quern
442 485 562 540 solueret
584 483 684 538 herede
707 498 741 540 ee
764 483 859 538 relicte
881 482 1014 538 deeeseit:
1038 495 1109 550 queo
1133 481 1249 550 postee²
1271 497 1334 536 ouer
1353 481 1451 550 merito
1469 481 1521 536 de⁸
1538 482 1677 550 exigendo

239 576 304 630 dote
322 575 392 644 egit,
411 577 525 642 eooepto
542 571 658 627 liberate
675 575 726 626 est.
756 573 911 641 quaesitum
930 575 987 640 eet,
1005 587 1054 640 en,
1073 571 1097 626 ei
1114 585 1165 640 pro
1183 570 1258 626 sooio
1276 574 1385 639 egeret,
1404 569 1477 626 dotis
1493 571 1676 640 neodem

239 664 396 734 praecipere
419 660 547 729 deberet,
569 661 592 715 ei
614 659 685 716 forte
708 661 885 716 messuisset
907 660 978 715 inter
1000 659 1102 728 soeios,
1125 662 1157 714 ut
1180 659 1215 716 de
1232 659 1370 717 sommum
1388 659 1439 716 doe
1457 659 1675 715 eonstitueretur.

239 751 297 806 dixi
313 755 424 820 paetum
444 766 498 806 non
516 764 578 806 esso
595 749 726 820 iniquum,
745 750 840 820 utique
858 749 881 804 si
899 763 955 802 non
972 747 1007 802 de
1023 748 1135 802 alteriue
1146 753 1253 804 tenesne
1266 745 1322 804 dtis
1333 749 1474 804 messuit:
1492 764 1556 804 rem
1567 748 1591 804 si
1603 763 1676 804 eorn-
1695 761 1709 804 e

240 855 322 896 mune
339 838 391 894 hoe
408 843 520 907 paetum
539 836 598 906 tuit,
616 854 672 893 non
690 835 830 907 interesse,
849 837 923 906 quod
942 837 1011 891 elter
1023 837 1099 892 solus
1109 835 1192 892 dtiem
1205 836 1309 892 hebuit
1337 843 1458 892 eetersun
1470 837 1494 892 si
1507 843 1678 892 rumeretem

240 929 333 984 dotem
356 933 435 998 peter
457 925 587 982 defunea
609 927 638 982 in
656 927 828 983 metrimonio
846 924 902 980 filie
919 926 1113 995 reoipereeset,
1137 925 1215 980 reddi
1232 927 1379 996 poeueiem
1396 927 1522 982 soeieteti
1540 925 1678 996 debuisse,

240 1023 351 1089 peetum
375 1033 410 1072 ex
433 1017 572 1086 aequitate
590 1016 630 1071 sio
647 1015 727 1071 nobie
744 1015 995 1084 interpretantibus.
1028 1013 1142 1084 quodsi
1161 1016 1239 1070 selue
1255 1015 1524 1072 soeietete'diuertio
1542 1021 1678 1070 meino-

239 1116 310 1162 m'em
330 1107 340 1174 u
360 1107 478 1161 solutum
501 1103 584 1176 ieret,
609 1121 671 1159 oum
689 1121 741 1159 sue
758 1119 842 1163 mure
860 1103 952 1159 dotem
970 1102 1130 1172 resipereri,
1154 1104 1259 1165 soitieet
1275 1109 1307 1160 ut
1324 1119 1358 1159 ee
1375 1105 1420 1160 uel
1438 1105 1483 1160 elii
1500 1105 1600 1160 merito
1617 1102 1679 1158 deri
1695 1112 1777 1161 teos·

240 1196 336 1265 possit.
368 1210 432 1264 nee,
451 1195 475 1249 si
492 1195 567 1265 prior
583 1194 699 1248 meritus
716 1191 807 1250 faeere
826 1208 880 1248 non
898 1197 1007 1262 posset,
1025 1192 1116 1248 denuo
1134 1191 1170 1247 de
1187 1193 1320 1248 sooietete
1338 1193 1557 1250 constituendam
1575 1192 1677 1263 dotem,
1698 1208 1726 1246 ro

240 1284 335 1339 nisisi
353 1283 512 1338 nominatim
530 1284 570 1338 its
588 1283 770 1338 messuisset.
797 1298 894 1340 uerum
911 1282 940 1338 in
957 1281 1097 1352 proposito
1115 1281 1227 1350 largiter
1245 1289 1372 1338 interesse
1390 1281 1545 1350 uidsbeter,
1563 1281 1614 1338 dos
1628 1297 1678 1336 ee-

241 1377 347 1428 merete
364 1376 439 1426 esset
456 1388 492 1427 en
510 1387 576 1426 uero
592 1371 741 1441 promisse:
760 1387 822 1426 nem
841 1372 865 1425 ei
881 1369 938 1426 filie
956 1371 1049 1425 detero
1067 1369 1169 1438 dotem,
1188 1374 1369 1439 posteaquem
1386 1371 1458 1440 petri
1471 1369 1552 1426 ireres
1563 1370 1678 1440 exstitit,

180 1477 184 1483 ’
240 1462 299 1516 iere
317 1475 368 1516 sno
386 1461 542 1530 recepisset,
561 1476 615 1515 non
634 1475 695 1516 esse
712 1458 885 1514 referendam
896 1453 1041 1529 perenm
1053 1457 1187 1528 societati,
1205 1471 1289 1527 quern
1301 1459 1397 1515 mulier
1408 1458 1536 1516 hebiture
1547 1457 1606 1528 init,
1625 1458 1679 1516 ehi

241 1551 310 1604 elius
328 1549 407 1605 heres
426 1549 590 1604 exstitisset:
608 1549 683 1619 quod
701 1549 724 1604 si
743 1553 857 1618 eoeopto
875 1565 893 1604 e
910 1549 1009 1605 merito
1026 1546 1142 1603 liberate
1159 1551 1242 1618 esset,
1260 1563 1433 1619 neqmqeem
1450 1549 1580 1619 impetui
1596 1563 1679 1618 pesse

241 1637 367 1694 sooieteti
385 1653 439 1692 non
457 1638 575 1693 solertem
592 1638 747 1708 peeueien.
867 1661 869 1666 ·
1697 1651 1728 1694 rr

184 1729 223 1788 82
294 1727 372 1781 Iners
390 1725 458 1781 libro
476 1727 558 1781 tertio
575 1741 777 1798 responsorum
804 1726 867 1783 Iure
878 1725 1024 1785 seoieesrie
1042 1741 1091 1796 per
1103 1725 1207 1782 sosium
1220 1740 1284 1782 esre
1295 1725 1384 1782 etieno
1396 1726 1487 1782 soeier
1505 1719 1681 1810 Q
1696 1736 1727 1790 P

241 1831 297 1871 eon
315 1814 459 1884 obligatio,
478 1815 531 1870 nisi
548 1815 576 1870 in
594 1829 766 1871 eommunem
785 1829 877 1870 errem
893 1815 1027 1884 perusino
1044 1829 1142 1871 uersae
1160 1819 1233 1870 sent.

184 1907 224 1965 83
293 1905 415 1960 Prosus
432 1903 501 1959 libro
519 1903 607 1974 primo
625 1904 800 1960 nenueiierr.
828 1902 898 1959 ilied
915 1903 1102 1972 pompeium
1120 1908 1171 1974 eet,
1190 1901 1273 1958 erbor
1290 1917 1362 1974 quse
1378 1904 1408 1960 io
1424 1919 1488 1960 oon·
1506 1897 1681 1989 [re—r]
1697 1915 1727 1970 Ρ

242 1991 308 2049 finio
326 1998 392 2048 nete
409 1997 465 2064 est,
486 1993 551 2048 item
570 1993 640 2063 lepis
658 1993 705 2063 qui
722 2008 772 2063 per
789 1997 935 2062 utrumque
952 1990 1067 2048 fundum
1086 1991 1244 2048 extendimr
1259 2007 1310 2062 err,
1328 2008 1391 2048 eum
1410 1993 1518 2049 sooeise
1534 1991 1618 2050 arbor
1634 1993 1681 2048 eei

242 2081 312 2152 lepis
336 2087 480 2152 exemptis
503 2082 563 2136 sios
587 2083 624 2137 sit
646 2081 725 2138 errius
742 2080 858 2150 fundus,
881 2095 932 2151 pro
950 2095 985 2136 ee
1001 2095 1112 2151 quoque
1129 2085 1207 2151 perte
1225 2081 1395 2152 deputemur
1413 2095 1475 2138 esse
1491 2081 1608 2154 debeat,
1631 2097 1680 2153 pro
1699 2101 1731 2144 se
1839 2099 1840 2104 ¹

243 2186 298 2240 que
319 2176 398 2240 perte
421 2171 450 2224 ir
473 2169 558 2226 fendo
576 2167 685 2226 fueret?
717 2186 752 2225 sn
770 2185 825 2240 que
841 2170 947 2225 redere
965 2168 1073 2224 duebes
1091 2170 1191 2225 messis
1207 2169 1325 2226 duorum
1341 2171 1513 2228 dominorum
1530 2170 1604 2226 oses
1621 2176 1683 2228 tote

242 2274 336 2314 messe
353 2260 505 2314 eommunis
523 2263 579 2328 est,
603 2260 643 2315 ite
660 2258 741 2314 erbor
758 2257 811 2314 hoo
829 2258 903 2328 ipso,
927 2259 999 2328 quo‘
1015 2262 1160 2327 seperetur
1175 2274 1194 2314 e
1210 2259 1270 2314 soto
1287 2259 1479 2330 propriamque
1497 2259 1682 2318 subeunda

243 2349 272 2402 in
294 2363 379 2402 unum
402 2363 501 2418 eorpus
519 2347 658 2402 redeetsm
675 2348 790 2418 eoeipit,
814 2347 900 2402 multo
919 2347 1008 2417 megis
1024 2362 1076 2417 pre
1092 2347 1211 2404 indiuieo
1229 2350 1381 2410 communis
1399 2347 1443 2420 tit,
1467 2365 1551 2418 quem
1569 2351 1684 2406 muse?

244 2436 294 2492 sed
311 2437 428 2492 nuoreli
445 2437 575 2492 mouerit
590 2436 691 2492 retient
709 2441 737 2492 et
752 2441 851 2506 postes
867 2440 973 2491 mntem
990 2439 1097 2506 perterre
1115 2440 1261 2508 unumque
1272 2436 1375 2494 hebere
1386 2443 1444 2494 tem
1455 2439 1484 2494 ir
1494 2438 1587 2509 lepide
1597 2453 1683 2510 quero

243 2527 273 2580 in
289 2524 395 2595 erbore,
413 2529 545 2596 querum
562 2530 592 2581 et
608 2526 637 2581 in
653 2531 727 2580 terre
744 2523 871 2580 hebebet.
1702 2549 1734 2590 η

186 2616 226 2675 84
297 2615 400 2670 Lseeo
423 2613 492 2670 libro
514 2618 594 2670 sexto
616 2614 798 2683 posteriorum
821 2613 984 2670 sleuoleeo
1006 2615 1225 2684 epitomeromm.
1261 2613 1394 2680 Quotiens
1411 2616 1489 2672 iussu
1507 2611 1682 2702 Q
1703 2633 1732 2686 Α

244 2703 358 2758 deeius
376 2703 421 2758 uei
438 2718 500 2758 oum
519 2701 575 2758 tilio
593 2703 652 2758 eius
669 2703 714 2758 uel
731 2717 795 2757 eene
812 2707 943 2758 extremo
961 2703 1080 2758 roeistes
1097 2703 1193 2773 ooiter,
1210 2703 1315 2760 directo
1333 2720 1397 2760 eurr
1415 2705 1487 2761 iidus
1504 2721 1625 2777 persone
1635 2708 1682 2778 egi

243 2806 334 2862 pesse,
353 2791 431 2847 ouius
448 2806 566 2862 persone
582 2791 610 2846 in
629 2790 816 2848 eoneehende
832 2792 965 2848 sooietete
982 2796 1107 2862 speotete
1124 2792 1169 2848 eit
1189 2789 1193 2796 '

243 2906 408 2978 F[P(VU)]

245 3085 362 3140 ¹sidst
380 3083 462 3153 (Hei.)
532 3083 742 3154 ’postesqeem
760 3083 864 3154 (idatii
933 3085 1018 3142 'non
1037 3092 1084 3140 ine.
1154 3083 1279 3154 ‘quodt

246 3251 349 3309 ltibro
372 3253 400 3308 xi
423 3253 451 3306 P
500 3253 634 3308 irsiieto
658 3251 696 3306 F¹
716 3253 721 3320 Ι
741 3251 777 3308 de
799 3251 937 3322 exigenda
989 3253 1068 3308 uenit
1084 3253 1121 3305 F¹
1142 3254 1147 3320 Ι
1167 3269 1186 3323 p
1237 3251 1318 3323 ositol
1337 3269 1387 3324 pro
1405 3253 1476 3310 sotio
1494 3255 1535 3310 Ρ·
1549 3257 1555 3322 Ι
1570 3255 1684 3327 largiter

245 3325 310 3380 dote
328 3324 394 3393 egit]
417 3341 468 3377 παι
491 3326 566 3378 etiter
587 3327 678 3396 teptrsr
697 3323 938 3380 ermensende
989 3323 1132 3394 inermes]
1147 3325 1210 3378 ΡΥ*
1247 3345 1303 3380 cum
1317 3325 1377 3380 Rs:
1396 3327 1478 3381 πολλή
1496 3328 1537 3382 ric
1553 3327 1606 3382 terr
1625 3339 1683 3383 sre-

245 3402 421 3467 interpretatio
438 3397 497 3450 liert
511 3413 635 3466 perum
652 3395 702 3449 BS
719 3397 797 3462 (ιιλ.);
821 3394 838 3450 ὁ
856 3395 937 3462 [deoc
989 3396 1066 3466 oopt,
1079 3395 1290 3465 tergiterinesse
1303 3396 1346 3462 V‘,
1357 3397 1541 3466 ingirorosss
1550 3399 1577 3452 F
1585 3401 1591 3468 Ι
1606 3399 1684 3456 uide·

245 3465 407 3527 ...λιελῩθιν
423 3463 722 3536 ιἰἒιιιιθγιᾶτιιρᾶιιῂτει
737 3464 935 3538 rdsdstperr're
989 3473 1070 3522 uetur
1096 3467 1134 3522 5¹
1198 3469 1231 3522 12
1258 3468 1379 3522 extiterit
1405 3467 1467 3524 PU*
1527 3471 1563 3526 14
1588 3487 1607 3525 a
1633 3491 1685 3526 eos.

244 3535 936 3672 edissereretremisse:
989 3537 1062 3664 izi
1073 3537 1237 3674 'freti
1251 3539 1409 3682 (diti
1423 3540 1552 3666 iiiii
1567 3555 1685 3669 ter

245 3679 382 3748 erogem
425 3661 714 3748 despenser-o·
756 3679 934 3742 emereri
988 3678 1110 3735 osor·
1146 3654 1691 3748 leniterlsrtorerrserborsstr’ffl

245 3751 285 3820 ut]
304 3755 333 3804 et
348 3750 387 3803 F¹
440 3750 458 3804 5
482 3764 536 3805 non
557 3764 619 3804 esse
641 3749 773 3819 iniquum]
796 3765 851 3806 non
875 3764 937 3805 esse
990 3749 1686 3820 erduoqumdom.i'1wnfledsPV¹Umew
1806 3803 1813 3814 .

245 3821 320 3892 quod
338 3821 406 3875 elter
423 3821 498 3875 solus
516 3819 599 3875 filiam
612 3818 839 3875 hebuiteeterum
852 3821 946 3882 sine,
988 3821 1295 3893 simittD.10‚3,19pr.
1335 3823 1533 3879 ddoommorris
1546 3825 1583 3878 1³¹
1599 3825 1604 3893 Ι
1620 3825 1687 3880 eub-

245 3895 377 3947 meretem
394 3892 517 3958 iniquum
534 3892 576 3945 P·
622 3891 939 3962 tpeeuniem(peeunie
990 3891 1171 3948 substentiem
1189 3891 1229 3945 P·
1277 3893 1313 3948 23
1330 3891 1370 3963 fir]
1390 3895 1426 3948 sit
1443 3895 1471 3948 P
1520 3898 1556 3952 24
1573 3897 1685 3966 rodomi

245 3963 297 4026 P‘)
307 3962 432 4018 soeieteti
441 3962 583 4018 debuisset
591 3961 647 4017 PV
668 3963 943 4032 8metrimoniemli'
991 3965 1117 4027 Brevem,
1136 3963 1241 4018 retione
1259 3963 1354 4030 FP‘U,
1372 3965 1506 4020 rationem
1526 3967 1567 4020 P·
1612 3969 1650 4022 26
1669 3984 1688 4022 e

245 4035 303 4102 (sert
312 4034 456 4089 simonium
469 4042 495 4088 tn
507 4038 543 4088 tit.
556 4055 573 4088 a
584 4053 618 4088 m.
629 4037 691 4102 rec.)
703 4033 755 4088 PU
764 4054 820 4090 eum
832 4034 882 4088 BS
889 4051 896 4088 :
915 4034 937 4088 et
989 4033 1125 4102 ieuoieno]
1144 4033 1289 4090 dieboleno
1301 4035 1341 4088 P·
1386 4038 1421 4092 27
1438 4051 1557 4106 persone
1568 4039 1635 4108 *rog-i
1647 4037 1690 4090 12³

245 4103 474 4160 i'essirorsersiec
487 4103 673 4169 crsrcreedeec
686 4103 937 4175 ρειιογιίῳὸγὰιιοε
990 4105 1025 4162 28
1044 4103 1247 4161 westerhonde
1266 4105 1303 4159 1³
1339 4111 1465 4177 spectete
1484 4107 1529 4178 err]
1548 4115 1690 4180 spem-⁸

240 4176 350 4237 ΔιελῨθιι
399 4175 488 4232 telio
506 4175 614 4242 F·PV·,
633 4185 681 4231 trec.
700 4174 735 4230 U·
782 4177 815 4232 11
830 4175 936 4246 uerum]
990 4181 1034 4232 est
1050 4177 1097 4242 P·,
1115 4181 1254 4246 spectetur
1270 4176 1298 4229 V
1331 4186 1406 4244 ,tue
1422 4179 1457 4234 U·

832 4479 1096 4490 ——n-—ass
