3734 5578
272 242 375 310 XXVI
396 244 414 308 'l
434 249 515 304 3-5
940 230 1028 313 760
1316 259 1362 306 uu
1384 257 1701 308 ιιιιιιιιιιιιιιοιι

270 416 333 456 enm
352 401 508 456 conuersari
527 397 671 467 uidebant,
695 400 853 468 suspectum
871 410 934 451 eum
952 410 1007 451 non
1025 393 1158 451 feceruut.
1185 395 1300 452 adsidue
1318 397 1402 466 igitur
1420 397 1598 454 strationem
1618 397 1653 452 sb
1669 413 1701 454 ιι

270 491 381 560 exigere
399 505 447 543 cos
466 495 574 558 oportet
591 493 619 542 et
637 487 751 542 sollicite
770 500 873 554 curare,
892 484 1010 555 qualiter
1027 490 1212 555 connersetur,
1231 487 1301 542 etsi
1319 487 1437 556 pecnnia
1453 487 1497 558 sit,
1515 501 1587 558 quae
1603 487 1702 558 deponi

270 580 371 649 possit,
396 593 505 647 curare,
530 583 562 630 ut
585 576 738 645 deponatur
762 575 797 629 ad
815 573 987 644 praediorum
1007 575 1252 643 comparationem:
1275 574 1453 632 blandiuntur
1474 578 1545 632 enim
1569 575 1635 646 sibi,
1658 577 1702 646 qui

271 672 369 738 putant
391 667 549 723 honorarios
574 671 678 720 tutores
703 665 812 719 omniuo
836 679 890 718 non
913 663 1013 716 teneri:
1042 667 1170 718 tenentur
1199 666 1270 720 enim
1294 665 1445 721 secundum
1468 681 1502 722 ea
1524 681 1595 736 quse
1622 681 1703 734 snpra

239 763 253 807 a
272 757 449 812 ostendimus.
487 756 617 821 Quamuis
636 759 727 808 autem
752 753 777 807 ei
795 753 966 822 potissimum
990 767 1020 806 se
1045 753 1158 807 tutelam
1184 756 1391 811 commissurum
1416 759 1526 826 praetor
1549 755 1637 825 dicat,
1661 755 1731 810 enit

270 851 387 900 testator
404 846 556 914 delegauit,
581 848 702 898 attamen
721 858 924 911 nonnumquam
948 840 983 895 ab
1006 840 1058 895 hoc
1081 842 1205 910 recedet,
1230 848 1261 898 ut
1283 850 1352 914 puta
1373 845 1397 900 si
1414 850 1494 915 pater
1511 845 1601 900 minus
1620 859 1702 914 penso

272 936 384 990 consilio
403 935 454 989 boc
472 934 545 1003 fecit,
564 932 634 988 forte
652 933 739 987 minor
757 931 856 1000 uiginti
873 930 993 1000 quinque
1012 930 1104 999 aunis,
1128 931 1172 986 uel
1194 947 1227 986 eo
1245 935 1368 1004 tempore
1387 932 1466 1003 fecit,
1488 949 1543 1004 quo
1561 933 1615 988 iste
1631 936 1703 986 tutor

270 1024 359 1080 bonae
378 1026 451 1078 uitae
469 1025 513 1078 uel
532 1021 604 1092 frugi
623 1021 776 1088 uidebatur,
795 1019 893 1074 deinde
912 1023 1009 1088 postea
1026 1019 1098 1074 idem
1112 1020 1203 1090 coepit
1215 1020 1285 1075 male
1298 1023 1454 1078 conuersari
1465 1023 1611 1093 ignorante
1622 1025 1701 1075 testa

271 1119 338 1182 tore,
358 1114 401 1167 uel
421 1114 444 1166 si
463 1110 690 1181 contomplatione
710 1108 879 1164 facultatium
898 1108 956 1162 eius
975 1123 1019 1162 res
1038 1109 1063 1162 ei
1081 1111 1227 1164 commissa
1245 1114 1295 1180 est,
1314 1110 1413 1181 quibus
1427 1117 1523 1181 postea
1535 1117 1636 1166 exutus
1654 1112 1702 1164 ιιι

239 1209 254 1254 4
272 1203 340 1257 Nam
359 1206 387 1255 et
405 1201 428 1254 si
447 1217 529 1256 unum
545 1205 624 1270 pater
636 1198 743 1254 dederit
760 1202 887 1267 eruorem,
907 1211 1110 1266 nonnumquam
1129 1199 1155 1253 oi
1169 1199 1355 1268 adiunguntur
1366 1206 1520 1257 curatores:
1538 1215 1602 1254 uam
1621 1200 1702 1269 impe
1721 1213 1745 1252 ιι

271 1295 345 1345 rator
361 1293 454 1344 noster
471 1305 534 1344 cum
552 1294 629 1358 patre
647 1288 793 1357 rescripsit,
813 1303 875 1341 cum
894 1286 963 1340 duos
981 1287 1041 1355 quis
1053 1286 1165 1342 libertos
1178 1303 1242 1344 suos
1253 1292 1358 1344 tutores
1370 1288 1500 1359 dedisset,
1517 1304 1603 1344 unum
1616 1303 1703 1342 rerum

272 1379 440 1448 Italicarum,
465 1379 547 1433 alium
566 1393 656 1432 rerum
674 1374 877 1444 Africanarum,
901 1381 1040 1429 curatores
1064 1375 1104 1430 eis
1127 1376 1330 1448 adiungendos,
1353 1393 1405 1434 nec
1426 1378 1513 1448 patris
1536 1379 1626 1433 secuti
1643 1381 1705 1431 sunt

240 1477 254 1523 ι
272 1469 450 1524 uoluntatem.
479 1466 556 1531 Quod
575 1467 602 1519 in
620 1464 757 1520 tutoribus
775 1465 905 1533 seriptum
924 1468 974 1532 est,
993 1467 1022 1517 et
1036 1464 1064 1518 iu
1076 1464 1261 1537 cussratoribus
1273 1467 1325 1521 erit
1336 1465 1547 1536 obseruandum,
1567 1481 1638 1537 quos
1656 1461 1704 1550 [(ῑ)
1719 1475 1780 1522 lats

240 1567 254 1612 6
272 1563 351 1627 pater
367 1561 531 1611 testamento
550 1555 699 1609 destinauit
717 1570 733 1608 a
750 1557 876 1624 praetore
895 1549 1102 1607 confirmandos.
1139 1553 1265 1625 Apparet
1282 1555 1366 1625 igitur
1382 1557 1501 1624 praetori
1518 1571 1600 1610 curae
1613 1542 1705 1626 ιιιιῖι,

272 1661 307 1700 ne
325 1646 411 1700 tutela
428 1660 478 1714 per
495 1645 587 1715 plures
605 1643 822 1711 administretur,
846 1642 947 1711 quippe
968 1642 1021 1696 etsi
1039 1646 1118 1711 pater
1135 1657 1189 1698 non
1208 1643 1389 1699 destinauerit
1405 1645 1466 1714 quis
1484 1659 1580 1714 gerere
1599 1643 1706 1714 debeat,
1723 1657 1746 1698 ιι

273 1739 393 1789 attamen
416 1734 443 1788 id
467 1735 539 1803 agit,
562 1739 593 1788 ut
614 1748 664 1802 per
687 1748 771 1786 unum
796 1731 1014 1785 administretur:
1036 1745 1102 1786 sane
1126 1732 1198 1786 enirn
1221 1731 1328 1788 facilins
1351 1749 1422 1788 unns
1444 1739 1568 1789 tutaret
1585 1733 1707 1788 actiones

241 1833 254 1877 7
273 1830 382 1878 exercet
400 1828 428 1878 et
447 1823 555 1893 excipit.
584 1823 625 1876 Ne
642 1837 692 1891 per
710 1821 809 1874 multos
821 1821 908 1874 tutela
920 1824 1072 1889 spargatur,
1092 1821 1185 1876 sinon
1203 1823 1255 1876 erit
1272 1839 1290 1876 ιι
1301 1825 1433 1877 ιιιιιιιιι
1445 1823 1550 1878 ιιιιιιι
1569 1809 1707 1897 [li—Q

273 1917 348 1967 tutor
366 1917 414 1966 aut
426 1927 521 1981 gerere
534 1911 616 1980 nolet,
634 1915 692 1965 tum
705 1910 729 1964 is
741 1913 827 1978 gerat,
847 1909 891 1963 cui
903 1909 989 1964 maior
1000 1925 1063 1978 pare
1075 1913 1196 1966 ιιιιοιιιιι
1213 1912 1326 1966 tutelam
1343 1911 1509 1967 decreuerit:
1527 1917 1639 1982 praetor
1658 1908 1707 1996 [lot

273 2003 358 2071 igitur
375 2000 479 2056 iubebit
497 2016 545 2055 eos
563 1999 708 2055 conuocari
726 2003 788 2068 aut,
812 1997 835 2052 si
858 2013 913 2052 non
930 1997 1044 2053 coibunt
1061 2003 1110 2052 aut
1127 1998 1216 2053 coacti
1234 2014 1289 2055 nou
1307 1999 1467 2070 decernent,
1492 2015 1579 2056 censa
1597 2003 1709 2071 cognita

241 2091 333 2160 aipse
352 2095 468 2159 statuet,
493 2089 554 2158 quis
577 2089 690 2143 tutelam
716 2091 801 2156 geret.
837 2087 921 2142 Plane
945 2087 969 2142 si
993 2100 1048 2142 nou
1071 2089 1243 2143 consentiant
1265 2094 1371 2144 tutores
1394 2089 1527 2160 praetori,
1550 2090 1601 2145 sed
1624 2091 1710 2146 uelint
1724 2101 1750 2143 ιι

275 2195 369 2234 omnes
388 2193 491 2248 gerere,
510 2178 575 2248 quia
592 2175 675 2234 fidem
693 2190 747 2231 non
765 2174 884 2230 babeant
902 2177 989 2231 electo
1007 2191 1058 2231 uec
1075 2177 1217 2246 patiuntur
1234 2179 1398 2234 succedanei
1415 2193 1477 2234 esse
1493 2179 1575 2234 alieni
1587 2180 1708 2250 periculi,

242 2249 421 2322 adicendum
446 2272 489 2322 est
512 2271 665 2336 praetorem
689 2265 846 2335 permittere
870 2265 910 2319 eis
932 2264 1059 2320 omnibus
1076 2279 1180 2335 gerere.
1217 2266 1287 2324 Item
1311 2269 1335 2322 si
1353 2267 1439 2323 diuidi
1456 2268 1528 2324 inter
1546 2283 1577 2324 ιι
1594 2269 1709 2324 tutelam

276 2359 362 2413 uelint
379 2361 493 2426 tutores,
513 2354 641 2410 audiendi
660 2357 732 2424 sunt,
751 2359 782 2409 ιι
800 2353 978 2409 distribuatur
995 2354 1066 2408 inter
1084 2369 1131 2410 eos
1150 2355 1348 2412 administratio

238 2445 258 2501 4
329 2446 407 2500 lours
430 2444 498 2500 libro
521 2459 594 2499 nono
617 2443 651 2498 ad
676 2443 803 2498 edictum.
841 2443 885 2498 uel
908 2443 937 2497 iu
954 2448 1046 2512 partes
1065 2444 1109 2498 uel
1132 2445 1160 2498 ln
1184 2446 1323 2514 regiones,
1347 2445 1421 2500 etsi
1445 2446 1484 2501 ita
1505 2443 1590 2501 fuerit
1613 2445 1709 2516 diuisa,
1727 2442 1761 2496 ’Β

277 2536 463 2604 unusquisque
482 2535 642 2603 exceptione
660 2531 876 2588 summouebitur
893 2547 943 2601 pro
961 2546 995 2588 aa
1012 2538 1090 2602 parte
1109 2534 1153 2588 uel
1171 2534 1291 2603 reglone,
1309 2551 1391 2604 quam
1410 2551 1465 2591 uon
1483 2535 1667 2592 administrat
1725 2547 1750 2587 ιι

240 2621 258 2680 5
331 2625 407 2678 Ioum
429 2624 498 2679 libro
520 2623 661 2692 trigesimo
684 2622 779 2691 quinto
803 2622 839 2676 ad
857 2621 985 2677 edietum.
1022 2623 1065 2677 lta
1082 2628 1174 2678 antem
1193 2622 1357 2694 depositioni
1373 2625 1552 2694 pecuniarum
1572 2620 1710 2710 [Q
1737 2627 1755 2683 8

277 2715 353 2771 locus
372 2716 429 2781 est,
453 2713 476 2767 si
495 2727 528 2768 ιι
546 2727 653 2766 summa
671 2711 790 2780 corradi,
813 2709 842 2764 id
860 2714 903 2766 est
926 2712 1016 2781 colligi
1034 2713 1134 2782 possit,
1158 2718 1189 2766 ιι
1212 2715 1363 2783 comparari
1381 2729 1448 2784 ager
1465 2715 1568 2785 possit:
1591 2716 1617 2770 ιι
1639 2716 1708 2770 euim

278 2809 334 2859 tam
352 2803 480 2872 exiguam
499 2817 561 2856 osso
579 2802 692 2856 tutelam
710 2799 790 2855 facile
807 2798 947 2870 probatur,
964 2805 997 2855 ut
1014 2815 1049 2856 ex
1066 2815 1177 2856 nummo
1189 2800 1292 2857 refeoto
1304 2803 1446 2873 praedium
1461 2819 1547 2874 puero
1559 2806 1709 2875 comparari

278 2906 332 2946 non
350 2892 445 2961 possit,
464 2889 599 2960 depositio
618 2893 716 2945 cessat.
744 2905 815 2959 qnae
834 2903 899 2958 ergo
918 2889 1020 2944 tutelae
1038 2892 1177 2959 quantitas
1195 2891 1394 2962 depositionem
1412 2893 1538 2964 inducat,
1558 2893 1708 2950 uideamus.

278 2987 307 3036 et
324 2995 386 3035 oum
405 2994 489 3034 causa
506 2979 683 3048 depositionis
701 2979 876 3049 exprimatur,
895 2983 927 3032 ιι
943 2978 1056 3048 praedia
1073 2980 1184 3050 pupillis
1203 2987 1402 3051 comparentur,
1421 2981 1597 3038 manifestum
1612 2987 1664 3052 est,
1680 2987 1710 3038 ut
1725 2991 1750 3032 ιι

276 3069 314 3124 ιιι
332 3069 457 3124 minimas
475 3083 596 3123 summas
615 3084 669 3123 non
686 3067 813 3123 uideatur
830 3067 979 3138 pertinere:
997 3067 1096 3136 quibus
1111 3068 1209 3124 modus
1220 3068 1358 3140 praefiniri
1368 3071 1534 3139 generaliter
1544 3086 1600 3127 uon
1611 3076 1710 3140 potest,

278 3173 340 3214 cum
359 3156 466 3213 facilius
488 3172 573 3212 eausa
594 3157 706 3226 cognita
726 3172 775 3227 per
798 3156 920 3225 singulos
942 3157 1030 3226 possit
1053 3159 1209 3213 examinari.
1237 3173 1288 3214 nco
1311 3163 1404 3214 tamen
1428 3158 1579 3216 auferenda
1595 3158 1712 3217 facultas

278 3251 323 3302 ιιι
340 3247 422 3301 ctiam
442 3247 559 3301 minores
578 3261 698 3302 summus
721 3246 858 3301 interdum
877 3245 977 3315 deponi
994 3247 1147 3316 postulare,
1171 3248 1195 3302 si
1213 3247 1335 3318 suspecti
1352 3251 1458 3303 tutores
1476 3263 1539 3303 esse
1557 3249 1711 3305 uideantur.

245 3345 258 3390 1
279 3335 405 3391 Gessisse
428 3338 520 3389 autem
545 3335 653 3390 uidetur
675 3340 762 3404 tutor,
787 3335 922 3405 quiquid
946 3337 1056 3390 omnino
1078 3336 1210 3406 pupillare
1234 3337 1326 3408 attigit
1347 3337 1455 3392 etiamsi
1478 3336 1632 3408 modicum,
1656 3353 1712 3394 ιιι-

245 3434 260 3478 ι
278 3432 394 3495 eantque
412 3429 504 3495 partes
523 3439 625 3494 eorum,
645 3425 691 3494 qni
708 3425 797 3480 solent
810 3428 949 3479 cessantes
962 3439 1061 3494 eogere
1073 3424 1271 3481 administrare.
1297 3423 1376 3491 Quod
1390 3425 1414 3480 si
1425 3431 1606 3496 posteaquam
1619 3427 1712 3496 gessit,
1728 3437 1755 3478 as

246 3523 259 3567 a
278 3519 343 3570 tunc
362 3530 392 3569 se
410 3521 492 3584 gestu
510 3513 654 3583 abstinuit,
676 3514 758 3568 etiam
778 3514 899 3583 suspecti
916 3514 1064 3584 postulatio
1083 3513 1213 3570 succedit.
1249 3513 1327 3580 Quod
1345 3513 1370 3568 si
1387 3515 1449 3584 quis
1466 3516 1581 3570 tutelam
1601 3516 1713 3572 manda·

278 3603 350 3658 uerit
367 3602 515 3671 gerendam
533 3607 667 3673 gestaque
684 3601 767 3658 fuerit
784 3602 819 3657 ab
838 3618 871 3658 eo
890 3603 934 3657 cui
951 3603 1111 3658 mandatnm
1129 3609 1180 3674 est,
1197 3604 1275 3660 locus
1292 3603 1344 3658 erit
1354 3604 1459 3658 tutelae
1471 3605 1584 3662 actioni:
1604 3605 1713 3661 uidetur

278 3693 350 3747 enim
375 3693 494 3762 gessisse
522 3693 569 3761 qui
592 3707 641 3762 per
669 3692 751 3747 aliurn
781 3692 876 3762 gessit.
903 3691 976 3761 quod
1000 3693 1024 3747 ei
1047 3707 1102 3747 nou
1126 3693 1244 3748 accessit
1264 3692 1289 3747 is
1313 3692 1357 3748 cui
1382 3692 1541 3748 mandatum
1571 3701 1629 3764 est,
1656 3693 1714 3750 noli

245 3787 261 3835 4
279 3782 386 3836 actione
404 3783 572 3836 conuenitnr.
609 3780 724 3836 Debitor
741 3781 834 3850 patris,
852 3781 900 3850 qui
917 3781 1031 3836 tutelam
1049 3781 1251 3837 administrauit
1267 3779 1323 3849 filii,
1341 3783 1445 3836 tutelae
1463 3781 1565 3839 iudicio
1575 3782 1714 3840 tenebitur

247 3876 261 3923 ι
279 3871 362 3925 ιιιιιι
380 3868 415 3924 ob
433 3871 462 3924 id
481 3870 554 3940 quod
572 3871 644 3940 patri
661 3869 764 3925 debuit.
801 3869 830 3925 Si
848 3875 923 3925 tutor
939 3871 1071 3940 pupillum
1089 3885 1168 3925 suurn
1186 3869 1318 3940 puberem
1335 3867 1438 3926 factum
1460 3886 1515 3927 non
1533 3871 1712 3942 admonuerit,
1729 3883 1756 3923 ιι

280 3964 310 4013 ιι
329 3958 381 4013 sibi
399 3965 539 4014 curatores
556 3963 663 4029 peteret
685 3959 781 4024 (sacris
804 3959 876 4013 enim
900 3958 1138 4016 constitutionibus
1162 3959 1214 4016 boc
1234 3959 1323 4015 facere
1341 3959 1452 4016 iubetur
1468 3961 1515 4031 qui
1533 3961 1650 4017 tutelam
1668 3960 1714 4016 sd·

279 4049 467 4119 ministrauit),
493 4065 527 4103 an
545 4049 647 4104 tutelae
665 4048 766 4102 iudicio
784 4048 930 4103 teneatur?
956 4053 984 4102 et
1001 4049 1090 4118 magis
1111 4054 1178 4118 puto
1202 4047 1327 4104 sufficere
1345 4051 1448 4106 tutelae
1465 4049 1613 4119 iudicium,
1634 4051 1713 4120 qnasi

246 4143 261 4190 ι
280 4131 414 4192 conexum
432 4138 469 4191 ιιι
485 4137 537 4192 hoe
554 4138 657 4192 tutelae
675 4135 774 4206 officio,
793 4138 919 4206 quamuis
937 4143 1001 4208 post
1017 4136 1188 4207 pubertatem
1207 4138 1375 4194 admittatur.
1405 4139 1472 4194 Post
1489 4139 1656 4208 completum
1674 4138 1714 4194 ni·

280 4226 411 4280 cesimum
430 4227 554 4295 quintum
573 4243 674 4282 annum
693 4227 791 4281 aetatis
809 4227 833 4281 si
850 4226 970 4281 nondum
989 4227 1108 4282 rationes
1125 4226 1248 4282 redditae
1273 4231 1338 4282 sunt
1361 4242 1412 4282 uec
1430 4228 1466 4282 sd
1484 4243 1596 4283 causam
1615 4230 1713 4284 instru-

280 4320 373 4370 menta
389 4315 561 4384 pertinentia,
580 4314 644 4370 fidei
662 4331 695 4370 ac
711 4315 894 4370 uerecundiae
913 4321 1067 4370 curatorum
1086 4316 1227 4387 conuenit,
1244 4322 1276 4371 ut
1293 4317 1406 4372 consilio
1423 4331 1475 4372 sno
1493 4323 1622 4387 coeptam
1638 4318 1713 4373 litem
1731 4328 1758 4370 ιι

279 4402 431 4475 perficiant.
458 4404 481 4458 si
499 4403 583 4472 igitur
601 4411 710 4460 cessent
727 4407 756 4460 in
774 4395 816 4460 bis
834 4413 905 4475 quae
923 4405 1072 4460 constituta
1090 4409 1156 4459 suut
1170 4403 1311 4474 faciendis,
1330 4405 1418 4476 magis
1435 4412 1503 4476 puto
1521 4404 1650 4462 sufficere
1668 4421 1713 4462 ιι-

280 4493 415 4562 gotiorum
428 4495 568 4561 gestorum
580 4493 709 4549 iudicium
728 4497 810 4551 etiam
827 4504 851 4550 ιι·
868 4504 920 4550 sam
932 4499 1023 4548 actum
1036 4497 1087 4564 est,
1106 4495 1129 4548 si
1140 4498 1232 4548 tamen
1245 4493 1325 4551 buius
1336 4495 1376 4550 rei
1394 4496 1462 4550 ratio
1474 4494 1584 4550 reddita
1594 4501 1714 4552 nonest

247 4583 401 4637 llulianus
418 4581 487 4637 libro
505 4583 635 4638 uicesimo
653 4585 741 4654 primo
763 4584 931 4654 digestorum
955 4581 1110 4638 huiusmodi
1133 4582 1252 4652 speciem
1276 4585 1417 4654 proponit:
1440 4583 1552 4654 quidam
1576 4585 1715 4642 decedam

205 4665 209 4672 ’
280 4670 342 4727 filiis
365 4672 422 4726 suis
445 4671 560 4726 dederat
583 4677 688 4728 tutores
712 4677 741 4727 et
763 4672 914 4728 adiecerat:
940 4670 1049 4741 'eosque
1076 4672 1258 4741 eucologistos
1281 4687 1344 4728 esse
1367 4671 1447 4730 uolo'.
1480 4678 1509 4729 et
1530 4675 1572 4729 sit
1592 4673 1715 4732 lulianus

279 4787 475 4856 musonio)

279 4955 581 5013 acarasseorum
635 4958 670 5013 14
687 4961 814 5027 praetore
887 4957 971 5027 igitur
1023 4962 1052 5013 et
1069 4957 1093 5013 ιι
1110 4958 1165 5015 iarn
1183 4957 1217 5022 Ε,
1235 4958 1316 5014 etiam
1334 4957 1425 5013 Νι)

280 5028 318 5082 ιι
339 5029 375 5082 F¹
431 5031 464 5088 18
483 5031 567 5090 nollet
584 5031 608 5086 F
656 5031 691 5088 47
710 5029 793 5086 etism
806 5029 905 5100 sliam]
923 5030 970 5094 lo,
