3738 5548
298 213 344 281 Xl
366 216 383 279 7
405 220 519 276 eti-et
976 210 1064 290 354
1475 231 1520 278 ns
1542 229 1732 280 nnucrosrs

243 369 282 429 28
352 371 524 426 Postremus
545 369 616 425 libro
639 370 733 439 quinto
757 370 864 427 decimo
887 371 923 426 ud
941 370 1080 426 Sabinum.
1117 371 1195 436 Quod
1220 371 1244 425 si
1268 371 1341 426 nulle
1357 371 1409 425 dos
1427 374 1514 438 esset,
1538 375 1604 424 tunc
1621 383 1732 424 omnem
1751 368 1787 422 ‘S

300 459 441 529 inpensam
459 464 566 528 putrem
582 465 721 529 praestare
739 459 839 514 debere
857 459 1002 514 Atilicinus
1020 461 1058 514 eit
1075 464 1124 514 eut
1145 459 1260 515 heredes
1283 460 1343 514 eins
1365 458 1499 526 mulieris,
1522 463 1591 528 pute
1612 458 1732 512 eununci-

298 554 389 618 putue.
417 547 491 617 quod
509 549 533 603 si
550 563 639 617 neque
656 547 772 603 heredes
783 547 884 603 hubent
901 563 989 618 neque
1006 552 1085 617 peter
1101 549 1231 604 soluendo
1250 550 1294 618 sit
1313 548 1440 604 meritum
1454 547 1483 601 in
1495 552 1628 614 quantum
1639 545 1733 602 iecere

300 635 422 706 lpotcst
442 652 492 707 pro
514 636 568 692 hoc
590 637 742 707 conueniri‚
766 651 801 692 ne
823 637 921 691 iniuria
942 637 1001 692 eius
1024 637 1163 693 uideretur
1186 638 1323 709 qnondam
1348 635 1462 692 uxorem
1483 636 1544 690 eius
1566 635 1732 706 insepultam
1752 645 1820 693 tiss

298 725 422 794 relinqui.
1754 739 1767 779 s

242 814 280 873 29
352 813 445 869 Gerus
463 812 532 869 libro
550 814 745 869 nonodecimo
765 813 1132 884 udedictumproninoinle.
1169 813 1198 870 Si
1222 815 1318 869 mulier
1335 817 1399 884 post
1416 813 1563 868 diuortium
1582 813 1629 868 ulii
1647 819 1735 882 nuptu
1766 811 1793 865 Ε

299 901 456 972 decesserit,
475 918 530 958 uon
547 906 628 972 putet
645 903 784 958 Fulcinius
801 903 920 973 priorem
938 903 1074 972 meritum,
1092 904 1156 957 licet
1168 903 1236 958 lucri
1248 903 1340 958 dotem
1352 900 1444 972 incisi,
1463 900 1566 958 funeris
1577 901 1733 971 impensum

267 1003 279 1050 1
299 996 448 1063 praestare.
484 991 512 1045 Is
530 991 577 1060 qni
593 990 677 1047 filium
694 991 811 1047 familias
829 990 967 1046 iunersuit
984 997 1130 1061 autequam
1148 991 1199 1046 dos
1216 992 1288 1062 putri
1306 991 1442 1060 reddetur,
1462 1007 1524 1046 oum
1540 991 1639 1046 merito
1657 995 1734 1045 recte

299 1081 371 1150 ugit:
395 1079 503 1134 reddite
520 1079 585 1135 dote
602 1086 708 1150 putrem
726 1069 877 1150 obligatum
894 1079 986 1135 hebet
1014 1080 1109 1150 utique
1127 1084 1227 1152 autern,
1245 1081 1270 1136 si
1287 1095 1350 1136 cum
1367 1080 1466 1136 mur-ito
1485 1084 1577 1136 sctum
1594 1077 1692 1149 fuerit,
1710 1079 1734 1134 ie

299 1184 332 1225 eo
351 1169 441 1223 minus
459 1169 531 1238 petri
549 1170 669 1224 mulieris
686 1171 861 1226 restituturus
880 1175 931 1224 est.
1755 1183 1786 1223 ru

242 1259 283 1318 30
351 1258 524 1314 Ponroums
545 1257 615 1313 libro
639 1258 734 1328 quinto
757 1258 863 1314 decimo
886 1258 923 1313 ed
946 1257 1087 1314 Sabinum.
1130 1257 1232 1314 Ountrs
1257 1272 1366 1328 quoqne
1392 1257 1466 1327 quod
1494 1260 1573 1327 puter
1599 1256 1628 1310 in
1651 1253 1736 1310 funus
1756 1257 1793 1310 'S

290 1347 370 1420 filice
387 1346 511 1417 inpendit
528 1349 577 1402 sut
594 1347 648 1402 eliu
665 1353 765 1416 egente
784 1363 877 1402 secum
895 1345 1055 1402 iunercticia
1072 1348 1221 1417 praestitit,
1244 1348 1303 1416 ipse
1327 1347 1434 1402 actione
1457 1345 1493 1400 dc
1516 1344 1581 1400 dote
1599 1359 1618 1399 u
1635 1344 1736 1398 meritc

267 1449 280 1494 1
299 1436 405 1507 recipit.
433 1434 489 1491 Sed
506 1435 530 1491 si
542 1436 715 1504 emancipata
726 1436 754 1490 in
766 1436 937 1491 matrimonio
949 1436 1073 1506 decedet,
1092 1437 1238 1491 collaturos
1250 1435 1365 1491 heredes
1377 1434 1545 1491 honorumue
1557 1445 1735 1504 possessores

300 1531 329 1582 ct
345 1529 451 1595 petrem
468 1539 518 1594 pro
535 1525 661 1593 portione
678 1525 751 1580 dotis
768 1540 850 1594 quum
869 1525 966 1594 recipit
982 1529 1011 1579 et
1028 1526 1118 1580 uirum
1141 1541 1190 1594 pro
1207 1524 1332 1594 portione
1350 1525 1423 1580 dotis
1440 1539 1522 1594 quern
1540 1523 1665 1578 lncrstm
1682 1525 1734 1575 eet.
1758 1539 1789 1579 u

242 1614 279 1674 31
353 1613 504 1670 Unrrssus
526 1612 595 1669 libro
618 1613 768 1669 uicensimo
791 1614 886 1684 quinto
909 1613 945 1668 ud
967 1612 1096 1669 edictum.
1132 1612 1162 1668 Si
1184 1612 1255 1668 filius
1279 1611 1396 1668 familias
1419 1613 1497 1669 miles
1522 1612 1559 1667 eit
1580 1617 1610 1667 et
1634 1609 1736 1666 haben
1775 1613 1803 1667 Ε

300 1707 440 1758 cestrense
466 1703 618 1773 peculium,
645 1707 713 1773 puto
737 1718 909 1758 successores
935 1702 994 1758 eius
1021 1705 1085 1760 ente
1112 1702 1212 1772 teneri,
1240 1703 1280 1757 sic
1307 1701 1406 1756 deinde
1433 1700 1468 1756 ud
1495 1705 1601 1770 putrem
1628 1700 1734 1754 uenire.

267 1803 280 1848 1
300 1791 352 1858 Qui
369 1806 479 1846 seruum
497 1792 616 1848 alienum
634 1792 679 1847 uel
696 1791 821 1846 nucitum
838 1791 973 1862 sepeliuit,
991 1789 1076 1846 hebet
1099 1791 1232 1846 eduorum
1254 1790 1394 1845 domiuum
1412 1787 1576 1845 iunererism
1596 1773 1736 1864 [eje-[n.

266 1880 444 1938 emtionem.
480 1880 557 1936 Haec
573 1880 647 1936 ectio
665 1895 720 1936 non
738 1883 782 1936 cst
799 1897 897 1950 annun,
916 1880 965 1935 sed
976 1883 1118 1951 perpetuu,
1137 1879 1275 1936 etheredi
1292 1878 1665 1948 ceterisqnesnceessoribus
1683 1875 1735 1962 [Q

300 1974 329 2025 et
345 1969 375 2023 in
392 1983 566 2023 successores
584 1969 673 2024 detur.
1759 1984 1790 2030 rs

242 2059 282 2118 33
352 2058 472 2114 Pennus
493 2055 563 2113 libro
586 2057 736 2112 uicensimo
760 2057 877 2127 septimo
901 2056 937 2112 ed
959 2056 1088 2114 edictum.
1124 2056 1154 2112 si
1176 2071 1320 2128 possessor
1341 2055 1501 2112 hereditatis
1524 2053 1608 2112 funus
1631 2055 1736 2126 iecerit,
1772 2057 1801 2112 li

269 2158 282 2203 r
301 2145 401 2202 deinde
418 2147 510 2202 nictus
527 2147 555 2200 in
571 2146 743 2202 restitutione
762 2161 817 2202 nou
834 2145 979 2202 deduxerit
996 2146 1070 2216 qnod
1087 2145 1258 2216 impenderit,
1277 2145 1369 2200 utilem
1386 2159 1448 2199 esse
1460 2145 1485 2200 ei
1503 2143 1678 2201 iunersrism.
1707 2143 1738 2200 Si

301 2235 398 2292 eodem
418 2239 555 2291 momento
573 2235 705 2304 temporis
721 2236 765 2290 uir
782 2239 811 2290 et
828 2251 897 2290 uror
914 2235 1077 2305 decesserit,
1100 2233 1195 2290 Lebeo
1218 2235 1258 2289 uit
1279 2235 1308 2290 in
1325 2233 1453 2290 heredem
1471 2233 1523 2290 uiri
1540 2249 1591 2304 pro
1609 2235 1738 2306 portione

300 2325 373 2382 dotis
392 2322 511 2379 dandum
528 2323 599 2379 hunc
617 2325 761 2393 notionem,
779 2325 907 2394 quonum
925 2323 1062 2394 idipsum
1081 2323 1153 2379 dotis
1171 2323 1280 2378 nominc
1298 2322 1334 2380 ud
1352 2337 1415 2378 eum
1432 2323 1567 2392 peruenit

243 2415 283 2474 33
357 2411 507 2469 durusne
523 2411 592 2468 libro
609 2413 801 2482 mungensimo
818 2419 918 2469 octauo
936 2414 973 2469 sd
990 2413 1120 2478 edictum.
1156 2411 1186 2468 Si
1204 2411 1265 2482 quis
1284 2409 1336 2468 fnit
1358 2410 1452 2480 huss,
1476 2410 1576 2468 deinde
1598 2411 1739 2468 nundus
1771 2413 1802 2468 E

301 2502 394 2559 cblute
410 2501 448 2558 sit
464 2501 490 2556 ei
507 2501 586 2570 qussi
603 2501 725 2571 indigno,
744 2503 832 2572 megis
850 2507 901 2572 est,
920 2506 952 2557 ut
968 2517 1054 2572 penes
1073 2517 1134 2559 eum
1154 2503 1216 2557 iure
1231 2499 1437 2572 sepulchrorum
1455 2506 1623 2556 mmmeuut
1760 2517 1792 2558 rs

244 2592 283 2652 34
353 2592 473 2648 Pennus
494 2589 563 2646 libro
586 2590 779 2660 mrsgensimo
803 2597 901 2660 qusrte
925 2591 961 2647 ud
985 2591 1115 2646 edictum.
1152 2590 1181 2647 Si
1204 2592 1281 2647 locus
1303 2588 1355 2648 sub
1379 2588 1539 2646 condicione
1562 2590 1674 2660 legetur
1692 2589 1738 2660 rit,
1774 2589 1806 2644 Ε

299 2680 409 2737 interim
427 2679 506 2735 heres
523 2675 664 2734 inferendo
682 2684 819 2735 mortuum
838 2692 893 2734 non
909 2677 976 2736 iecit
993 2681 1084 2736 locum
1102 2681 1267 2750 relip'osum.

244 2770 283 2830 36
352 2769 535 2824 memus
551 2766 620 2824 libro
638 2767 733 2834 quinto
751 2768 929 2838 digestorum.
964 2769 1075 2825 Minime
1097 2771 1214 2826 maiores
1234 2766 1384 2838 lugendum
1402 2764 1739 2850 is.oe‚1,ee.BS.e1,s‚n
1774 2777 1805 2832 Ε

299 2860 468 2930 putauerunt
485 2871 563 2927 eum,
587 2855 634 2926 qui
655 2854 692 2910 ud
715 2858 831 2926 petrium
853 2849 1008 2914 delendum'
1021 2863 1051 2914 et
1071 2863 1200 2928 parentes
1223 2863 1253 2913 et
1275 2855 1376 2913 liberos
1393 2855 1596 2912 interficiendos
1614 2857 1739 2912 uenerit:

257 2951 261 2958 '
300 2962 383 3018 quem
402 2947 426 3003 si
443 2944 515 3002 lilius
532 2949 637 3015 putrem
657 2949 706 3000 cut
721 2951 801 3014 pstor
817 2944 902 3002 lilium
918 2946 1092 3019 occidisset¹
1110 2947 1171 3003 sine
1187 2947 1299 3016 scelere,
1317 2946 1400 3002 etiem
1418 2946 1540 3016 praemio
1552 2943 1740 3001 adliciendum
1762 2961 1796 3002 sc

300 3051 398 3094 omues
416 3035 625 3090 constituerunt.

244 3125 284 3186 36
354 3125 527 3181 Ponrourns
537 3115 607 3180 libro
619 3123 770 3179 uicensimo
786 3129 865 3180 serto
880 3123 917 3180 sd
929 3123 1057 3190 Quintum
1070 3125 1198 3181 lineium.
1226 3124 1294 3180 Cum
1312 3124 1374 3180 loce
1390 3128 1473 3193 cepte
1490 3117 1743 3207 [isssseffiffi
1778 3134 1810 3188 Ε

301 3218 366 3270 sunt
383 3213 420 3268 ub
437 3211 575 3283 hcsn'bus,
599 3211 691 3268 omnis
708 3211 837 3268 desinunt
853 3213 982 3282 religiose
999 3215 1043 3269 uel
1061 3229 1142 3269 suoru
1158 3227 1232 3283 esse,
1257 3213 1330 3269 sicut
1352 3213 1476 3268 homines
1498 3211 1578 3268 liberi
1600 3212 1630 3268 in
1654 3213 1741 3268 serui·

301 3307 389 3360 tutem
406 3301 581 3374 perueniunt:
605 3300 726 3371 quodsi
749 3300 784 3357 sb
803 3301 856 3356 hro
872 3303 1027 3358 cnlemitute
1050 3300 1151 3358 inerint
1173 3301 1301 3373 libente,
1325 3302 1404 3374 qussi
1428 3300 1547 3372 quodum
1570 3302 1742 3372 postliminio

301 3396 414 3448 reuerso
429 3391 545 3462 pristino
563 3391 648 3447 stetui
665 3391 855 3447 restituuntur.
1764 3409 1798 3450 25

245 3482 284 3543 37
354 3481 462 3536 usone
477 3479 547 3536 libro
569 3479 657 3550 primo
681 3476 717 3534 sd
738 3479 828 3549 legem
850 3479 1028 3536 uicensimum
1047 3479 1248 3536 hereditatium.
1284 3479 1399 3535 Fnumis
1417 3483 1543 3549 sumpius
1562 3475 1745 3562 Q
1775 3491 1831 3564 Es

303 3569 449 3640 recipitur,
473 3567 605 3638 quidquid
624 3567 744 3637 corporis
762 3573 847 3623 ceusu
864 3568 951 3624 ueluti
974 3574 1174 3638 unguentorum
1197 3573 1339 3638 erogatum
1363 3572 1418 3637 est,
1441 3573 1470 3624 et
1491 3567 1611 3638 pretinm
1635 3569 1689 3624 loci
1711 3568 1743 3623 in

303 3672 358 3728 quo
375 3656 521 3714 deiunctum
538 3654 667 3712 humatus
685 3659 737 3726 est,
755 3660 784 3710 et
801 3656 825 3711 si
843 3671 898 3726 qus
916 3656 1063 3726 uectigeliu
1080 3663 1153 3728 sunt,
1171 3659 1216 3713 uel
1235 3655 1398 3728 sarcophagi
1415 3661 1444 3712 et
1455 3658 1600 3712 neumae
1621 3657 1742 3728 etquid-

303 3747 371 3818 quid
388 3745 509 3816 corporis
526 3760 611 3802 censs
628 3749 774 3814 munuum
793 3745 941 3816 sepelietur
958 3751 1149 3816 consumptum
1168 3751 1218 3816 est,
1236 3745 1339 3802 funeris
1356 3745 1508 3815 impensum
1526 3760 1589 3802 esse
1601 3746 1743 3802 existimo.

303 3855 331 3908 F
334 3851 464 3924 [Pfflil]

305 4003 467 4060 ¹oocidisse
485 4012 532 4058 sm.
602 4001 615 4036 ²
638 4004 668 4056 et
688 4001 807 4071 pretium
829 4001 883 4058 loci
904 4003 933 4058 in
955 4018 982 4074 q.
1000 4003 1028 4060 d.
1046 4002 1073 4060 lu
1093 4009 1136 4061 est
1158 4004 1208 4060 uel·
1226 4001 1389 4074 euucphcgi
1413 4007 1442 4058 et
1463 4008 1579 4060 uenture
1595 4007 1627 4059 et
1642 4003 1668 4058 si
1685 4016 1745 4072 qus

303 4075 450 4146 nectigslin
467 4073 551 4131 sunt?

303 4208 407 4278 ipuis
424 4212 452 4262 et
470 4221 575 4263 emano.
593 4207 634 4261 P·
686 4206 704 4260 3
727 4205 841 4262 heredes
859 4205 995 4261 hebes'n’t
1047 4207 1122 4271 uiorc
1148 4206 1272 4269 uuioursu
1301 4207 1365 4261 eiust
1382 4205 1499 4268 ’τοιΔῨτΔ
1526 4205 1742 4276 (πΑῨετΑινμὶῖκΑι

304 4293 393 4349 neque
402 4275 673 4348 F‘,her.uequeP⁸,
687 4277 860 4332 um.P·L¹U·
895 4279 993 4348 ipric·
1047 4279 1102 4350 ἱερά
1125 4279 1165 4349 Β)
1190 4279 1253 4334 Oolt
1278 4286 1356 4333 ecurt.
1379 4280 1436 4334 eccl.
1499 4277 1535 4333 34
1558 4276 1681 4333 iuer-int
1702 4278 1744 4332 Ρ

304 4364 362 4404 rem
381 4349 518 4419 meritum]
540 4365 589 4419 pro
613 4350 703 4418 priore
722 4349 819 4403 merito
837 4349 951 4414 P·L⁰U,
976 4364 994 4403 e
1046 4351 1082 4405 35
1100 4355 1174 4405 stetu
1192 4349 1262 4404 P⁰U
1311 4350 1346 4403 36
1365 4349 1518 4404 marcianus
1537 4349 1600 4415 PL,
1625 4350 1743 4406 murcel-

304 4421 394 4490 priore
418 4421 515 4475 merito
542 4419 619 4474 ΡΨ
691 4421 707 4474 9
732 4418 823 4488 sgit‘u’
841 4419 950 4474 reddite
973 4421 999 4472 F
1045 4421 1089 4476 lus
1112 4421 1138 4475 U
1149 4423 1153 4489 Ι
1169 4420 1330 4476 hereditatio
1348 4420 1380 4484 P,
1398 4419 1592 4476 hereditarium
1611 4420 1644 4486 L,
1663 4419 1743 4476 here

305 4493 341 4547 10
358 4491 401 4562 eo]
420 4505 468 4546 eos
486 4492 527 4546 P·
578 4492 612 4546 12
628 4489 683 4546 iilic
702 4490 784 4556 Piis,
802 4491 871 4545 edne
890 4491 936 4556 Fi,
954 4489 992 4546 fe·
1046 4492 1173 4546 ditsrium
1195 4492 1221 4546 U
1264 4493 1298 4545 37
1312 4489 1483 4560 's'crogetum
1502 4492 1540 4544 Ρ
1584 4491 1621 4546 38
1640 4491 1743 4578 estet]

305 4563 396 4618 miliae
420 4563 458 4616 F’
516 4562 551 4616 13
572 4563 676 4632 recepit
693 4563 729 4614 Fi
783 4562 818 4616 14
835 4563 932 4630 recipit
1046 4569 1089 4618 cet
1106 4563 1202 4628 PLUl
1217 4562 1372 4664 uectigalis}
1390 4562 1580 4618 wedam
1592 4563 1634 4617 B:
1653 4565 1694 4616 esi
1709 4583 1744 4619 rc

305 4649 387 4706 quem
399 4653 449 4759 effi
461 4632 563 4759 pgiUin
573 4634 606 4688 16
620 4637 702 4758 snite*
714 4633 993 4760 tegerinlszwlnzergc·
1046 4635 1129 4759 {icoo
1149 4633 1364 4758 ιιιθειῐίιιιίειὸΡἯι
1383 4634 1447 4720 [uel
1460 4633 1744 4761 saurcgphffietdu'ee-

304 4720 407 4833 goffia
424 4720 460 4831 23
476 4773 559 4848 p'o'ro
576 4723 702 4859 piinrtffl
746 4776 783 4830 23
792 4721 922 4846 denium]
931 4721 993 4830 inii1
1047 4705 1744 4846 efflui‘fifsdiissrssie'uirffmiphipereutii·

304 4851 362 4904 leur
379 4848 420 4903 P·
464 4849 499 4902 26
516 4845 587 4902 libro
602 4845 679 4901 lrurii
690 4846 743 4900 PU
783 4848 818 4901 27
836 4847 993 4916 religiosum
1045 4848 1087 4901 riu
1104 4850 1196 4902 collatu
1218 4847 1283 4902 1.13
1307 4846 1353 4918 §4
1370 4847 1395 4900 l.
1410 4853 1442 4902 t:
1465 4848 1511 4901 ced
1533 4847 1638 4902 uiduus·
1659 4868 1743 4920 prae·

305 4919 406 4975 erup·
445 4918 482 4974 ³0
499 4917 638 4973 siurc.P'
678 4917 907 4973 eionmloee...
920 4917 992 4987 esse]
1038 4919 1152 4994 suenda
1169 4937 1235 4991 pune
1251 4935 1332 4989 cupra
1348 4925 1501 4990 propensius·
1518 4925 1691 4990 lrnsnpcrilic

304 4989 336 5045 ri
354 4990 434 5063 nispe
451 4987 494 5061 (ri
508 4989 562 5063 ispi
575 4988 613 5060 B)
631 4987 753 5055 studueris
769 4988 820 5051 iud
834 4989 898 5052 roi'c
915 5001 994 5044 uole-
