3766 5554
264 272 340 341 XXI
364 275 378 338 1
402 278 518 332 34-38
935 260 1024 340 614
1454 285 1501 332 on
1523 284 1699 333 enormem

263 431 338 501 quod
357 431 400 484 uel
420 444 452 482 eo
472 429 565 497 quaeri
583 427 728 498 pertinere,
746 429 785 494 ut,
805 426 827 479 si
846 425 907 494 quis
926 439 1019 479 eorum
1038 423 1109 478 forte
1127 423 1271 478 morbosus
1283 425 1327 479 uel
1340 424 1455 480 uitiosae
1467 424 1511 494 sit,
1532 424 1592 479 ¹uel
1604 438 1700 479 omnes

232 530 243 574 1
264 521 345 574 simul
367 518 571 573 redhibeantur.
607 516 746 571 Interdum
769 515 821 569 etsi
843 515 871 568 in
895 515 1003 582 singula
1021 515 1113 583 capita
1129 514 1246 583 pretium
1266 514 1444 568 constitutum
1462 514 1511 582 sit,
1534 517 1628 568 umen
1644 529 1701 569 una

264 610 366 678 emptio
386 614 435 676 est,
454 611 486 661 ut
503 612 615 676 propter
632 606 713 659 unius
731 605 827 659 uitium
848 619 942 657 omnes
961 602 1096 657 redhiberi
1114 603 1220 672 possint
1237 603 1281 656 uel
1299 602 1426 671 debcant,
1445 603 1549 656 seilicet
1566 618 1627 657 eum
1643 619 1701 657 ma·

264 697 395 754 nifestum
418 698 469 751 erit
491 712 546 750 non
570 695 620 750 nisi
639 710 734 748 omrres
752 709 831 762 quem
852 698 1007 761 empturum
1026 693 1070 747 uel
1089 693 1261 750 uenditarum
1281 690 1378 760 luisse,
1403 695 1434 745 ut
1450 691 1610 760 plerumque
1628 691 1702 745 eirca

265 787 411 843 comoedos
429 787 475 840 uel
493 785 640 854 quadrigas
659 784 703 838 uel
721 783 808 836 mulas
826 798 906 850 pares
925 781 1049 836 accidere
1068 782 1149 851 solet,
1171 787 1203 836 ut
1220 782 1309 836 neutri
1327 781 1398 836 non²
1416 780 1468 835 nisi
1486 795 1581 836 omnes
1598 779 1702 834 habere
1723 790 1737 830 s

265 876 402 946 expediat.

208 965 246 1023 35
317 965 469 1021 Unernnus
493 962 561 1016 libro
584 962 672 1031 primo
695 960 731 1015 ad
750 959 869 1014 edictum
888 959 1017 1014 aedilium
1036 960 1178 1014 curulium.
1214 960 1377 1028 Plerumque
1395 963 1507 1028 propter
1526 953 1704 1041 [B-Ti‘fflbffi
1738 964 1763 1016 li

265 1054 394 1110 morbosa
412 1052 547 1121 mancipia
565 1051 647 1105 etiam
665 1065 720 1105 non
738 1049 865 1104 morbosa
882 1048 1068 1118 redhibentur,
1089 1049 1113 1103 si
1130 1050 1250 1118 separari
1269 1064 1324 1102 non
1342 1049 1449 1118 possint
1465 1049 1524 1103 sine
1542 1063 1643 1116 magno
1661 1049 1702 1102 in·

265 1143 409 1200 commodo
428 1141 472 1196 uel
491 1139 526 1194 ad
544 1140 654 1210 pietatis
672 1140 804 1194 rationem
824 1139 982 1193 offensam³.
1009 1138 1074 1206 quid
1092 1138 1173 1206 onim,
1193 1138 1216 1192 si
1233 1136 1288 1192 filio
1301 1143 1406 1193 retento
1418 1143 1546 1207 parentes
1559 1136 1704 1191 redhibere

266 1233 427 1288 maluerint⁴
446 1231 491 1284 uel
508 1229 622 1285 eontra?
649 1228 723 1298 quod
741 1231 769 1282 et
787 1228 814 1281 in
833 1225 962 1282 tratribus
980 1231 1009 1281 et
1026 1226 1054 1281 in
1072 1241 1203 1296 personas
1222 1224 1400 1282 contubernio
1418 1225 1469 1281 sibi
1481 1227 1642 1280 coniunctas
1654 1223 1704 1280 oh·
1726 1238 1753 1277 ro

264 1322 369 1378 seruari
385 1323 502 1389 oportet.

208 1409 246 1468 36
319 1411 491 1464 Poueornus
509 1406 578 1461 libro
596 1405 729 1461 uicesimo
746 1405 827 1461 tertio
846 1404 881 1459 ad
900 1403 1040 1460 Sabinum.
1069 1403 1098 1458 Si
1116 1404 1195 1474 plura
1207 1404 1343 1474 mancipia
1354 1419 1410 1460 uno
1421 1405 1510 1474 pretio
1528 1400 1705 1485 [utalaae
1726 1413 1761 1464 ‘S

266 1499 402 1554 uenierint
420 1504 448 1552 et
465 1498 500 1551 de
519 1511 573 1550 uno
592 1511 685 1550 eorum
704 1494 829 1549 aedilicia
848 1495 954 1549 actione
970 1497 1087 1562 utamur,
1105 1494 1145 1564 ita
1157 1492 1267 1548 demum
1279 1509 1329 1563 pro
1342 1492 1464 1549 bonitate
1477 1494 1536 1547 eius
1548 1493 1705 1548 aestimatio

265 1586 327 1657 fiet,
347 1588 370 1642 si
388 1585 501 1641 contuse
519 1584 655 1639 uniuersis
673 1583 815 1652 mancipiis
834 1584 1011 1637 constitutum
1030 1583 1146 1652 pretium
1166 1580 1263 1636 fuerit:
1281 1582 1354 1651 quod
1373 1582 1396 1636 si
1414 1583 1582 1650 singulorum
1601 1581 1705 1636 manci-

265 1677 372 1748 piorum
392 1675 541 1730 constituto
558 1673 647 1743 pretio
664 1673 794 1726 uniuersa
811 1673 881 1726 tanti
899 1674 1056 1740 uenierunt,
1078 1675 1210 1740 quantum
1229 1687 1263 1726 ex
1281 1672 1515 1726 consummatione
1533 1671 1705 1739 singulorum
1726 1685 1754 1724 ιι

265 1764 358 1833 fiebat,
376 1769 442 1818 tune
460 1763 593 1830 cuiusque
612 1762 739 1831 mancipii
757 1761 883 1830 pretium,
902 1761 1054 1831 conpluris
1073 1777 1122 1816 seu
1141 1761 1251 1816 minoris
1270 1760 1298 1815 id
1316 1765 1398 1830 esset,
1418 1760 1495 1829 sequi
1513 1757 1657 1814 dehemus.

208 1853 247 1910 37
319 1853 470 1910 Unerauus
494 1849 562 1906 libro
584 1851 672 1920 priam
690 1851 726 1905 ad
744 1850 864 1904 edictum
883 1850 1010 1904 acdiliurn
1029 1851 1171 1907 curulium.
1207 1849 1382 1919 Praecipiunt
1399 1849 1510 1918 aediles,
1530 1844 1706 1932 [effla-lus}
1737 1855 1765 1908 li

266 1958 302 1999 ne
319 1947 457 1997 ueterator
475 1955 524 2010 pro
543 1940 651 1994 nouicio
668 1943 777 1994 ueneat.
805 1937 902 1992 etheo
920 1938 1041 1993 edictum
1056 1937 1169 1993 fallaciis
1182 1939 1355 1993 uenditorum
1367 1938 1498 1992 occurrit:
1517 1936 1618 2007 ubique
1631 1939 1704 1993 enim

266 2037 364 2087 curant
381 2031 492 2099 aediles,
511 2044 546 2083 ne
564 2033 702 2098 emptores
720 2043 737 2082 a
754 2026 943 2084 uenditoribus
961 2027 1217 2083 circumuenientur.
1249 2033 1281 2082 ut
1298 2042 1363 2082 ecee
1381 2027 1503 2096 plerique
1522 2027 1612 2082 solent
1629 2043 1705 2082 man-

266 2120 350 2189 cipia,
375 2133 445 2190 quae
469 2118 578 2172 nouicia
601 2132 656 2171 non
674 2118 752 2185 sunt,
776 2116 855 2186 quasi
876 2117 984 2172 nouieia
1002 2116 1152 2171 distrahere
1171 2116 1207 2171 ad
1225 2115 1290 2186 hoc,
1314 2119 1346 2169 ut
1362 2115 1447 2184 pluris
1466 2115 1602 2170 ueudant:
1627 2131 1705 2186 prae-
1725 2131 1754 2170 ιο

267 2213 405 2276 sumptum
425 2211 468 2261 est
486 2207 557 2261 enim
577 2221 610 2260 ea
628 2205 772 2274 mancipia,
790 2220 861 2273 quae
878 2205 958 2260 rudia
975 2210 1047 2274 sunt,
1066 2205 1231 2274 simpliciora
1249 2219 1310 2259 osse
1328 2207 1358 2258 et
1375 2203 1411 2258 ad
1429 2205 1580 2259 ministeria
1597 2205 1706 2274 aptiora

267 2301 295 2352 et
318 2296 449 2351 dociliora
472 2301 500 2350 et
523 2294 559 2349 ad
583 2308 664 2350 omne
683 2294 861 2348 ministerium
881 2293 993 2349 habilia:
1016 2295 1081 2348 trita
1099 2309 1165 2348 uero
1183 2293 1320 2362 mancipia
1337 2297 1366 2346 et
1383 2297 1516 2347 ueterana
1532 2291 1644 2348 difficile
1662 2299 1707 2348 est

266 2383 415 2440 reformare
434 2389 463 2438 et
481 2383 517 2437 ad
535 2398 600 2439 suos
618 2398 708 2438 mores
725 2381 851 2438 formare.
878 2383 943 2452 quia
959 2382 1043 2452 igitur
1060 2381 1229 2437 uenalician'i
1247 2381 1339 2436 sciunt
1355 2379 1435 2436 facile
1453 2381 1562 2436 deerrrri
1580 2381 1616 2436 ad
1628 2383 1706 2436 noni·

267 2474 372 2529 olorum
395 2473 575 2543 emptionem,
599 2471 701 2527 ideirco
722 2471 888 2541 interpolant
904 2473 1074 2526 ueteratores
1092 2475 1121 2524 et
1137 2485 1188 2541 pro
1206 2471 1321 2526 nouiciis
1337 2470 1470 2526 uendunt.
1501 2470 1576 2540 quod
1595 2487 1629 2526 ne
1647 2469 1705 2542 liat,

266 2562 319 2618 hoe
337 2561 427 2617 edicto
445 2561 547 2617 aediles
566 2561 741 2616 denuntiant:
761 2565 789 2615 et
806 2560 869 2616 ideo
887 2561 910 2616 si
929 2561 994 2632 quid
1012 2561 1156 2630 ignorante
1174 2563 1297 2628 emptore
1314 2559 1354 2614 ita
1365 2558 1490 2630 uenierit,
1508 2560 1705 2618 redhibebitur.
1725 2574 1756 2612 as

210 2653 248 2712 38
320 2651 398 2706 Insa
415 2650 485 2706 libro
503 2650 624 2706 seeundo
642 2649 678 2704 ad
694 2649 813 2705 mictum
826 2649 954 2704 aedilium
967 2649 1110 2704 curulium.
1138 2647 1249 2704 Aediles
1260 2649 1349 2704 dunt:
1371 2635 1454 2732 [Ῥοιι.
1463 2662 1500 2716 14,
1509 2662 1531 2708 4.
1546 2662 1572 2708 Β.
1583 2663 1619 2717 19,
1630 2664 1705 2719 tuas
1738 2657 1767 2710 E

267 2739 327 2806 ‘Qui
345 2740 469 2796 iumenta
486 2739 624 2809 nendupt,
642 2739 732 2809 palam
750 2743 825 2794 reete
843 2738 963 2808 dicante,
982 2737 1047 2807 quid
1065 2738 1093 2793 in
1111 2752 1220 2808 quoque
1239 2752 1333 2792 eorum
1351 2727 1571 2810 morbi-‘autiique
1589 2742 1634 2810 sit,
1653 2742 1706 2796 nti-

268 2827 329 2900 'que
348 2830 450 2899 optime
468 2834 565 2884 ornata
582 2828 720 2884 uendendi
738 2843 823 2883 eausa
839 2826 953 2896 luerim,
971 2827 1012 2882 ita
1029 2825 1198 2896 emptoribus
1216 2827 1384 2882 tradenturi.
1418 2828 1442 2882 ai
1460 2829 1527 2897 quid
1543 2829 1584 2884 ita
1601 2828 1707 2885 tactam

268 2917 330 2974 ‘non
348 2919 407 2987 erit,
426 2918 461 2972 de
479 2917 646 2973 ornamentis
661 2916 838 2972 restituendis
849 2917 1014 2972 iumentisuo
1026 2921 1245 2972 ornamentorum
1258 2916 1367 2972 nomine
1379 2916 1555 2973 redhibendia
1567 2919 1596 2974 in
1607 2917 1707 2974 diebus

267 3007 432 3076 'sexaginta
451 3006 539 3062 morbi
557 3011 649 3062 autem
668 3007 764 3061 uitiiue
782 3021 867 3061 caasa
883 3007 1013 3076 inemptis
1030 3005 1164 3061 faciendis
1180 3005 1209 3060 in
1227 3021 1277 3060 sex
1294 3005 1444 3075 mensibus,
1462 3007 1507 3061 uel
1524 3021 1579 3076 quo
1600 2995 1707 3092 Weiss)
1726 3021 1757 3060 ao

269 3096 387 3152 'minoris
405 3112 467 3151 curn
486 3097 612 3151 uenirent
628 3093 738 3166 suerint,
756 3095 784 3150 in
802 3109 874 3150 anno
892 3095 1022 3150 iudicium
1041 3094 1176 3150 dabimus.
1203 3095 1227 3150 si
1244 3095 1368 3149 iumenta
1385 3095 1463 3164 paria
1477 3096 1558 3150 simul
1570 3085 1708 3154 ιιοιῖἰῐῐιῖι

269 3185 304 3240 'et
322 3185 437 3240 alterum
456 3185 484 3240 in
502 3201 537 3240 ea
554 3201 639 3240 eausa
657 3182 746 3253 luerit,
765 3189 796 3238 ut
813 3183 950 3239 redhiberi
967 3183 1075 3254 debeat,
1094 3183 1224 3238 iudicium
1237 3183 1372 3254 dabimus,
1390 3199 1445 3254 quo
1457 3189 1605 3255 utramque
1616 3187 1707 3242 redhi-

205 3283 217 3329 1
235 3285 249 3329 2
268 3273 389 3330 beatur'.
417 3275 579 3344 Loquuntur
597 3273 698 3328 aediles
715 3273 743 3327 in
755 3272 808 3328 hoc
820 3273 911 3328 edicto
923 3274 959 3328 de
970 3274 1099 3329 iumentis
1111 3272 1293 3328 redhibendis.
1322 3272 1414 3328 (lausa
1425 3279 1517 3328 autern
1529 3273 1612 3330 huius
1624 3275 1708 3331 edicti

235 3373 250 3417 a
269 3365 366 3420 eadem
384 3367 435 3433 cst,
453 3377 525 3432 quae
543 3363 739 3432 mancipiorum
758 3361 997 3418 redhibendorum.
1027 3363 1065 3417 Et
1081 3361 1138 3418 lere
1156 3363 1253 3417 eadem
1271 3367 1336 3416 sunt
1352 3363 1381 3416 in
1399 3362 1450 3433 his,
1468 3364 1586 3432 quaein
1605 3365 1707 3420 manci-

268 3453 330 3524 piis,
349 3452 423 3522 quod
442 3451 477 3506 ad
497 3451 621 3506 morbum
639 3451 772 3507 uitiumue
791 3453 904 3508 attinet:
922 3451 1055 3522 quidquid
1074 3452 1157 3520 igitur
1174 3450 1236 3506 hic⁶
1254 3450 1381 3520 diximus,
1399 3450 1454 3506 huo
1472 3453 1525 3506 erit
1541 3453 1706 3510 transteren-
1726 3465 1756 3506 ss

269 3543 344 3598 dum.
372 3545 400 3596 et
418 3541 442 3596 si
460 3545 596 3596 mortuum
615 3539 697 3595 luerit
714 3541 878 3610 iumentum,
896 3542 956 3610 pari
974 3541 1056 3596 modo
1074 3539 1209 3596 redhiberi
1227 3540 1336 3610 poterit,
1353 3541 1586 3609 quemadmodum
1605 3544 1708 3599 manci·

235 3632 344 3702 apium
367 3634 467 3701 potest.
503 3631 689 3685 lamentorum
712 3634 803 3685 autem
828 3630 1010 3700 appellatione
1033 3646 1069 3686 an
1086 3643 1167 3684 omne
1185 3643 1270 3698 pecus
1288 3629 1471 3699 contineatur,
1495 3629 1651 3688 uideamus.
1681 3637 1708 3688 et

268 3719 379 3774 difficile
398 3723 448 3788 est,
466 3724 498 3773 ut
516 3719 701 3776 contineatur:
720 3736 783 3776 nam
802 3720 876 3775 aliud
894 3717 1050 3788 significant
1066 3720 1196 3787 iumenta,
1214 3717 1288 3772 aliud
1306 3715 1477 3787 significatur
1494 3721 1603 3789 pecoris
1616 3721 1707 3792 appel-

236 3817 250 3862 e
268 3808 378 3864 latione.
407 3807 512 3862 Idcirco
530 3808 650 3875 elogium
668 3808 732 3864 huic
749 3807 839 3864 edicto
857 3807 1011 3864 subiectum
1029 3813 1082 3878 est,
1100 3807 1177 3862 caius
1190 3805 1276 3862 uerba
1287 3805 1354 3862 haec
1367 3813 1445 3862 sunt:
1463 3807 1542 3877 'qnae
1555 3809 1591 3863 de
1603 3810 1708 3866 iumen·

236 3903 250 3951 6
269 3896 367 3953 'torum
385 3896 502 3950 sanitate
521 3895 649 3966 diximus,
667 3897 702 3951 de
721 3902 811 3953 cetero
829 3911 939 3968 quoque
956 3910 1056 3967 pecore
1074 3895 1148 3952 omni
1160 3895 1316 3952 uenditores
1329 3894 1467 3952 laoiunto'.
1496 3896 1576 3952 Unde
1588 3898 1708 3954 dubitari
1728 3912 1760 3950 aa

268 3985 359 4054 desiit,
379 4001 414 4039 aa
432 3984 483 4040 hoo
502 3985 592 4041 edicto
610 3985 697 4042 boues
714 4001 824 4056 quoque
842 3988 1045 4042 contineantur:
1064 3985 1165 4041 etenim
1183 3985 1365 4040 iumentorum
1381 3985 1565 4055 appellatione
1577 4001 1634 4042 non
1646 4003 1709 4044 coa·

236 4081 250 4126 7
268 4075 349 4129 lineri
368 4089 417 4128 eos
434 4074 527 4129 uerius
545 4078 596 4144 est,
615 4073 666 4130 sed
683 4076 789 4144 pecode
802 4077 984 4145 appellatione
996 4073 1217 4131 continebuntur.
1243 4071 1298 4128 Sed
1311 4073 1382 4128 enim
1395 4077 1461 4130 sunt
1472 4075 1619 4147 quaedam,
1639 4091 1709 4147 quae

268 4163 297 4218 in
315 4161 471 4218 hominibus
489 4163 600 4233 quidem
619 4163 743 4220 morbum
762 4162 874 4235 faciunt,
893 4165 921 4220 in
938 4165 1067 4222 iumentis
1085 4179 1140 4220 non
1159 4163 1242 4220 adeo:
1261 4167 1292 4219 ut
1309 4167 1378 4235 puta
1394 4163 1419 4220 ai
1437 4162 1447 4231 ΙΙ
1466 4165 1558 4220 mulus
1570 4169 1709 4222 castratus
1728 4169 1821 4220 ιιιοιΙ

267 4271 295 4324 F
298 4268 354 4339 [P(
359 4268 432 4338 VUll

270 4413 343 4468 ¹uel
361 4413 385 4466 is
403 4412 477 4466 solus
497 4420 544 4466 ins.
616 4411 700 4465 ’non
718 4413 765 4466 del.
785 4412 868 4481 (Hal.)
939 4413 1076 4469 ⁸offensa
1093 4412 1197 4482 (Helii
1271 4412 1463 4469 ‘maluerimi
1534 4415 1711 4474 ‘hadamar

269 4483 371 4551 (Helii
442 4481 525 4552 ⁶hic]
543 4481 597 4536 illie
615 4482 713 4549 (oriali

269 4623 460 4680 3'h'om'i’nes
484 4622 520 4676 F*
575 4623 670 4678 iinon
695 4625 734 4680 bu
757 4625 798 4679 P·
851 4627 886 4681 to
907 4625 961 4681 tra-
1015 4626 1123 4696 dentur]
1141 4625 1283 4690 F¹PV⁰U,
1306 4625 1451 4682 tradantur
1469 4627 1546 4680 W
1600 4629 1638 4684 29
1657 4645 1711 4686 non

268 4695 367 4766 tribuo]
385 4703 423 4750 sic
441 4714 486 4748 aec
504 4702 638 4766 quicquam
653 4702 776 4750 mutatam
793 4698 820 4749 F
863 4699 896 4752 16
915 4697 961 4751 de·
1015 4717 1064 4752 om.
1078 4698 1207 4762 P·V'Ul
1228 4697 1364 4752 erit'a'de
1382 4699 1419 4751 Γ*
1473 4699 1508 4752 32
1531 4699 1655 4755 debeat
1675 4701 1711 4756 Ρ

268 4767 346 4823 bebit
368 4765 485 4822 F2PVU
539 4765 571 4818 17
595 4765 775 4836 praecipuunt
793 4769 820 4822 P
870 4770 905 4823 20
925 4769 962 4823 ad
1015 4769 1051 4824 33
1059 4763 1181 4824 'a'edicto
1190 4768 1226 4823 F*
1243 4770 1247 4836 Ι
1263 4767 1404 4824 redinendi
1413 4784 1497 4824 causa
1507 4769 1584 4824 Νι·
1607 4774 1644 4827 36
1654 4771 1711 4828 t'ue

268 4837 330 4908 hoc]
344 4839 389 4903 F,
403 4837 437 4892 ad
451 4835 720 4890 hoesoilicetF³PU
761 4841 795 4894 21
808 4839 967 4895 misteriaP
1015 4841 1059 4909 rit]
1079 4839 1189 4905 F‘P‘U,
1207 4838 1309 4894 luerint
1325 4841 1401 4894 ΡΡ·
1454 4842 1488 4895 37
1507 4841 1657 4898 uideamus

269 4911 305 4964 23
323 4905 524 4964 uenalici'n'arii
540 4905 576 4958 F*
625 4907 660 4961 24
676 4925 726 4978 pro
744 4911 963 4966 nouituaP⁶U⁴¹i
1015 4911 1385 4966 38eontineaturom.P⁰V·
1426 4911 1594 4983 loquoque]
1607 4915 1711 4984 quippe

269 4981 305 5035 25
314 4980 462 5036 denunciat
471 4979 519 5042 1³⁶,
528 4977 677 5032 enunciant
689 4981 761 5034 V·U·
795 4981 961 5052 2idiounto]
1015 4983 1055 5038 P·
1071 4984 1076 5050 l
1092 4981 1290 5038 faciuntPVU
1320 4982 1357 5037 41
1375 4983 1558 5051 anJaoPV·
1593 4985 1709 5041 delme-

270 5051 360 5107 dietns
377 5051 446 5122 P⁰?,
465 5049 558 5106 dicant
571 5046 685 5116 P‘VU‘,
705 5061 753 5108 luc.
770 5053 802 5106 U·
856 5055 891 5108 28
908 5058 964 5109 tra·
1015 5053 1072 5110 rius
1090 5052 1127 5108 F*
1180 5055 1216 5110 43
1233 5053 1261 5108 in
1279 5053 1406 5110 omnibus
1424 5054 1465 5108 P·
