3734 5578
261 255 365 324 XXVI
387 257 404 321 7
429 259 547 317 55-58
937 247 1024 325 772
1312 269 1359 316 us
1382 265 1692 316 snmursrnsnroun

262 419 304 469 est
322 417 467 483 propterea
485 409 583 464 ceteris
601 423 705 478 poenae
724 407 890 478 deprecatio,
909 407 983 477 quod
1004 406 1038 462 ab
1057 422 1112 462 uno
1129 406 1184 462 iam
1203 411 1301 462 exacta
1318 412 1370 462 est.
1397 405 1447 462 sed
1465 409 1572 462 tutores
1589 411 1693 476 propter

262 502 408 558 admissam
428 499 690 555 administrationem
709 513 763 552 non
782 503 840 552 um
857 497 944 552 inuito
963 496 1073 551 domino
1093 500 1262 552 contrectare
1281 511 1341 552 eam
1360 495 1490 550 uidentur
1502 511 1586 565 qnam
1597 493 1693 564 perlida

262 607 357 661 agere:
376 605 456 645 nemo
475 588 592 658 denique
610 586 684 642 dicet
701 602 785 642 unum
803 591 922 641 tutorem
942 591 971 641 et
989 586 1102 655 duplum
1120 584 1172 640 hae
1191 585 1298 641 actione
1315 590 1456 655 praestare
1474 589 1504 639 et
1515 584 1594 654 qnasi
1608 583 1694 654 specie

229 689 242 732 2
261 681 440 736 condictionis
459 681 507 732 aut
525 678 612 747 ipsam
631 691 689 730 rem
707 680 755 731 aut
774 676 832 732 eius
850 676 1076 731 aestimationem.
1113 674 1175 729 Non
1199 674 1287 728 solum
1311 688 1376 743 ergo
1399 675 1520 744 gessisse
1543 673 1654 729 tutelam
1671 671 1694 726 is

262 769 388 838 creditur,
407 769 454 837 qui
472 767 518 822 alii
535 765 682 836 gerendam
702 765 851 834 mandauit,
870 764 919 819 sed
937 763 1031 832 etqui
1049 764 1117 818 satis
1136 779 1153 817 a
1170 767 1314 818 contntore
1332 763 1440 832 aceepit
1457 778 1514 817 rem
1528 763 1632 818 saluam
1648 773 1722 831 pas

261 859 324 929 pilio
342 856 462 912 futuram
482 857 562 925 eique
580 855 705 925 permisit
724 854 986 909 administrationem
1004 854 1090 908 totius
1108 852 1224 922 tutelae,
1243 867 1294 906 nee
1311 857 1405 922 potest
1422 867 1452 906 se
1471 850 1618 906 defendere
1635 865 1694 904 ecn-

228 946 461 1014 comptionibus,
486 959 557 1014 quae
581 944 676 998 iubent
699 947 762 998 ante
785 943 924 998 conueniri
949 959 1010 998 eum
1035 942 1082 1012 qui
1106 942 1201 1010 gessit.
1237 939 1305 996 Item
1324 942 1352 996 in
1370 956 1404 997 eo
1422 940 1496 1010 quod
1514 954 1595 995 nemo
1613 937 1696 1009 gessit

261 1050 316 1091 non
335 1036 429 1104 utique
448 1035 507 1088 eius
525 1033 674 1103 perieulum
694 1037 744 1102 est,
764 1033 810 1102 qui
828 1033 964 1101 quaedam
983 1031 1076 1102 gessit,
1096 1030 1145 1086 sed
1164 1031 1345 1085 communiter
1360 1029 1496 1086 omnium:
1515 1029 1591 1098 exigi
1608 1033 1695 1082 autem

262 1124 297 1180 ab
316 1140 349 1180 eo
367 1125 425 1179 solo
443 1123 593 1194 periculum
612 1121 647 1176 ob
666 1121 719 1175 alia
737 1137 807 1190 quae
827 1137 881 1177 uon
899 1123 987 1192 gessit
1004 1136 1058 1176 non
1076 1122 1193 1190 oportet,
1212 1120 1265 1174 nisi
1283 1119 1375 1188 siqua
1391 1118 1457 1174 talia
1475 1122 1548 1188 sunt,
1567 1133 1638 1188 quac
1654 1117 1697 1172 uel

262 1213 522 1268 consummationem
542 1216 700 1280 coeptorum
720 1209 755 1264 ab
773 1225 806 1265 eo
825 1210 1019 1266 desiderabant
1036 1211 1081 1264 uel
1099 1209 1138 1263 ita
1156 1209 1301 1264 coniuncta
1318 1205 1436 1277 fuerunt,
1457 1212 1489 1261 ut
1506 1208 1629 1277 separari
1644 1220 1697 1261 non
1714 1217 1738 1257 rs

227 1311 242 1356 4
261 1301 440 1357 debuerunt¹.
478 1300 555 1366 Quod
575 1305 666 1354 autem
685 1299 785 1354 dicitur
802 1298 906 1354 desisse
924 1299 1056 1355 soluendo
1081 1313 1142 1353 esse
1166 1299 1209 1353 uel
1230 1313 1285 1353 non
1303 1313 1365 1352 esse
1383 1293 1542 1352 ‘contutores
1558 1300 1697 1366 praestare

261 1391 376 1460 debere,
401 1390 557 1458 uideamus,
582 1389 689 1458 qualem
708 1389 874 1444 intellectum
893 1388 991 1459 habet,
1015 1387 1045 1442 id
1069 1392 1112 1441 est
1135 1393 1226 1442 utrum
1244 1385 1346 1442 sufficit
1364 1387 1429 1442 nihil
1448 1386 1621 1442 deminutum
1638 1397 1697 1438 esse

261 1480 295 1534 de
314 1478 489 1543 facultatibus
508 1478 671 1546 eontutoris,
695 1493 730 1532 ex
748 1493 802 1547 quo
821 1481 942 1548 tempore
961 1477 1042 1532 datus
1060 1482 1115 1544 est,
1140 1477 1189 1531 sed
1214 1476 1329 1532 candem
1348 1475 1446 1531 faeiem
1464 1473 1623 1544 patrimonii
1639 1487 1697 1542 per-

262 1570 407 1638 mansisse,
432 1585 480 1636 an,
506 1568 558 1622 etsi
576 1566 641 1622 nihil
659 1572 723 1636 post
741 1566 853 1636 accidit,
878 1565 951 1636 qnod
969 1566 1059 1635 palam
1082 1564 1167 1620 faciat
1189 1565 1403 1620 deminutionem
1420 1563 1592 1635 patrimonii,
1618 1560 1698 1615 debet

260 1663 351 1712 umen
370 1662 496 1712 contutor
513 1657 648 1725 inquirere
667 1655 790 1710 iomunss
810 1655 969 1710 cantatoris.
997 1654 1047 1709 sed
1065 1653 1117 1709 hoc
1135 1660 1163 1708 et
1181 1670 1215 1710 ex
1233 1670 1366 1724 personas
1385 1655 1518 1724 qualitate
1537 1656 1565 1706 et
1584 1665 1619 1705 ex
1632 1656 1698 1704 tem·
1716 1665 1740 1704 rs

162 1764 166 1772 ·
258 1748 333 1816 poris
351 1745 569 1815 intercapedine,
588 1760 642 1814 quo
661 1748 855 1799 testamentum
874 1743 1052 1812 factumest,
1072 1743 1214 1812 usquead
1233 1748 1348 1799 mortem
1366 1743 1453 1812 patris
1471 1742 1552 1796 aliam
1571 1739 1698 1794 aestima·

259 1836 360 1890 tionem
380 1835 504 1904 accipere
523 1833 619 1888 debet:
638 1850 702 1888 nam
721 1838 815 1902 aperte
834 1833 949 1903 prodigo
967 1833 1012 1887 uel
1030 1831 1109 1886 euius
1128 1831 1201 1886 bona
1217 1833 1362 1886 uenierunt
1374 1831 1449 1900 (lieet
1460 1829 1607 1900 obreptum
1620 1825 1700 1882 luerit

259 1924 387 1994 praetori,
406 1925 452 1993 qui
471 1923 583 1978 decreto
600 1938 662 1977 eum
682 1921 768 1990 dedit)
782 1923 940 1992 permittere
953 1920 1106 1976 eontutori¹
1118 1920 1380 1976 administrationem
1393 1935 1449 1975 non
1462 1918 1553 1987 debet,
1569 1923 1600 1972 et
1610 1916 1699 1987 potnit

260 2013 361 2083 aliquid
383 2019 462 2082 pater
484 2027 578 2066 eorum
601 2016 666 2081 post
688 2015 885 2066 testamentum
907 2009 1009 2065 lactum
1033 2010 1161 2065 accidens
1184 2011 1326 2080 ignorasse
1349 2014 1412 2079 aut,
1440 2023 1502 2064 cnm
1531 2007 1698 2062 destinatum

259 2100 374 2156 haberet
392 2106 498 2155 mutare
516 2104 721 2168 testamentum,
741 2099 769 2154 id
788 2115 842 2155 non
861 2097 968 2154 secisse.
1716 2109 1741 2148 ro

203 2190 241 2248 56
313 2189 472 2245 Scasuons
490 2188 558 2244 libro
577 2195 674 2258 quarto
693 2189 870 2259 digestorum.
906 2189 995 2242 Tutor
1012 2201 1100 2242 rerum
1124 2193 1152 2242 et
1170 2187 1325 2242 animalium
1344 2187 1440 2257 pupilli
1457 2201 1523 2242 usn·
1543 2175 1741 2268 [ΜΔ

260 2277 391 2333 ditionem
408 2276 482 2347 feeit,
501 2277 551 2332 sed
569 2277 704 2345 quaedam
723 2278 851 2332 animalia
869 2275 1037 2346 emptoribus
1055 2277 1173 2347 pretium
1192 2293 1246 2332 non
1265 2275 1435 2332 adluentibus
1448 2273 1561 2330 retinnit
1579 2278 1610 2329 et
1628 2270 1701 2343 epod

261 2382 291 2422 se
308 2365 412 2435 habuit,
431 2367 549 2437 pretium
567 2365 640 2422 idem
657 2365 809 2422 rationibus
827 2367 921 2435 pupilli
939 2370 1054 2435 accepto
1073 2367 1147 2422 tulit:
1166 2381 1201 2421 ex
1219 2365 1261 2420 his
1279 2365 1382 2434 aliquot
1394 2370 1461 2418 nata
1473 2369 1550 2418 sunt:
1570 2361 1701 2417 defuncto

260 2461 351 2510 tutore
369 2454 448 2514 heres
467 2456 526 2510 eius
545 2455 661 2510 eandem
678 2455 794 2509 tutelam
813 2454 1013 2510 administrauit
1031 2459 1060 2510 et
1076 2455 1204 2510 animalia
1222 2454 1300 2508 annis
1318 2454 1441 2524 plurimis
1460 2451 1600 2523 possedit:
1619 2465 1702 2522 quae

261 2545 343 2599 situm
362 2550 417 2614 est,
436 2561 484 2614 an,
504 2560 566 2600 cum
585 2545 608 2598 is
627 2544 704 2599 euius
722 2544 809 2598 tutela
827 2542 1017 2599 administrata
1034 2547 1077 2598 est
1096 2544 1173 2598 annis
1192 2543 1290 2613 uiginti
1308 2545 1439 2613 quattuor
1458 2545 1545 2610 esset,
1564 2540 1627 2596 iure
1647 2539 1701 2594 ani·
1718 2545 1743 2587 ¹⁵

262 2634 344 2688 malia
360 2632 521 2688 uindicaret.
548 2633 690 2704 respondit
707 2633 858 2689 secundum
882 2647 1008 2703 eaquae
1032 2638 1248 2702 proponerentur
1270 2633 1403 2703 pupillum
1427 2647 1462 2687 ea
1486 2629 1630 2686 uindicare
1648 2642 1701 2684 non

261 2737 351 2792 posse.
1146 2777 1150 2788 ,
1467 2781 1471 2786 ,

204 2813 242 2873 57
314 2812 392 2867 Ionas
416 2809 485 2866 libro
509 2809 615 2866 decimo
640 2811 817 2881 digestorum.
860 2809 1053 2881 chirographis
1079 2809 1234 2868 debitorum
1260 2808 1386 2865 incendio
1409 2809 1515 2864 exustis
1540 2801 1741 2890 &EA

262 2915 323 2954 eum
343 2916 377 2954 ex
395 2899 549 2955 inuentario
566 2904 671 2956 tutores
690 2900 837 2956 conuenire
855 2915 903 2955 eos
926 2903 1041 2970 possent
1061 2899 1097 2955 ad
1116 2899 1275 2955 soluendam
1293 2899 1438 2968 pecuniam
1457 2902 1505 2953 aut
1523 2897 1702 2952 nouationem

261 2986 414 3044 faciendam
434 3003 545 3059 cogere,
569 2988 722 3044 cumidem
741 2989 814 3044 eirea
831 2989 952 3059 priores³
971 2987 1108 3044 debitores
1131 2992 1244 3059 propter
1261 2987 1378 3042 eundem
1397 3001 1493 3042 casum
1511 2984 1655 3054 iecissent,
1674 2983 1702 3039 id
1719 2993 1745 3033 te

262 3079 418 3132 omisissent
435 3078 508 3134 eirea
525 3077 663 3134 debitores
681 3078 860 3148 pupillorum,
880 3094 928 3148 an,
947 3078 971 3133 si
989 3077 1055 3148 quid
1073 3083 1184 3148 propter
1201 3076 1271 3132 hanc
1289 3076 1471 3132 cessationem
1490 3091 1586 3132 eornm
1606 3073 1703 3146 pnpilli

261 3166 391 3222 damnum
410 3171 617 3238 contraxerunt,
640 3167 743 3223 iudicio
760 3168 862 3222 tutelae
880 3166 1101 3236 consequantur?
1127 3166 1281 3235 respondit,
1305 3167 1329 3220 si
1346 3165 1530 3236 adprobatum
1549 3163 1637 3220 luerit
1655 3179 1702 3218 eos

229 3272 241 3315 1
260 3260 366 3312 tutores
384 3256 436 3310 hoe
454 3272 503 3326 per
520 3255 612 3312 dolum
632 3257 676 3311 nel
694 3258 802 3326 culpam
820 3255 1065 3326 praetermississe,
1088 3255 1221 3324 praestari
1244 3254 1279 3310 ab
1303 3255 1345 3310 his
1367 3254 1420 3310 hoc
1438 3253 1545 3310 debers.
1584 3253 1631 3309 Ab
1651 3246 1702 3336 KB}

261 3360 303 3414 eo,
322 3346 370 3415 qui
387 3346 523 3401 sententia
540 3346 675 3415 praesidis
693 3345 773 3402 bonis
791 3345 927 3414 ademptis
945 3344 1082 3414 relegatus
1101 3348 1167 3415 erat,
1187 3360 1248 3400 eum
1268 3359 1302 3399 ex
1315 3343 1451 3413 permissu
1463 3343 1596 3415 principis
1609 3343 1703 3413 appel·

261 3434 327 3489 latio
345 3435 404 3489 eius
423 3438 535 3506 recepta
552 3435 602 3504 sit,
621 3451 703 3505 quam
722 3436 745 3490 is
764 3435 811 3504 qui
829 3433 1053 3504 pronuntiauerat
1071 3448 1125 3489 non
1144 3439 1298 3503 receperat,
1322 3430 1437 3489 tundam
1455 3437 1562 3488 emerat
1580 3432 1702 3502 pupillus
1719 3439 1744 3480 ³⁵

261 3523 505 3578 interuenientibus
524 3523 661 3579 tutoribus
684 3529 712 3579 et
730 3523 911 3595 appellatione
929 3523 1031 3578 iniusta
1054 3523 1230 3592 pronuntiata
1246 3521 1347 3578 landus
1366 3523 1392 3577 ei
1410 3521 1518 3577 ablatus
1536 3525 1594 3576 est:
1618 3536 1703 3592 qnae

262 3612 344 3667 situm
363 3616 414 3682 est,
434 3629 469 3667 sn
486 3613 590 3668 tutelae
607 3613 708 3668 iudicio
726 3613 844 3682 pretium
857 3609 934 3666 fundi
946 3611 1064 3682 pupillus
1076 3611 1206 3680 consequi
1222 3611 1386 3666 stratoribus
1400 3610 1411 3683 ΙΙ
1423 3611 1520 3682 possit.
1548 3610 1702 3681 respondit,
1718 3607 1786 3660 tals·

262 3701 286 3755 si
304 3701 421 3756 scientes
445 3707 570 3757 emerunt
593 3701 629 3758 ab
653 3717 700 3772 eo,
724 3701 772 3772 qui
795 3701 824 3756 in
847 3715 881 3756 sa
904 3715 989 3756 cama
1005 3703 1092 3770 esset,
1118 3704 1150 3755 ut
1173 3699 1307 3756 obnoxias
1331 3701 1485 3756 sententiae
1508 3700 1594 3770 priori
1619 3704 1702 3770 esset,

261 3789 364 3844 tutelae
382 3789 483 3845 iudicio
501 3804 549 3845 eos
567 3792 662 3847 teneri.
1720 3795 1746 3837 θ’

205 3879 244 3938 58
314 3877 392 3932 Inani
409 3877 478 3934 libro
496 3879 642 3935 undecimo
660 3878 837 3948 digestorum.
869 3876 922 3943 Qui
939 3877 1153 3947 negotiationem
1171 3893 1221 3948 per
1237 3877 1408 3948 Pamphilam
1428 3883 1457 3933 et
1475 3877 1528 3934 Ι)ἰ·Ι
1542 3871 1745 3962 [ιῖεῐῇῇΔ

261 3964 364 4036 philum
383 3967 459 4037 prius
477 3981 581 4038 seruos,
599 3971 697 4038 postea
713 3966 825 4022 libertos
844 3965 999 4036 exercebat,
1017 3981 1068 4022 suo
1087 3971 1252 4022 testamento
1270 3983 1318 4022 eos
1335 3971 1442 4022 tutores
1455 3953 1703 4038 reliquitet‘eaffiffi

261 4059 293 4109 ut
309 4056 450 4129 negotium
469 4056 565 4112 eodem
584 4071 659 4113 more
678 4059 858 4124 exerceretur,
877 4071 932 4124 qao
951 4070 981 4109 se
1000 4055 1064 4111 nino
1083 4055 1276 4112 exercebatur:
1294 4055 1377 4125 hique
1394 4057 1510 4111 tutelam
1528 4056 1701 4112 administra·

261 4149 360 4198 uerunt
377 4159 432 4199 non
449 4149 570 4215 mutum,
595 4162 655 4201 cum
680 4144 806 4214 impubes
828 4143 937 4214 patroni
960 4141 1031 4198 lilius
1050 4142 1160 4214 iuhset,
1185 4143 1234 4200 sed
1257 4145 1340 4200 etiam
1358 4149 1422 4214 post
1439 4144 1613 4214 pubertatem
1631 4148 1701 4202 eins

261 4231 311 4286 sed
329 4231 454 4302 Diphilus
473 4234 583 4302 quidem
602 4249 664 4290 cum
682 4235 850 4289 incremento
869 4233 1062 4302 negotiationis
1086 4233 1205 4288 rationes
1223 4233 1335 4303 optulit,
1362 4233 1521 4304 Pamphilus
1539 4239 1632 4290 autom
1651 4251 1701 4304 pu-

260 4320 332 4374 tauit
348 4319 463 4376 reddere
481 4327 607 4391 oportere
626 4339 681 4378 non
700 4323 735 4378 ad
754 4323 950 4377 incrementum
968 4321 1170 4392 negotiationis,
1189 4321 1239 4376 sed
1251 4321 1286 4376 ad
1299 4323 1532 4392 computationem
1545 4339 1700 4394 usurarum,
1719 4331 1746 4371 4⁵

261 4409 345 4463 utin
368 4409 471 4465 tutelae
494 4411 595 4467 iudicio
618 4412 696 4468 solet.
728 4411 883 4483 quaesitum
907 4416 962 4482 est,
992 4427 1027 4466 an
1051 4410 1201 4492 seeundum
1230 4411 1401 4466 uolunmtem
1426 4411 1549 4468 defuncti
1574 4413 1702 4482 exemplo

260 4515 459 4586 munnio)

261 4663 552 4807 pigneffiffesstufflm
622 4667 779 4742 'neophitos
801 4667 903 4736 (uatus
979 4667 1117 4742 'firmarat
1140 4668 1167 4722 B
1190 4665 1265 4736 (rote
1288 4665 1436 4740 uportposc
1458 4668 1614 4741 xpedcrsclz
1636 4683 1701 4740 pro·

263 4886 297 4940 10
315 4885 589 4942 consumationenF
632 4888 665 4942 11
684 4886 797 4958 desisse]
815 4888 953 4954 WDEIO,
1005 4886 1143 4944 mis's'isse
1166 4886 1203 4942 pa
1223 4888 1228 4956 l
1248 4887 1358 4959 debere]
1383 4889 1439 4956 EI,
1468 4887 1560 4946 deberi
1583 4887 1703 4946 FWDO

262 4957 372 5012 dedisse
390 4959 416 5010 F
461 4960 494 5014 17
512 4958 658 5014 benisrunt
676 4960 712 5012 F
756 4961 792 5015 23
809 4959 957 5029 aliquodF
1005 4959 1041 5014 35
1058 4959 1227 5030 rec't'eperat
1245 4959 1289 5024 Ρ,
1308 4967 1418 5030 reparat
1436 4961 1505 5018 wa*
1556 4963 1592 5018 44
1612 4963 1700 5016 inem·

262 5029 537 5085 310misissontF⁶
584 5031 619 5086 33
638 5031 682 5086 uel
700 5032 796 5086 onai*
812 5034 816 5099 Ι
831 5037 953 5102 praeter·
1005 5036 1098 5088 mento
1178 5033 1215 5087 to
1232 5045 1288 5086 non
1306 5031 1342 5087 ad
1361 5033 1401 5087 tis
1419 5033 1457 5086 Ρ
