3734 5578
284 237 402 304 XXVII
426 240 440 302 1
464 243 499 298 45
519 273 552 284 -
571 239 627 304 23
962 230 1049 310 794
1298 253 1357 300 uar
1379 251 1544 300 eurmnus
1566 214 1706 300 coucam

283 401 365 464 gatus
382 395 485 449 tutelae
504 410 611 463 munus,
630 393 702 464 quod
722 393 790 449 obiri
808 410 825 448 a
842 393 939 449 liberto
957 407 1012 449 non
1029 397 1122 464 potest
1141 395 1218 447 ¹eum
1236 391 1409 448 incommodo
1426 391 1522 462 pupilli
1539 395 1569 446 et
1584 390 1706 446 aduersus

283 484 426 539 utilitatem
446 483 512 537 eius.

225 576 264 632 46
335 573 454 628 Pauuus
473 571 541 626 libro
560 571 691 641 singulari
708 571 743 626 de
762 570 989 640 cognitionibus&
1020 570 1087 635 Qui⁸
1106 571 1134 624 in
1153 569 1266 638 collegio
1285 570 1418 639 pistorum
1437 563 1743 651 [ΜΡ

283 666 359 730 sunt,
384 678 400 715 a
423 661 515 716 tutelis
540 667 718 728 excusantur,
744 660 768 714 si
790 660 872 714 modo
889 675 939 729 per
957 660 1061 714 semet⁴
1079 657 1222 728 pistrinum
1241 662 1400 712 exerceant:
1423 657 1472 712 sed
1491 673 1546 712 non
1564 659 1630 712 alios
1647 663 1707 727 puto

250 761 261 804 1
282 750 454 806 excusandos
472 765 553 818 quum
573 750 619 817 qui
631 749 703 802 intra
716 765 856 803 numerum
870 751 958 802 suntl.
987 746 1078 802 Urbici
1097 749 1207 801 autem⁶
1223 747 1341 816 pistores
1358 761 1376 800 a
1392 746 1472 800 colle
1504 733 1734 820 &Usa—‘effeto

250 849 378 909 agarum
403 854 511 908 quoque
536 836 651 891 filiorum
675 839 768 892 tutelis
790 841 964 892 excusantur.
1001 835 1056 891 Sed
1079 841 1108 890 et
1131 835 1183 889 boe
1201 851 1289 904 genus
1307 835 1490 890 excusationis
1509 841 1566 904 est,
1590 835 1614 890 si
1632 831 1708 918 [(ἶιῐ)

282 928 343 997 quis
362 927 476 982 sedicit
494 926 531 981 ibi
550 925 714 980 domicilium
734 941 789 980 non
806 925 921 996 habere,
939 925 987 981 ubi
1006 925 1042 979 ad
1060 925 1174 979 tutelam
1192 924 1274 979 datus
1292 928 1346 978 est:
1365 923 1447 994 idque
1465 924 1614 994 imperator
1630 912 1708 980 Aa&

281 1017 361 1070 uinus
380 1031 441 1069 cum
461 1015 525 1070 diuo
544 1019 621 1084 patre
639 1013 813 1084 significauit.

979 1131 1019 1214 ll.
1725 1149 1736 1188 ⁹

281 1269 317 1346 R
363 1269 441 1344 UBI
481 1267 704 1345 PUPlLLUS
744 1266 953 1345 EDUCARI
988 1266 1079 1342 UEL
1113 1265 1295 1342 MORARI
1328 1265 1520 1343 DEBEAT
1554 1265 1618 1343 ET
1651 1265 1710 1342 DE
1726 1285 1766 1338 ιι)

593 1392 845 1470 ltlluENTls
877 1387 888 1477 fl
919 1392 965 1468 EI
998 1390 1325 1468 PRAESTANDIS
1370 1391 1408 1467 lt
1726 1412 1783 1457 tau

246 1550 260 1603 1
334 1550 484 1606 Unrmuus
502 1548 571 1603 libro
590 1548 731 1617 trigesimo
750 1553 846 1617 quarto
865 1548 901 1602 ad
919 1547 1049 1602 edictum.
1076 1545 1152 1602 Solet
1163 1552 1273 1616 praetor
1284 1545 1503 1616 frequentissime
1516 1546 1593 1616 adiri,
1612 1550 1643 1600 ut
1653 1561 1711 1602 oon·
1726 1540 1744 1596 d

281 1640 385 1708 stituat,
403 1637 451 1692 ubi
469 1637 516 1692 filii
535 1637 579 1690 uel
598 1638 706 1691 alantur
718 1637 762 1690 uel
775 1642 921 1705 morentur,
940 1652 995 1690 non
1007 1641 1113 1691 tantum
1126 1636 1155 1690 in
1165 1637 1308 1705 postumia,
1327 1650 1421 1690 uerum
1434 1636 1546 1692 omnino
1558 1636 1585 1690 iu
1598 1635 1712 1704 puerist

248 1736 260 1779 1
280 1728 317 1781 Et
339 1728 409 1781 solet
434 1742 468 1781 er
484 1741 615 1795 persona,
640 1742 674 1780 ex
694 1725 852 1779 condicione
871 1731 900 1778 et
917 1741 952 1778 ex
969 1730 1092 1794 tempore
1111 1729 1246 1793 statuere,
1271 1723 1318 1780 ubi
1335 1725 1427 1794 potius
1444 1724 1560 1780 alendus
1578 1719 1711 1807 [Βῗιῐῖιζι

280 1816 330 1871 sit:
356 1821 383 1869 et
407 1830 611 1883 nonnumquam
636 1831 653 1868 a
669 1814 812 1868 uoluntate
831 1813 916 1882 patris
935 1813 1038 1868 recedit
1055 1819 1173 1882 praetor.
1206 1812 1324 1883 denique
1342 1829 1403 1868 eum
1422 1813 1533 1882 quidam
1552 1817 1712 1868 testamento
1729 1823 1753 1864 ιι

280 1919 330 1959 suo
349 1905 482 1971 cauisset,
506 1907 539 1956 ut
555 1900 627 1957 filius
645 1903 719 1972 apud
738 1902 916 1957 substitutum
935 1902 1081 1972 educetur,
1103 1903 1251 1972 imperator
1268 1900 1388 1957 Seuerus
1403 1903 1546 1972 rescripsit
1562 1907 1712 1972 praetorem

279 1993 425 2047 aestimare
439 1990 539 2046 debere
552 1992 742 2061 praesentibus
756 1993 854 2046 ceteris
867 1991 1025 2061 propinquis
1037 1990 1196 2046 liberorum:
1215 1991 1243 2046 id
1256 1992 1327 2046 enim
1340 2006 1422 2060 agere
1435 1998 1588 2061 praetorem
1601 1997 1713 2062 oportet,

247 2093 261 2136 2
280 2085 311 2136 ut
333 2081 393 2136 sine
418 2081 473 2134 ulla
495 2081 616 2149 maligna
636 2081 791 2149 suspicione
810 2081 898 2134 alatur
914 2086 1010 2149 partus
1029 2086 1057 2134 et
1075 2079 1216 2135 educetur.
1253 2079 1384 2145 Quamuis
1402 2085 1494 2135 autem
1512 2083 1625 2150 praetor
1642 2094 1713 2134 reem

280 2175 387 2225 sentem
406 2169 529 2239 apud'se
548 2168 659 2224 educari
677 2184 731 2223 non
749 2169 910 2238 polliceatur
928 2184 958 2224 se
977 2175 1148 2237 coacturum,
1167 2173 1288 2223 attamen
1306 2169 1474 2238 quaestionis
1492 2173 1544 2238 est,
1562 2184 1599 2224 au
1618 2167 1715 2224 debeat

280 2260 362 2314 etiam
381 2258 498 2313 inuitum
517 2272 624 2326 eogere,
643 2262 676 2312 ut
692 2261 761 2326 pute
778 2256 913 2326 libertum,
932 2263 1074 2328 parentem
1092 2258 1135 2313 uel
1154 2273 1234 2326 quem
1254 2257 1336 2312 alium
1349 2257 1384 2312 de
1397 2255 1534 2312 adfinibus
1546 2259 1713 2328 cognatisne
1730 2265 1754 2306 ιι

247 2359 261 2403 3
280 2353 308 2402 et
327 2347 416 2415 magis
433 2351 484 2415 est,
503 2349 535 2400 ut
552 2346 687 2401 interdum
707 2344 806 2401 debeat
824 2345 852 2401 id
870 2345 969 2401 facere.
996 2347 1076 2401 Certe
1095 2363 1149 2402 non
1168 2347 1238 2401 male
1250 2346 1364 2414 dicetur,
1384 2346 1408 2400 si
1420 2346 1569 2414 legatarius
1581 2349 1628 2403 usl
1640 2346 1715 2402 heres

280 2435 470 2490 educationem
489 2442 598 2490 recuset
615 2439 780 2490 testamento
799 2434 851 2489 sibi
869 2435 1026 2502 iniunctam,
1046 2435 1176 2504 denegari
1194 2435 1220 2490 ei
1233 2435 1355 2490 actiones
1367 2433 1468 2490 debere
1480 2435 1608 2505 exemplo
1620 2435 1714 2490 tutoris

279 2527 445 2579 testamento
464 2524 534 2578 dati:
553 2523 627 2594 quod
645 2524 685 2578 ita
702 2523 813 2578 demum
827 2523 937 2593 placuit,
956 2525 980 2578 si
992 2523 1092 2580 idcirco
1105 2524 1141 2578 sit
1152 2524 1289 2578 relictum:
1308 2527 1430 2578 ceterum
1442 2524 1467 2578 si
1478 2530 1554 2580 esset
1564 2525 1715 2592 relicturus,

280 2613 386 2668 etiamsi
404 2612 595 2667 educationem
614 2617 804 2668 recusaturum
822 2613 911 2682 sciret,
931 2627 985 2668 non
1003 2611 1185 2682 denegabitur
1202 2613 1227 2666 ei
1241 2613 1322 2681 actio,
1340 2611 1420 2668 etita
1431 2612 1513 2668 diuus
1524 2611 1648 2670 Seuerus
1659 2627 1714 2668 sse

277 2703 390 2773 pissime
408 2701 513 2758 statuit.
1731 2711 1755 2752 ιι

242 2795 260 2851 2
331 2792 410 2846 Ιιιιιιι
427 2789 496 2845 libro
515 2789 655 2859 trigesimo
675 2795 754 2844 sexto
771 2790 808 2845 ad
826 2789 954 2845 edictum.
983 2787 1079 2845 Officio
1097 2789 1206 2860 iudicis,
1223 2789 1270 2859 qui
1287 2790 1391 2845 tutelae
1409 2789 1559 2860 cognoscit,
1577 2785 1749 2873 [uacans

279 2879 405 2949 congruit
422 2879 608 2949 reputationes
626 2879 724 2932 tutoris
743 2894 797 2933 non
815 2878 954 2948 improbas
973 2878 1131 2948 admittere,
1154 2883 1185 2932 ut
1202 2885 1269 2948 puta
1287 2879 1311 2933 si
1328 2877 1403 2933 dicat
1420 2867 1714 2948 impendissesi‘ndi'·

247 2984 259 3027 1
279 2974 372 3024 mente
393 2969 488 3038 pupilli
511 2968 555 3021 uel
577 2967 744 3036 disciplinas.
779 2967 877 3022 Modus
896 2973 1001 3036 autem,
1025 2966 1177 3034 siquidem
1196 2966 1471 3038 praetorarbitratus
1489 2973 1546 3038 est,
1569 2969 1715 3025 iscamari

278 3057 374 3126 debet,
394 3072 476 3126 quem
495 3061 606 3126 praetor
622 3056 732 3110 statuit:
754 3055 777 3110 si
795 3070 861 3112 uero
880 3061 989 3127 praetor
1006 3069 1061 3111 non
1079 3061 1123 3111 est
1140 3056 1245 3126 aditus,
1263 3070 1313 3126 pro
1332 3055 1413 3112 modo
1431 3054 1605 3112 facultatium
1623 3057 1717 3130 pupilli

279 3145 363 3200 debet
386 3145 497 3200 arbitrio
515 3144 614 3199 iudicis
632 3145 784 3200 aestimari:
806 3161 858 3200 nec
876 3145 948 3200 euim
966 3145 1177 3214 permittendum
1197 3150 1240 3200 est
1257 3146 1341 3200 tutori
1360 3149 1466 3200 tentum
1484 3152 1615 3216 reputare
1633 3163 1715 3217 quan·
1732 3157 1756 3196 so

246 3244 260 3288 a
278 3240 337 3289 tum
355 3234 440 3304 dedit,
459 3235 482 3289 si
500 3234 562 3304 plus
581 3248 669 3303 aequo
687 3233 772 3288 dedit
799 3235 859 3289 Hoc
877 3234 993 3304 amplius
1011 3241 1039 3289 et
1053 3235 1076 3290 si
1089 3233 1322 3304 praetermodum
1334 3233 1471 3289 alimentis
1483 3235 1589 3304 statuit,
1609 3251 1716 3290 uerum·

278 3328 371 3378 temtus
389 3324 460 3378 ultra
478 3323 551 3377 uires
569 3320 740 3377 facultatium
758 3327 801 3377 est
819 3321 892 3390 quod
911 3321 1051 3378 decretum
1069 3328 1113 3378 est
1130 3338 1181 3378 nec
1198 3323 1339 3392 suggessit
1355 3323 1474 3392 praetori
1491 3323 1528 3378 de
1544 3329 1622 3380 statu
1634 3323 1716 3380 facul·

278 3413 386 3481 tatium,
404 3427 460 3467 non
478 3410 562 3467 debet
577 3413 648 3466 ratio
666 3410 761 3466 baberi
779 3411 967 3466 alimentorum
980 3412 1110 3481 omnium,
1129 3412 1201 3482 quia,
1221 3413 1244 3466 si
1256 3413 1451 3482 suggessisset,
1469 3418 1519 3468 aut
1529 3413 1717 3470 minuerentur

246 3513 260 3557 s
279 3501 332 3557 iam
351 3501 463 3556 decreta
481 3504 530 3555 aut
548 3515 602 3555 non
620 3503 698 3554 muta
715 3498 933 3554 decernerentur.
960 3498 1016 3555 Sed
1035 3501 1058 3554 si
1074 3506 1152 3570 pater
1164 3501 1261 3556 stamit
1272 3501 1403 3556 alimenta
1412 3500 1506 3556 liberis
1517 3517 1588 3570 quos
1601 3502 1716 3558 heredes

278 3590 426 3660 scripserit,
448 3604 482 3644 ea
500 3588 665 3659 praestando
684 3591 758 3646 tutor
775 3592 902 3658 reputare
919 3589 1028 3658 poterit,
1046 3589 1097 3644 nisi
1115 3587 1185 3644 forte
1204 3590 1275 3646 ultra
1293 3591 1366 3645 uires
1383 3588 1555 3646 facultatium
1572 3591 1715 3647 statuerit:
1732 3600 1756 3640 ιι

278 3683 345 3735 tnnc
363 3679 435 3734 enim
454 3677 632 3748 imputabitur
650 3677 684 3746 ei,
703 3693 752 3732 cur
768 3691 824 3732 non
842 3676 916 3732 adito
934 3682 1059 3746 praetore
1077 3676 1246 3732 desiderauit
1262 3678 1392 3734 alimenta
1410 3679 1503 3734 minui.

241 3769 260 3826 3
331 3769 409 3822 lnuss
426 3767 495 3823 libro
507 3768 595 3836 primo
607 3766 642 3822 de
655 3765 781 3822 omnibus
793 3764 981 3820 tribunalibus.
1010 3767 1056 3821 lus
1068 3767 1257 3822 alimentorum
1269 3767 1501 3824 decernendorum
1513 3768 1628 3839 pupillis
1639 3783 1715 3839 prae
1732 3761 1750 3815 S

277 3857 329 3932 tori
348 3858 487 3927 competit,
505 3861 538 3911 ut
554 3856 613 3925 ipse
631 3855 795 3923 moderetur,
814 3869 897 3922 quam
914 3870 1048 3910 summam
1066 3858 1172 3910 tutores
1189 3856 1234 3910 uel
1252 3861 1392 3912 curatores
1410 3857 1446 3912 ad
1463 3856 1596 3912 alimenta
1608 3857 1716 3928 pupillis

245 3959 258 4004 1
278 3947 323 4001 uel
341 3945 563 4000 adulescentibus
581 3949 721 4015 praestare
740 3941 866 3997 debeant.
901 3943 1013 3998 Modum
1032 3949 1124 4000 autem
1143 3945 1299 4015 patrimonii
1316 3949 1441 4016 spectare
1459 3944 1556 4015 debet,
1576 3939 1715 4030 [Q

278 4050 341 4090 cum
359 4035 489 4090 alimenta
506 4033 642 4089 decernit:
667 4038 694 4087 et
712 4031 795 4087 debet
813 4035 934 4086 statuere
952 4037 1008 4086 tam
1026 4033 1179 4103 moderate,
1198 4037 1230 4088 ut
1247 4049 1302 4088 non
1320 4034 1476 4089 uniuersum
1494 4033 1616 4090 reditum
1633 4035 1714 4105 patri·
1731 4043 1755 4082 lt

245 4137 260 4180 a
278 4124 361 4179 monii
385 4124 414 4178 in
438 4125 568 4179 alimenta
585 4121 728 4190 decernat,
753 4119 803 4175 sed
821 4134 930 4190 semper
946 4120 1008 4190 alm,
1032 4125 1063 4176 ut
1081 4121 1185 4191 aliquid
1202 4137 1237 4177 ex
1254 4121 1345 4177 reditu
1362 4122 1490 4192 supersit.
1528 4122 1604 4180 Ante
1623 4125 1715 4180 oeulos

277 4211 378 4268 babere
397 4211 480 4267 debet
498 4213 526 4267 iu
544 4210 716 4267 decernendo
735 4208 917 4278 etmaneipia,
936 4224 1007 4278 quae
1018 4210 1128 4280 pupillis
1142 4209 1309 4280 deseruiuut,
1328 4213 1357 4264 et
1368 4209 1509 4266 mercedes
1516 4214 1538 4248 ¹⁰
1548 4213 1714 4283 pupillorum

278 4307 306 4356 ct
323 4305 430 4356 uestem
449 4305 477 4356 et
493 4304 597 4356 tectum
616 4299 724 4370 pupilli:
743 4303 861 4353 aemtem
880 4297 961 4352 etiam
981 4297 1167 4369 contemplari,
1186 4299 1213 4354 in
1228 4315 1283 4369 qua
1295 4300 1460 4354 constitutam
1471 4305 1516 4355 est
1527 4301 1572 4356 cui
1584 4301 1715 4358 alimenta

276 4405 500 4477 mwuosrc)

278 4570 287 4603 ¹
299 4567 352 4621 nisi
364 4575 411 4620 lna.
457 4567 564 4621 'eadem
573 4569 651 4638 pluas
663 4567 776 4637 afferunt
787 4563 844 4618 Uat.
854 4583 908 4618 sum
921 4570 1123 4636 masserlpltoas
1132 4563 1272 4635 ‘tllpianus
1284 4564 1318 4620 de
1330 4563 1422 4620 officio
1434 4567 1569 4636 praeforis
1580 4564 1713 4622 tutelatis'

276 4637 355 4692 ⁸sed
374 4637 421 4707 qui
443 4637 499 4691 Uul.
553 4638 565 4671 ⁴
582 4637 658 4706 ipsos
678 4645 724 4688 tna.
740 4635 798 4688 Uol.
858 4636 869 4670 ⁵
888 4634 935 4704 qui
952 4635 1026 4692 intra
1043 4650 1184 4690 numerum
1204 4637 1345 4691 constituti
1363 4639 1550 4692 centenarium
1568 4640 1712 4709 pistrinum

276 4709 427 4764 secundum
444 4709 550 4762 litteras
567 4707 625 4761 diui
643 4706 754 4760 Traiani
772 4705 808 4760 ad
827 4703 975 4776 Sulpicium
994 4705 1114 4762 Similem
1134 4711 1292 4762 exerceant:
1315 4723 1386 4778 quae
1410 4709 1503 4764 omnia
1519 4710 1619 4765 litteris
1636 4725 1713 4781 prae

277 4778 342 4834 fecti
361 4794 485 4834 annonae
503 4777 683 4847 significanda
700 4782 765 4831 sunt
786 4777 843 4831 Uat.
897 4779 1018 4831 ⁸autem
1038 4797 1086 4832 om.
1102 4778 1161 4833 Uul.
1219 4779 1358 4848 'pupillis
1377 4777 1426 4844 (tal
1445 4781 1554 4835 alarum
1572 4783 1631 4836 :das
1650 4779 1712 4834 tail-

278 4861 333 4904 llms
352 4849 433 4916 BS)?
492 4851 551 4903 8ιιι
571 4857 617 4903 tas.
638 4849 790 4915 (Rucfterus)
850 4847 920 4904 ⁹sic
937 4848 1035 4916 (edd.)?
1095 4850 1117 4884 ¹⁰
1134 4855 1341 4920 praeceptorum
1361 4859 1408 4905 las.
1426 4853 1554 4919 (simililer
1571 4851 1713 4920 Leonum)

277 5009 294 5065 3
313 5009 436 5083 collegio]
455 5009 532 5076 ΡΙ),
551 5007 657 5080 collegii
674 5007 720 5074 F1,
739 5007 860 5078 collegiis
877 5007 1006 5076 WQEIG
1057 5009 1374 5082 dquoque1quodeF¹
