3698 5560
294 223 336 289 [Π
360 226 477 288 zos-r
969 216 1053 293 100
1502 239 1547 283 us
1569 237 1727 284 neotus

294 379 434 432 domiuum
452 377 486 430 de
505 377 612 446 peculio
630 377 772 431 dumtaxat
791 376 909 429 dandam
928 377 1072 428 actionem.
1100 376 1228 442 idemque
1247 385 1289 427 est
1307 386 1334 427 et
1353 376 1376 428 si
1395 376 1435 427 sni
1453 375 1518 427 iuris
1536 390 1597 428 esse
1615 390 1662 428 eos
1679 391 1727 443 pu-

295 468 360 520 taui.
398 483 459 519 uam
484 472 513 518 ct
535 467 559 518 si
583 481 691 518 seruum
716 481 770 518 nou
795 466 977 518 necessarium
1002 479 1093 516 emero
1144 463 1198 516 lilio
1222 472 1270 516 tuo
1293 471 1321 516 et
1344 474 1373 515 tu
1392 474 1480 515 ratum
1498 462 1639 530 habueris,
1663 463 1728 516 nihil
1745 467 1806 515 tot'

294 556 399 622 agitur*
420 553 610 606 ratihabitione
634 553 730 606 eodem
749 555 808 607 loco
826 554 991 621 Pomponius
1010 553 1103 606 scribit
1121 551 1171 605 hoc
1191 553 1311 609 aaliecto,
1335 551 1408 619 quod
1426 560 1517 619 putat,
1542 552 1592 604 etsi
1611 551 1674 604 nihil
1694 552 1728 604 sit

296 645 321 695 in
340 643 455 711 peculio,
475 644 601 710 qutouiam
622 642 683 710 plus
701 644 771 710 patri
790 641 935 696 domiuoue
954 641 1076 711 debetur,
1096 649 1124 694 et
1143 643 1169 694 iu
1188 651 1293 710 putrem
1314 639 1431 693 dandam
1445 641 1587 708 actionem,
1605 642 1632 693 in
1644 657 1728 708 quan·

210 735 224 776 ‘t
245 731 274 787 [o
295 740 352 784 tum
371 731 583 798 locupletiores
602 745 664 783 mea
682 731 916 786 administratione
936 729 1024 784 iactus
1043 733 1087 784 sit
1116 729 1171 784 Sed
1190 731 1213 785 si
1231 730 1348 783 hominis
1366 727 1442 781 liberi
1460 729 1505 795 qui
1525 728 1573 781 tibi
1591 727 1728 783 bonafide
1747 739 1759 778 ⁵

295 818 433 872 seruiebat
456 819 567 885 negotia
591 834 715 886 gessero:
740 820 763 872 si
787 819 896 888 quidem
921 826 1021 888 putans
1039 827 1116 872 tuum
1135 834 1197 872 esse
1216 835 1324 871 seruum
1343 817 1431 885 gessi,
1454 817 1618 884 Pomponius
1636 817 1729 871 scribit

294 924 388 961 earum
407 923 497 960 rerum
516 907 691 974 peculiarium
711 923 802 976 causa,
821 924 892 977 quae
910 915 938 962 te
956 910 1034 977 sequi
1053 908 1162 975 debent,
1182 915 1272 961 tecum
1291 907 1356 960 mihi
1375 904 1432 958 fore
1451 907 1621 973 negotiorum
1640 913 1728 974 gesto-

296 1012 355 1049 rum
374 997 518 1063 actionem,
537 1009 630 1048 earum
649 1011 715 1050 uero
733 1011 831 1064 rerum,
850 1012 920 1065 quae
939 998 1028 1065 ipsum
1048 1005 1206 1065 sequuntur,
1225 1012 1280 1050 nou
1298 1004 1397 1062 tecum,
1416 995 1465 1048 sed
1484 1011 1545 1049 cum
1564 996 1632 1062 ipso.
1663 994 1729 1047 scd²

296 1084 319 1137 si
336 1083 450 1138 liberum
469 1085 545 1152 sciui,
563 1100 656 1137 earum
670 1085 779 1153 quidem
793 1101 892 1153 rerum,
911 1101 1056 1154 quaecum
1071 1093 1229 1154 sequuntur,
1248 1083 1354 1137 habebo
1367 1083 1499 1136 aduersus
1512 1099 1574 1136 eum
1587 1083 1729 1150 actionem,

199 1178 225 1220 ¹⁰
244 1175 275 1230 (ei
296 1187 389 1225 earum
408 1187 489 1240 uero,
508 1188 578 1241 quae
596 1179 624 1226 tc
642 1183 805 1242 sequuntur,
824 1174 957 1228 aduersus
975 1180 1011 1228 te.
1049 1174 1078 1229 Si
1097 1176 1161 1228 Titii
1180 1189 1289 1227 seruum
1307 1180 1409 1241 putans
1427 1173 1473 1240 qui
1491 1177 1550 1225 erat
1569 1170 1729 1239 Sempronii,
1749 1181 1775 1220 ιο

296 1259 397 1314 dedero
415 1262 558 1329 pccummu
577 1277 612 1315 ne
629 1262 812 1330 occideretur,
831 1269 861 1315 ut
878 1263 1045 1331 Pomponius
1063 1265 1109 1330 ait,
1127 1262 1235 1316 habebo
1253 1263 1423 1329 negotiorum
1441 1267 1579 1331 postorum
1598 1259 1730 1312 aduersus

198 1357 221 1397 ιι
244 1352 275 1407 (⁹1
296 1347 485 1416 Sempronium
508 1350 652 1404 actionem.
689 1351 757 1404 ltem
776 1352 914 1418 qtracritur
931 1352 1005 1421 apud
1024 1352 1137 1405 Pedium
1156 1350 1225 1405 libro
1244 1351 1373 1418 septimo,
1398 1349 1421 1402 si
1439 1349 1540 1402 Titium
1559 1350 1637 1417 quasi
1655 1347 1729 1402 debi-

296 1443 382 1490 torem
405 1443 482 1490 tuum
506 1445 584 1491 exus
602 1439 731 1493 iudicium
751 1439 916 1493 admonuero
934 1446 962 1494 et
981 1441 1005 1493 is
1023 1440 1089 1493 mihi
1108 1440 1234 1507 soluerit,
1258 1455 1320 1493 eum
1339 1437 1447 1491 debitor
1463 1453 1517 1491 uon
1535 1445 1621 1504 esset,
1645 1443 1730 1505 tuque

295 1531 392 1593 postca
409 1526 571 1592 cognoueris
589 1533 617 1580 et
635 1532 724 1581 ratum
742 1527 882 1582 habueris:
900 1545 935 1582 au
954 1529 1124 1596 negotiorum
1144 1535 1283 1596 gestorum
1300 1528 1406 1580 actione
1418 1541 1462 1580 me
1473 1527 1563 1594 possis
1576 1526 1729 1579 conuenire.

295 1619 324 1666 et
341 1613 380 1666 ait
397 1611 515 1667 dubitari
533 1630 623 1683 posse,
643 1615 827 1684 quianullum
847 1617 987 1684 negotium
1006 1624 1083 1671 tuum
1102 1624 1210 1685 gestum
1230 1624 1280 1683 est,
1300 1632 1361 1669 cnm
1380 1614 1487 1668 debitor
1499 1620 1563 1668 tuus
1576 1630 1628 1669 uon
1641 1613 1729 1668 fuerit
1751 1625 1777 1664 rs

295 1700 345 1754 sed
362 1700 530 1771 ratihabitio,
548 1703 649 1772 inquit,
671 1701 738 1757 fecit
754 1709 831 1758 hrum
849 1706 1003 1773 negotium:
1023 1711 1051 1758 et
1069 1706 1140 1758 sicut
1157 1705 1184 1758 ei
1201 1719 1219 1757 a
1237 1719 1291 1771 quo
1310 1710 1437 1757 erectum
1456 1709 1498 1756 est
1517 1703 1650 1757 aduersus
1668 1718 1730 1756 eum

295 1788 376 1842 datin
392 1790 517 1857 repetitio
535 1791 582 1860 qui
600 1799 689 1846 ratum
707 1791 810 1860 habuit,
829 1793 867 1846 ita
885 1799 914 1848 et
931 1794 983 1862 ipsi
1001 1793 1112 1848 debebit
1129 1799 1192 1862 post
1210 1790 1428 1845 ratihabitionem
1445 1791 1577 1845 aduersus
1595 1805 1639 1845 me
1658 1806 1730 1845 com—

294 1883 387 1947 petere
406 1880 485 1934 actio.
518 1880 558 1934 sic
576 1879 731 1935 ratihabitio
749 1883 898 1936 constituet
915 1887 992 1935 tuum
1011 1881 1166 1950 negotium,
1184 1880 1258 1948 quod
1277 1879 1312 1932 ab
1330 1880 1406 1934 initio
1424 1885 1501 1933 tuum
1520 1895 1574 1934 nou
1592 1885 1663 1948 erat,
1682 1879 1730 1933 sed

181 1975 209 2017 12
227 1970 275 2026 (tt)
295 1971 344 2020 tua
361 1967 590 2036 contemplatione
607 1975 725 2035 gestum.
763 1969 838 2024 ldem
857 1971 909 2038 ait,
933 1970 957 2024 si
975 1970 1040 2024 Titii
1058 1968 1223 2038 debitorem,
1247 1969 1292 2022 cni
1309 1974 1337 2021 te
1356 1967 1483 2022 heredem
1501 1968 1645 2038 putabam,
1668 1983 1730 2022 cum

296 2061 371 2108 esset
388 2053 467 2110 Seius
486 2055 579 2124 heres,
603 2071 757 2112 conuenere
775 2058 899 2112 similiter
916 2064 946 2112 et
962 2073 1094 2126 exegero,
1118 2073 1182 2112 mox
1199 2063 1231 2111 tu
1248 2061 1337 2110 ratum
1355 2054 1497 2110 habueris:
1519 2071 1581 2110 esse
1600 2053 1666 2109 mihi
1684 2053 1730 2108 ad-
1750 2065 1779 2105 eo

295 2157 392 2197 uersus
409 2149 438 2197 te
456 2149 484 2197 et
501 2142 550 2198 tibi
569 2149 691 2200 mutuam
709 2147 876 2214 negotiorum
894 2152 1035 2216 gestorum
1053 2147 1197 2201 actionem.
1225 2145 1457 2212 secundianum
1469 2145 1608 2213 negotium
1621 2147 1730 2212 mmm

296 2237 346 2300 est,
365 2231 415 2286 sed
433 2231 588 2287 ratihabitio
606 2231 659 2287 hoc
677 2235 817 2289 conciliat:
836 2250 907 2303 quae
925 2250 969 2290 res
987 2233 1079 2302 efficit,
1097 2239 1130 2288 ut
1146 2241 1224 2288 tuum
1243 2232 1383 2301 negotium
1402 2237 1510 2301 gestum
1530 2231 1655 2286 uideatur
1673 2237 1732 2305 eta

183 2327 211 2369 la
228 2322 276 2380 (ιι)
294 2325 323 2373 te
341 2318 478 2374 hereditas
495 2321 552 2390 peti
570 2321 666 2390 possit
700 2322 771 2387 Quid
789 2338 870 2392 ergo,
888 2324 977 2393 iuquit
994 2323 1109 2390 Pedius,
1128 2322 1165 2391 si,
1184 2337 1246 2376 cum
1264 2327 1293 2374 te
1310 2319 1438 2374 heredem
1456 2325 1595 2390 putarem,
1614 2320 1730 2374 insulam

295 2405 396 2462 fulsere
413 2407 604 2463 hereditariam
621 2415 707 2478 tuque
724 2417 812 2465 ratum
831 2411 967 2481 habueris,
986 2429 1021 2466 an
1039 2412 1076 2466 sit
1094 2409 1158 2464 mihi
1176 2409 1308 2463 aduersus
1326 2415 1355 2462 te
1365 2407 1458 2463 actio?
1485 2408 1533 2462 sed
1546 2425 1600 2464 uon
1612 2407 1671 2463 sore
1684 2408 1731 2476 ait,

296 2511 358 2551 cum
376 2495 429 2552 boc
445 2494 520 2553 facto
538 2512 600 2553 meo
617 2499 687 2554 alter
703 2500 740 2553 sit
757 2500 938 2570 locupletatus
956 2505 984 2554 et
1001 2500 1114 2555 alterius
1131 2514 1161 2554 re
1179 2499 1240 2568 ipsa
1257 2501 1365 2566 gestum
1384 2498 1524 2565 negotium
1543 2498 1587 2566 sit,
1606 2511 1657 2551 nec
1668 2512 1731 2566 pos-
1751 2508 1781 2548 aa

184 2593 213 2637 14
229 2587 278 2647 (12)
297 2585 341 2654 sit,
360 2584 433 2654 quod
451 2585 496 2639 alii
514 2584 680 2656 adquisitum
698 2592 742 2642 est
757 2588 819 2657 ipso
837 2593 926 2658 gestia
945 2588 997 2644 hoc
1014 2593 1093 2643 tuum
1112 2587 1251 2656 negotium
1270 2585 1366 2640 uideri.
1403 2585 1551 2640 Uideamus
1569 2586 1597 2639 in
1615 2599 1733 2654 persona

297 2673 370 2742 eins,
388 2673 435 2742 qui
453 2675 564 2743 negotia
581 2674 764 2744 administrat,
782 2677 806 2731 si
823 2676 958 2745 quamn
976 2677 1064 2746 gessit
1080 2676 1216 2746 quaedam
1234 2690 1297 2743 uon,
1316 2675 1544 2742 contemplatione
1562 2679 1655 2728 amen
1673 2674 1732 2728 eiua

298 2761 367 2815 alius
385 2761 422 2815 ad
439 2760 507 2817 haec
525 2777 579 2819 uon
597 2765 722 2834 accesdt,
741 2770 770 2818 ct
787 2764 810 2819 si
828 2765 870 2819 uir
888 2765 1005 2834 diligens
1023 2765 1108 2834 (quod
1126 2763 1162 2819 ab
1180 2779 1213 2819 eo
1229 2763 1375 2832 exigimus)
1387 2763 1469 2816 etiam
1481 2777 1515 2816 ea
1526 2767 1655 2830 gesturus
1666 2759 1732 2816 tuit:

298 2863 334 2902 an
351 2848 406 2903 dici
424 2848 525 2905 debeat
542 2853 712 2922 negotiorum
730 2857 870 2922 gestorum
889 2867 952 2907 eum
970 2853 1057 2908 teneri
1076 2857 1104 2907 et
1120 2859 1232 2923 propter
1249 2867 1285 2906 ea
1298 2864 1369 2920 quae
1382 2865 1436 2905 non
1448 2850 1553 2919 gessit?
1579 2849 1653 2920 quod
1665 2853 1733 2918 puto

298 2935 399 2992 uenus.
435 2943 509 2993 certe
533 2939 557 2994 si
579 2940 646 3010 quiid
664 2956 682 2995 a
698 2955 729 2996 se
747 2941 858 3011 exigere
879 2940 989 3010 debuit,
1012 2940 1107 3010 procul
1130 2939 1215 2996 dubio
1232 2938 1284 2994 hoc
1301 2940 1327 2994 ei
1344 2937 1530 3008 imputabitur.
1567 2950 1782 3008 quemquamst

298 3025 371 3080 euim
389 3023 442 3080 hoc
459 3027 484 3082 ei
501 3027 630 3097 imputari
648 3044 703 3084 uon
720 3030 822 3099 possit,
841 3044 889 3086 cur
907 3030 975 3085 alios
994 3027 1132 3084 debitores
1150 3043 1205 3084 non
1222 3026 1388 3096 conuenerit,
1407 3028 1534 3096 quoniam
1553 3025 1734 3082 conuenienti

298 3128 347 3168 eos
369 3113 470 3170 iudicio
494 3113 652 3171 laculmem
674 3131 730 3173 uon
746 3116 856 3186 habuit,
879 3118 926 3188 qui
943 3118 1045 3174 unllam
1063 3117 1198 3172 actionem
1216 3115 1356 3171 intendere
1374 3116 1477 3186 potuit:
1500 3121 1593 3171 nmen
1611 3131 1628 3170 a
1646 3119 1735 3168 semet

299 3202 359 3272 ipso
376 3217 426 3258 cur
442 3218 498 3259 uon
515 3205 646 3274 exegerit,
664 3205 690 3260 ei
707 3205 898 3276 imputabitur:
917 3212 946 3261 et
963 3206 987 3261 si
1004 3204 1075 3261 torte
1091 3221 1146 3260 non
1158 3203 1239 3259 luerit
1250 3213 1403 3259 usurarum
1417 3203 1547 3274 debitum,
1566 3204 1661 3272 incipit
1672 3217 1735 3257 esse

299 3292 465 3361 usurarium,
484 3296 515 3346 ut
533 3292 614 3348 dnus
631 3293 697 3348 Pius
714 3293 810 3348 Pluuio
828 3295 952 3364 longino
970 3293 1124 3363 rescripsit:
1143 3294 1195 3348 nisi
1213 3291 1291 3361 some,
1310 3292 1405 3362 inquit,
1424 3309 1521 3348 usurae
1540 3293 1565 3348 ei
1582 3292 1733 3348 remiserat
1754 3303 1785 3343 as

196 3375 214 3432 c
235 3373 280 3453 (t)
352 3379 558 3436 processuro
576 3395 649 3436 nono
664 3380 700 3436 ao
711 3366 840 3437 mamm.
869 3382 937 3448 ouo
949 3382 1109 3437 eremum
1122 3382 1150 3436 n
1161 3381 1250 3436 sonae
1262 3380 1326 3436 cuer
1338 3379 1576 3436 iubetisofficinm
1596 3375 1736 3464 Q
1754 3385 1781 3438 u

298 3465 397 3522 iudicis
414 3468 497 3537 odet,
515 3473 647 3537 quantum
666 3469 695 3524 in
712 3469 887 3539 stipulatione
906 3471 1064 3526 nominatim
1082 3470 1141 3524 eius
1159 3470 1198 3524 rei
1216 3467 1291 3524 lacta
1308 3468 1491 3538 interrogatio.

197 3550 215 3607 7
237 3549 281 3626 (8)
353 3553 502 3611 Uuersrtus
519 3555 587 3612 libro
606 3556 713 3612 decimo
730 3558 766 3612 ad
784 3557 912 3612 edictum.
941 3557 970 3613 st
988 3563 1080 3613 autem
1097 3555 1185 3612 isfuit
1197 3558 1244 3626 qui
1256 3558 1367 3626 negotia
1378 3557 1579 3612 administrauit
1597 3551 1736 3640 ffl
1755 3563 1783 3616 E

301 3657 318 3696 a
337 3656 391 3711 quo
409 3643 568 3699 mandatum
586 3659 640 3700 nou
659 3645 828 3716 erigebatur,
847 3660 929 3715 posse
947 3655 974 3700 et
992 3647 1128 3717 imputari,
1147 3661 1195 3700 cur
1213 3643 1305 3700 oblata
1322 3645 1357 3702 de
1375 3650 1435 3700 rato
1453 3645 1579 3700 cautione
1598 3661 1660 3701 eum
1680 3661 1736 3700 uon

300 3731 443 3785 conuenit:
461 3731 485 3786 sl
503 3732 585 3788 modo
603 3731 682 3788 boile
700 3733 726 3788 ei
744 3732 825 3788 luerit
841 3733 983 3790 sabsdare.
1011 3740 1085 3791 certe
1102 3735 1131 3790 iu
1148 3750 1200 3790 sua
1217 3749 1335 3806 pomona
1352 3732 1533 3789 indubitatum
1551 3739 1607 3790 est:
1626 3739 1655 3789 et
1672 3734 1737 3790 ideo
1756 3745 1785 3785 ss

301 3835 451 3906 mutu)

303 3997 311 4030 ²
330 3994 376 4064 agi
393 3994 463 4049 tua?
533 3997 545 4032 ¹
553 4001 667 4069 firmum
683 3998 732 4053 BS
750 3998 874 4068 (Stephp
893 3999 916 4052 εἰ
934 3999 964 4052 h'c
983 3998 1070 4069 tibere:
1088 3998 1138 4054 scd
1156 4004 1185 4055 et
1202 3999 1304 4068 (Helbt

372 4121 443 4170 recto
594 4124 711 4182 ,arcto
725 4121 771 4184 F,
844 4121 934 4176 e'cto
953 4123 992 4176 P⁶
1045 4123 1221 4192 negociorum
1244 4123 1284 4176 P·
1345 4123 1381 4177 24
1460 4121 1530 4176 ueri·
1553 4123 1581 4174 F
1599 4121 1740 4188 (habueris
1797 4131 1800 4140 ⁴

301 4114 380 4170 eso·
444 4115 598 4184 WP‘LU
637 4117 664 4172 o·
752 4120 889 4176 taso
1405 4119 1458 4176 hoo
1779 4113 1830 4185 X

300 4186 365 4274 4'et
382 4187 532 4272 inpetrem
551 4188 669 4244 dandam
688 4191 834 4274 actionem]
860 4193 898 4246 tal
920 4191 991 4254 οῩτω
1045 4195 1118 4260 m.3)
1173 4195 1208 4248 25
1232 4194 1300 4248 alter
1321 4192 1409 4248 s'ed'it
1430 4194 1458 4244 F
1504 4193 1539 4246 26
1561 4199 1670 4262 gestum
1689 4194 1739 4259 P·‚

301 4264 394 4310 srhmur
413 4275 461 4310 res
481 4267 510 4311 hs
528 4259 650 4324 retortio
668 4259 730 4314 sari
744 4261 902 4333 roeuarpt'rc
916 4263 930 4314 t
943 4263 992 4325 τοῨ
1044 4269 1124 4333 gesto
1138 4263 1211 4319 ΡΨ
1254 4266 1288 4318 29
1302 4263 1435 4319 ‘d'andici
1448 4263 1474 4314 F
1483 4264 1487 4330 Ι
1503 4265 1652 4333 gestorum]
1673 4266 1740 4329 Hs,

302 4327 499 4412 tepuerat-RS
516 4328 628 4400 (Steph)
681 4331 766 4386 5sed
784 4334 853 4387 etsi
874 4332 923 4400 ΡΙ
945 4332 991 4388 ho·
1044 4339 1184 4404 gestorum
1212 4335 1323 4389 accione
1355 4332 1442 4387 PL‘U
1462 4334 1467 4400 Ι
1491 4333 1691 4405 quod'ic'puto
1719 4335 1746 4386 F

301 4397 393 4468 mrum]
416 4397 476 4454 heis
499 4399 538 4453 P·
558 4401 562 4467 Ι
582 4399 646 4470 fide]
669 4401 729 4456 side
750 4403 789 4456 F·
846 4403 989 4472 8earum]
1045 4405 1081 4459 30
1098 4406 1223 4474 exigerat
1241 4405 1281 4458 Pa
1332 4407 1365 4459 31
1384 4403 1437 4458 hoc
1455 4405 1494 4458 hta
1512 4405 1560 4457 p„
1581 4406 1586 4472 Ι
1608 4407 1634 4460 ei
1650 4405 1739 4473 impu-

301 4482 392 4523 earem
410 4469 447 4522 F'
501 4470 695 4539 9sciui111U,
718 4472 787 4528 scibi
809 4474 842 4539 F,
865 4473 991 4529 sciuerim
1045 4475 1106 4544 tari]
1130 4475 1283 4545 computari
1306 4477 1354 4528 pm
1407 4475 1442 4528 33
1460 4477 1601 4544 *eregerit
1617 4476 1657 4529 Ρ
1676 4478 1681 4542 l
1702 4475 1738 4544 ei]

301 4538 379 4606 PVl
400 4538 488 4594 habeo
510 4539 559 4605 P·‚
582 4539 693 4597 habehit
714 4543 743 4596 V
797 4545 831 4598 10
854 4543 950 4600 uero‘s’
972 4545 998 4598 F
1046 4550 1075 4600 et
1092 4547 1139 4598 F⁶‘
1155 4547 1160 4615 1
1176 4545 1362 4669 ἰιιιριιωδίᾞ
1377 4543 1647 4670 ggmbitgg'pgfiet
1661 4545 1696 4669 εὲ]
1715 4546 1741 4630 si

1362 4631 1465 4670 etum
1639 4632 1667 4670 ru
1688 4631 1740 4670 rcrs

303 4611 335 4663 11
346 4607 435 4664 habeo
444 4611 484 4664 P=
499 4612 504 4678 Ι
519 4612 668 4682 gestorum]
678 4618 835 4682 questurum
846 4615 873 4667 F
903 4615 937 4670 14
946 4614 993 4669 ha·
1045 4616 1110 4681 Pei
1133 4617 1318 4671 ussurauiam

301 4678 392 4734 buerit
418 4681 467 4748 F!
490 4680 629 4736 accionem
656 4684 695 4737 P·
767 4685 801 4740 15
827 4690 856 4739 et
874 4685 930 4740 *ait*
955 4685 994 4739 Γ)
1046 4686 1213 4741 om.P⁶VU‘
1235 4688 1240 4754 Ι
1264 4687 1322 4740 rei*
1340 4687 1380 4740 F’
1432 4687 1467 4740 38
1483 4700 1566 4755 posse
1583 4688 1740 4756 eomputari

304 4751 336 4804 17
359 4751 468 4820 repecio
491 4751 556 4820 quia
572 4751 605 4815 P,
626 4753 752 4822 repetitio
775 4770 830 4824 que
851 4755 879 4808 V
895 4757 900 4825 Ι
919 4756 993 4826 post]
1045 4757 1073 4810 F
1085 4758 1090 4824 1
1111 4763 1178 4811 tenu
1201 4756 1294 4812 oblata
1313 4759 1340 4810 F
1394 4757 1428 4812 39
1456 4757 1592 4826 conuenit]
1617 4759 1741 4812 cuiuenit

302 4825 366 4891 post
382 4835 433 4890 pro
451 4821 491 4874 P·
545 4822 579 4876 18
601 4821 649 4891 sic]
673 4823 762 4888 slP·,
786 4827 883 4879 271cha
902 4828 907 4894 Ι
928 4841 992 4895 neg.
1045 4827 1091 4891 F¹,
1117 4827 1277 4883 conuenerit
1298 4827 1413 4882 PVLU·
1433 4829 1438 4895 Ι
1458 4833 1594 4897 persona
1611 4826 1647 4882 F*
1669 4828 1674 4896 1
1694 4833 1741 4884 est

301 4895 379 4946 tuum
398 4891 447 4945 PL
500 4892 536 4946 20
557 4892 650 4948 tseius
672 4893 718 4958 1¹⁸⁸,
742 4895 782 4949 sei
799 4895 840 4949 Ρ·1
863 4897 867 4964 Ι
892 4896 950 4952 e's't
971 4897 998 4950 F
1045 4895 1109 4953 e'x't
1124 4899 1151 4951 F

302 4963 336 5017 al
357 4961 564 5032 neuegotiorum
582 4964 628 5031 F!
649 4963 743 5034 atqmn
761 4965 799 5018 F³
818 4967 823 5034 Ι
843 4966 993 5036 negotium]
