3720 5544
663 1251 1059 1364 PRAEFATIO

501 1461 837 1542 rnnononr
877 1463 1224 1544 uouusnur.

781 1695 938 1704 ..μ-.-

191 1895 323 2004 Digesta
339 1935 406 1989 iuris
424 1933 574 2004 enucleati,
595 1933 672 1988 iussu
692 1933 834 1988 iustiniani
853 1931 973 2002 Augusti
991 1931 1057 1987 dato
1075 1931 1167 1988 abac
1184 1930 1300 1986 Decio
1318 1931 1444 2000 componi
1469 1936 1575 2002 coepta,
1606 1936 1710 2014 lupata¹

144 2041 267 2098 absumta
283 2047 313 2096 ct
329 2041 504 2112 promulgata
521 2045 584 2112 post
601 2041 748 2096 triennium
767 2055 791 2096 a.
804 2040 857 2096 533
875 2040 943 2094 Dec.
956 2041 999 2110 16,
1017 2053 1072 2109 quo
1091 2039 1204 2094 consitio
1222 2053 1331 2109 quaque
1350 2042 1409 2094 arte
1428 2038 1576 2109 compilata
1593 2001 1712 2049 ¹⁰⁵²¹¹¹¹²¹¹¹

143 2149 197 2203 sint
212 2163 349 2218 exponere
367 2163 422 2204 non
440 2148 553 2205 editoris
570 2153 620 2218 est,
639 2161 729 2218 neque
746 2146 827 2203 buius
844 2145 918 2202 ietns
935 2145 1097 2217 prudentiae
1108 2147 1248 2202 Romanae
1262 2151 1290 2202 et
1301 2145 1413 2202 omnino
1424 2145 1573 2202 litteramm

144 2271 234 2310 earum
257 2271 323 2311 nere
345 2256 477 2326 postremi
502 2255 575 2310 insta
596 2255 752 2310 aestimatio
776 2255 848 2310 iutra
870 2259 1003 2324 angustos
1026 2251 1204 2324 praefationis
1221 2253 1356 2309 cancellos
1374 2252 1576 2323 minutulasqne

144 2363 207 2418 artis
218 2363 330 2419 criticae
341 2363 517 2432 quaestiones
529 2367 604 2418 recte
615 2360 796 2418 cohiberetur.
824 2361 1056 2432 reprehenderunt
1072 2361 1100 2416 in
1113 2360 1228 2431 digestis
1240 2361 1383 2416 Iustiniani
1395 2360 1473 2416 multi
1490 2360 1577 2415 multa

144 2485 192 2525 nec
203 2469 264 2525 sine
276 2485 369 2540 causa,
387 2475 425 2540 et,
439 2475 472 2524 nt
485 2468 525 2539 tit,
544 2485 615 2540 quae
630 2469 693 2525 oiim
706 2468 791 2524 nimia
803 2467 856 2524 init
867 2467 1011 2524 admiratio
1023 2468 1078 2522 iam
1091 2471 1191 2539 coepta
1202 2473 1245 2524 est
1256 2468 1426 2539 compensari
1445 2467 1575 2538 quodam·

144 2577 222 2632 modo
246 2577 450 2648 contemptione
475 2592 529 2632 non
552 2576 642 2633 minna
660 2576 776 2632 iniusta:
799 2575 879 2646 pauci
902 2579 997 2632 tamen
1018 2574 1143 2631 bomines
1166 2575 1247 2646 aequi
1266 2579 1294 2630 et
1311 2575 1416 2632 cordati
1435 2573 1576 2646 negabunt

143 2691 215 2739 recte
238 2682 334 2740 referri
357 2685 392 2739 ad
417 2683 469 2740 boc
491 2683 653 2756 prudentiae
671 2683 811 2739 Romanae
834 2683 893 2739 sine
915 2684 1047 2753 tempium
1073 2683 1133 2739 sine
1156 2683 1309 2754 sepuicmm
1333 2683 1407 2754 qnod
1431 2683 1575 2754 aitpoeta

142 2797 233 2846 noster
251 2792 337 2848 solem
355 2793 399 2848 uei
417 2791 587 2848 occidentem
605 2806 667 2847 esse
685 2790 811 2846 eundem.

192 2898 247 2954 Sed
270 2903 302 2954 nt
324 2900 413 2954 aliena
436 2903 479 2954 est
501 2897 537 2954 ab
561 2898 673 2954 editoris
696 2897 866 2969 digestorum
889 2895 1060 2968 praefatione
1083 2897 1170 2969 ipsine
1193 2899 1316 2971 syllegae
1341 2897 1510 2969 aestimatio,
1533 2898 1574 2954 ita
1590 2905 1735 2967 Digestorum

142 3011 287 3077 antequam
305 3005 341 3062 de
358 3005 489 3062 subsidiis
507 3005 634 3062 editionis
651 3005 766 3075 eiusque
784 3004 889 3060 ratione
907 3009 935 3060 et
953 3005 1066 3060 consilio
1079 3009 1185 3076 mour,
1204 3005 1339 3076 quaedam
1354 3005 1491 3061 monenda
1508 3009 1573 3062 sunt
1625 2973 1697 3019 Μ’

143 3113 177 3168 de
193 3113 280 3169 iorma
296 3113 383 3184 ipsius
399 3114 521 3183 corporis
539 3118 568 3168 et
584 3111 733 3182 diuisione,
758 3113 866 3182 quatem
890 3127 950 3168 csse
969 3113 1115 3169 uoluerunt
1132 3113 1178 3183 qui
1197 3111 1306 3182 digesta
1324 3112 1512 3182 compilarunt.
1539 3129 1572 3168 ac

146 3219 257 3276 bubum
275 3236 337 3277 esse
355 3237 425 3291 opus
442 3220 471 3276 in
489 3218 571 3276 libros
589 3219 789 3290 quinquaginta
806 3225 932 3290 apparet:
956 3234 1004 3276 cos
1027 3225 1119 3276 autem
1142 3218 1226 3276 libros
1244 3219 1382 3290 quomodo
1402 3220 1572 3276 titulanerint

148 3327 341 3398 cumpssatores,
359 3327 414 3384 boc
431 3327 539 3384 demum
558 3328 618 3384 ioco
640 3325 884 3398 pertractabimus,
905 3341 967 3383 cum
986 3326 1111 3397 quaestio
1133 3326 1273 3398 implicata
1291 3328 1327 3382 sit
1350 3331 1378 3382 et
1396 3331 1525 3398 exparte
1543 3327 1571 3382 in

144 3435 295 3490 coniectura
312 3436 412 3506 posita
441 3435 544 3490 scilicet
561 3435 734 3505 reperiuntur
751 3435 954 3491 numerationes
978 3433 1224 3504 inscriptionesque
1247 3433 1376 3490 librorum
1398 3434 1493 3504 binae,
1516 3435 1571 3505 pri-

140 3543 225 3597 maria
236 3547 264 3598 et
276 3541 451 3598 secundaria:
470 3558 584 3611 quarum
597 3542 726 3613 primaria
738 3540 877 3596 sollemnis
889 3547 932 3596 cst
944 3547 972 3596 ct
984 3539 1121 3612 expedita,
1140 3557 1174 3596 ea
1191 3541 1316 3597 nimirum
1334 3557 1406 3612 quae
1424 3542 1451 3596 in
1469 3541 1571 3598 codicis

135 3650 287 3706 Florentini
310 3648 555 3720 subscriptionibus
578 3648 678 3704 dicitur
702 3647 744 3704 'er
767 3647 879 3718 ordine',
906 3648 934 3703 id
961 3653 1005 3703 cst
1031 3647 1159 3704 librorum
1187 3647 1356 3718 digestorum
1380 3649 1569 3706 uniuersorum

134 3757 350 3826 quinquaginta,
372 3771 488 3827 eamque
507 3757 592 3812 solam
610 3756 639 3811 in
656 3756 716 3826 ipsa
734 3753 852 3811 editione
871 3754 1056 3824 exhibuimus,
1074 3755 1252 3811 secundariae
1270 3756 1431 3811 coniunctae
1450 3771 1511 3810 cum
1530 3756 1569 3811 di·

132 3869 276 3932 gestornm
300 3863 423 3933 partibus
446 3878 518 3934 qaae
540 3862 668 3918 dicuntur
690 3863 880 3917 tractationem
903 3861 967 3918 huic
990 3864 1050 3919 ioco
1068 3862 1279 3918 reseruanimus.
1309 3862 1344 3917 de
1367 3861 1418 3918 hac
1442 3867 1472 3917 ut
1494 3867 1569 3918 recte

130 3969 259 4026 iudicent
276 3970 323 4041 qni
340 3971 448 4040 tegunt,
471 3969 574 4026 codicis
593 3969 754 4038 Florentini,
773 3969 820 4038 qui
838 3984 908 4024 uuus
927 3985 961 4024 ex
978 3968 1055 4024 libris
1073 3969 1155 4024 bodie
1173 3969 1290 4024 seruatis
1309 3969 1337 4024 in
1355 3984 1389 4024 ea
1407 3971 1568 4041 quaestione

129 4077 328 4132 auctoritatem
351 4075 447 4146 habet,
473 4075 603 4132 librorum
627 4075 816 4146 inscriptiones
840 4074 1109 4147 subscriptionesque
1131 4094 1158 4147 p.
1175 4077 1263 4132 111’·
1272 4077 1338 4132 XX*
1366 4093 1421 4132 unu
1446 4076 1568 4134 exhibui-

129 4199 213 4252 mus,
237 4189 291 4239 tam
316 4199 387 4254 quae
410 4184 547 4254 pertinent
570 4183 606 4238 ad
628 4182 748 4238 Iudicem
772 4183 912 4239 titulorum
936 4198 1018 4253 quam
1044 4183 1166 4254 quaein
1190 4182 1284 4240 codice
1306 4184 1422 4254 sparsim
1440 4185 1569 4255 leguntur

128 4290 251 4361 singulis
272 4289 348 4346 tibris
370 4291 556 4362 praescriptae
579 4289 623 4346 uel
646 4289 826 4360 subscriptae.
857 4289 1007 4346 adiciemus
1030 4290 1081 4346 hcc
1104 4291 1164 4346 ioco
1188 4291 1410 4347 commentariola
1430 4292 1484 4346 tria
1507 4290 1567 4347 bre·

127 4397 249 4453 nissima
265 4396 441 4468 prudentium
458 4397 669 4468 Byzantiorum,
687 4412 758 4467 qnae
777 4397 813 4453 ad
830 4397 901 4454 hano
918 4399 1107 4468 quaestionem
1125 4397 1270 4468 pertinent,
1289 4403 1336 4454 aut
1354 4398 1473 4454 nondum
1493 4399 1568 4454 edita

126 4509 182 4559 aut
200 4511 276 4560 certe
293 4519 388 4574 parum
408 4507 488 4574 nom,
511 4502 611 4574 quibus
633 4504 777 4560 commode
800 4504 910 4560 uidetur
929 4504 1007 4561 locus
1029 4505 1088 4561 dari
1106 4505 1133 4560 in
1158 4505 1327 4576 digestorum
1346 4505 1465 4561 editione
1483 4522 1566 4577 appa·

124 4617 195 4667 ratu
212 4611 308 4667 critico
325 4611 465 4668 manacta.

186 4719 208 4774 1.
237 4719 300 4790 ssepi
319 4719 368 4772 tric
384 4719 440 4773 rdra
459 4719 584 4782 assoon
603 4718 762 4790 brarpecetoc.
790 4718 845 4780 ΤοῩ
870 4717 978 4781 scarae?
1001 4719 1108 4790 πτγχῑογ
1130 4719 1229 4774 nanrbc
1253 4719 1285 4774 rb
1309 4721 1356 4774 uta
1382 4721 1427 4776 einr
1448 4721 1564 4786 ambisse,

122 4825 158 4880 τὸ
181 4825 212 4878 bb
230 4826 341 4890 uiscera.
371 4825 451 4888 datm
470 4825 500 4879 be
518 4825 550 4878 ri
568 4825 633 4897 sepa
658 4825 738 4880 t'rcreu
762 4825 813 4896 πρὸ
835 4826 884 4880 rire
902 4825 1083 4891 ἸογοτικιοΝοῨ
1107 4829 1247 4892 uacrtciac,
1274 4827 1306 4890 οῨ
1329 4829 1396 4892 nter
1420 4828 1450 4882 b's
1473 4849 1564 4892 crare·

120 4933 280 4996 cassusne.
308 4929 373 4985 ἀλλὰ
396 4932 428 4988 τὸ
449 4931 530 4988 utica
554 4933 758 5004 ογΓκεχγοὲοωο.
792 4935 816 4988 oi
841 4933 870 4987 b'e
894 4935 956 4988 uari
979 4934 1043 4996 roic
1065 4933 1179 5006 χρόκογο
1202 4933 1320 5000 exciuere
1347 4937 1423 4997 coooi
1446 4935 1493 4991 rte
1517 4936 1564 4990 aba

122 5039 265 5094 Bacrtrabc
284 5038 411 5094 barbiere
428 5039 458 5095 ὲκ
472 5039 577 5095 tubera
591 5041 697 5096 flrttiorc
712 5039 865 5112 ripieaucaa,
885 5041 1014 5114 npdrepou
1034 5041 1064 5096 bb
1082 5043 1194 5098 κώὸικοο
1211 5041 1292 5104 retra
1309 5043 1515 5100 aarrouoaisacr·
1533 5043 1565 5102 τὸ
