3738 5548
253 266 312 332 llll
335 269 355 332 6
376 273 490 327 24-26
930 255 1016 336 382
1378 281 1425 328 uu
1447 251 1682 328 oouo1or1'0uu

197 422 235 480 24
305 423 383 478 Mass
400 419 469 477 libro
487 419 714 490 quadragensimo
732 421 810 474 sexto
829 417 864 473 ad
882 417 1022 473 Sabinum.
1050 416 1078 472 Si
1094 418 1125 488 is,
1145 418 1191 487 qui
1202 422 1336 488 perpetua
1348 419 1508 489 exceptione
1527 411 1684 501 Q
1703 425 1724 478 S

253 513 323 567 tueri
341 527 371 566 se
389 516 504 581 poterat,
525 525 588 565 cum
606 509 689 564 sciret
704 507 758 563 sibi
775 507 962 577 exceptionem
980 504 1157 578 profuturam,
1175 508 1330 576 promiserit
1347 508 1449 578 aliquid
1465 513 1498 564 ut
1514 507 1683 578 liberaretur,

254 601 396 657 condicere
414 615 468 655 non
485 603 585 669 potest.

198 688 236 746 25
306 691 383 744 lnam
406 688 475 743 libro
498 686 725 758 quadragensimo
743 685 858 755 septimo
877 684 913 739 sd
930 683 1070 739 Sabinum.
1107 684 1175 740 Cum
1194 685 1249 740 duo
1266 701 1317 756 pro
1334 701 1381 742 reo
1398 684 1508 742 fideius·
1527 679 1724 769 ΜΒ

254 780 354 834 sissent
378 778 487 846 decem,
511 776 609 831 deinde
632 791 695 830 reus
718 775 770 828 tria
793 775 921 829 soluieeet
944 778 972 828 et
995 779 1092 842 postea
1113 772 1288 830 fideiussores
1311 775 1407 845 quina,
1430 775 1534 844 placuit
1555 791 1617 830 eum
1636 775 1717 844 quie

253 868 387 939 posterior
405 867 487 922 soluit
504 870 628 934 repetere
646 865 698 918 tria
715 878 811 933 posse:
833 863 885 918 hoc
903 864 1012 933 merito,
1036 864 1100 933 quia
1116 862 1204 918 tribus
1223 881 1240 919 a
1257 880 1304 920 reo
1321 865 1418 921 solutis
1436 868 1542 937 septem
1560 861 1683 919 solede

253 956 312 1012 bita
329 959 497 1025 supererant,
516 954 614 1024 quibus
632 953 777 1023 persolutis
795 953 847 1006 tria
864 952 987 1008 indebita
1004 954 1093 1008 soluta
1111 957 1184 1008 suut.

197 1043 235 1102 26
307 1046 384 1100 lours
401 1044 470 1099 libro
487 1043 637 1098 uicensimo
654 1045 733 1096 sexto
751 1041 787 1096 ad
805 1041 923 1096 edictum
931 1045 949 1096 ¹.
978 1041 1007 1097 Si
1024 1057 1079 1097 nou
1096 1042 1278 1114 sortemque,
1297 1042 1347 1098 sed
1359 1059 1458 1099 usures
1469 1043 1508 1099 in·
1527 1033 1726 1126 ΜΒ

255 1133 361 1189 debitas
380 1134 470 1202 soluit,
488 1137 611 1202 repetere
628 1146 683 1186 non
700 1132 809 1200 poterit,
828 1132 851 1186 si
869 1131 950 1186 sortis
969 1130 1077 1186 debitae
1095 1133 1190 1188 soluit:
1208 1131 1257 1187 sed
1276 1132 1299 1187 si
1314 1149 1397 1203 supra
1409 1133 1559 1202 legitimum
1572 1131 1685 1187 modum

254 1225 348 1292 soluit,
373 1223 453 1277 diuus
472 1221 591 1276 Seuerus
614 1220 754 1289 rescripsit
772 1222 836 1290 (quo
854 1220 913 1276 iure
930 1221 1041 1288 utimur)
1059 1222 1146 1291 repeti
1164 1222 1274 1290 quidem
1292 1237 1346 1278 non
1364 1235 1459 1291 posse,
1482 1221 1534 1276 sed
1551 1221 1619 1276 sord
1636 1221 1684 1275 im·
1705 1233 1735 1276 ro

254 1312 404 1382 putandum
424 1315 465 1380 et,
486 1311 509 1366 si
527 1314 624 1380 postca
642 1313 742 1364 sortem
761 1310 857 1378 soluit,
876 1315 976 1365 sortem
995 1310 1074 1380 quasi
1090 1310 1239 1366 indebitam
1257 1311 1344 1381 repeti
1360 1326 1452 1380 posse.
1483 1309 1598 1380 proinde
1616 1314 1646 1364 et
1662 1309 1686 1364 si

254 1407 318 1456 ante
337 1417 395 1455 sors
414 1399 495 1455 suerit
512 1400 609 1468 soluta,
628 1413 727 1452 usurae
745 1414 828 1468 supra
844 1399 994 1467 legitimum
1013 1399 1123 1453 modum
1143 1401 1247 1454 solutae
1266 1401 1344 1470 quasi
1362 1415 1421 1455 sors
1440 1397 1562 1454 indebita
1581 1396 1590 1468 [l
1608 1412 1686 1468 repe-
1704 1401 1790 1454 ttee'

221 1499 235 1544 1
253 1495 356 1545 tuntur.
383 1489 449 1558 quid
467 1489 490 1543 si
507 1488 589 1542 simul
606 1486 736 1541 soluerit?
760 1489 860 1556 poterit
878 1487 931 1542 dici
950 1493 978 1542 et
995 1493 1061 1543 tunc
1078 1489 1265 1558 repetitionem
1283 1489 1374 1545 locum
1392 1488 1501 1544 habere.
1530 1487 1619 1558 Supra
1636 1486 1686 1542 du·

252 1580 328 1649 plum
352 1583 442 1633 autem
464 1593 564 1632 usurae
587 1580 616 1631 ct
638 1591 781 1631 usurarum
803 1592 903 1632 usurae
926 1592 977 1632 ncc
1000 1578 1028 1631 in
1051 1576 1212 1646 stipulatum
1235 1577 1334 1632 deduci
1356 1593 1408 1634 nec
1431 1577 1505 1647 exigi
1524 1578 1642 1647 possunt
1658 1579 1688 1630 et

221 1668 359 1723 ssolutae
382 1671 554 1736 repetuntur,
579 1664 809 1733 quemadmodum
833 1665 985 1721 futurarum
1008 1681 1153 1721 usurarum
1177 1681 1284 1723 usurae.
1320 1665 1350 1722 Si
1368 1667 1430 1735 quis
1447 1665 1517 1721 falso
1535 1681 1565 1721 se
1584 1668 1686 1720 sortem
1707 1677 1737 1720 rs

253 1756 354 1811 debers
377 1755 491 1810 credens
515 1769 612 1808 usurae
635 1755 760 1824 soluerit,
787 1759 880 1824 potest
902 1755 1043 1810 condicere
1067 1770 1118 1812 nec
1141 1754 1250 1810 uidetur
1272 1756 1362 1811 sciens
1385 1755 1537 1812 indebitum
1561 1754 1686 1810 soluisse.

222 1845 407 1901 clndebitum
430 1848 522 1899 autem
544 1843 663 1897 solutum
682 1843 831 1913 accipimus
849 1859 903 1899 non
921 1845 1008 1899 solum
1027 1844 1050 1898 si
1068 1844 1178 1900 omuino
1196 1859 1251 1900 non
1270 1844 1427 1916 debeatur¹,
1451 1844 1501 1900 sed
1519 1850 1548 1900 et
1565 1837 1688 1928 [Q

254 1935 343 2005 siper
361 1935 479 2003 aliquam
497 1932 685 2000 exceptionem
703 1937 863 2002 perpetuam
881 1933 938 2003 peti
955 1948 1010 1988 non
1025 1933 1166 2002 poterst⁸z
1185 1935 1269 2002 qua're
1287 1933 1338 1989 hoc
1356 1948 1466 2004 quoque
1477 1934 1565 2004 repeti
1577 1934 1686 2004 poterit,

220 2031 237 2078 t
253 2024 306 2079 nisi
324 2023 413 2078 sciens
431 2037 460 2077 se
477 2026 568 2076 tutum
587 2022 747 2091 exceptione
765 2022 872 2077 soluitt.
905 2021 935 2076 Si
953 2027 1062 2076 centum
1081 2021 1192 2091 debens,
1211 2022 1290 2091 quasi
1308 2021 1427 2078 ducents
1444 2021 1582 2094 deberem,
1602 2017 1688 2107 [Q

253 2111 368 2168 fundum
390 2110 569 2176 ducentorum
592 2110 675 2180 solui,
701 2115 854 2180 competere
877 2110 1067 2180 repetitionem
1085 2110 1228 2164 Marcellus
1251 2109 1319 2166 libro
1342 2112 1493 2167 uicensimo
1517 2112 1687 2182 digestorum
1707 2124 1739 2165 so
1815 2147 1816 2152 κ

255 2201 349 2256 scribit
367 2204 394 2255 ct
412 2205 521 2256 centum
540 2213 650 2254 manere
668 2199 884 2269 stipulationem:
902 2199 967 2253 licet
984 2199 1056 2254 enim
1073 2200 1177 2269 placuit
1193 2215 1250 2254 rem
1268 2216 1320 2270 pro
1331 2202 1449 2270 pecunia
1460 2202 1578 2258 solutam
1591 2216 1688 2271 parere

253 2289 449 2359 liberationem,
471 2295 563 2344 umen
581 2289 605 2343 si
622 2303 658 2343 ex
674 2287 745 2344 salsa
763 2288 849 2344 debiti
865 2289 1017 2359 quantitate
1035 2289 1145 2344 maioris
1162 2289 1244 2358 pretii
1260 2303 1305 2344 res
1324 2290 1414 2345 soluta
1431 2295 1483 2360 cst,
1501 2305 1556 2346 uon
1573 2288 1605 2345 fit
1623 2305 1688 2346 con·

254 2379 325 2435 fusio
347 2380 433 2450 partis
456 2380 496 2434 rei
520 2394 582 2433 cum
604 2377 721 2448 pecunia
744 2379 840 2444 (nemo
864 2378 937 2432 euim
957 2377 1060 2436 inuitus
1078 2378 1247 2447 compellitur
1264 2377 1300 2434 ad
1319 2379 1566 2448 communionem),
1590 2379 1641 2434 sed
1660 2383 1689 2434 et

254 2469 391 2524 condictio
408 2469 532 2537 integrae
550 2466 589 2522 rei
606 2469 699 2521 manet
717 2471 746 2520 et
762 2465 1081 2537 obligatioincorrupta:
1101 2482 1167 2536 ager
1185 2472 1277 2523 autem
1294 2468 1469 2538 retinebitur,
1488 2468 1575 2524 donec
1593 2467 1688 2524 debita

221 2559 371 2628 epscunia
387 2558 519 2613 soluatur.
546 2555 622 2611 Idem
639 2555 782 2610 Marcellus
800 2555 846 2624 ait,
865 2556 889 2610 si
905 2557 1049 2626 pecuniam
1067 2555 1171 2612 debens
1189 2557 1278 2612 oleum
1296 2555 1403 2612 dederit
1419 2557 1504 2628 pluris
1515 2557 1596 2627 pretii
1608 2557 1688 2627 quasi
1707 2567 1738 2610 se

253 2648 316 2717 plus
334 2645 445 2717 debens,
463 2646 509 2702 uel
526 2661 589 2700 cum
607 2646 697 2700 oleum
714 2643 835 2714 deberet,
854 2645 943 2700 oleum
962 2643 1069 2700 dederit
1085 2646 1164 2714 qussi
1182 2646 1311 2701 maiorem
1332 2645 1442 2702 modum
1461 2645 1574 2716 debens,
1592 2659 1687 2714 super·

220 2735 338 2792 efluum
362 2737 414 2792 olei
438 2749 500 2790 esse
522 2733 713 2804 repetendum,
736 2748 792 2788 non
812 2737 901 2788 totum
925 2737 953 2788 et
971 2733 1007 2789 ob
1025 2733 1077 2788 hoc
1093 2738 1264 2804 peremptam
1286 2750 1347 2790 esse
1370 2734 1573 2805 obligationem.
1610 2733 1686 2789 Idem

254 2825 398 2880 Macellus
422 2824 518 2894 adicit,
541 2825 577 2894 si,
603 2839 665 2879 oum
687 2820 766 2878 fundi
787 2838 852 2892 pars
875 2821 941 2878 milri
964 2821 1121 2892 deberetur,
1144 2824 1224 2893 quasi
1240 2828 1316 2879 totus
1335 2823 1479 2879 deberetur
1497 2823 1687 2879 aestimatione

254 2912 342 2982 iacta,
362 2913 463 2968 solutio
486 2913 619 2983 pecuniae
641 2911 721 2967 solidi
743 2911 824 2980 pretii
841 2909 919 2966 fundi
935 2909 1010 2966 iacta
1026 2912 1076 2982 sit,
1100 2914 1188 2984 repeti
1204 2927 1286 2983 posse
1304 2927 1359 2968 non
1375 2917 1465 2968 totum
1482 2913 1614 2983 pretium,
1639 2910 1688 2968 sed

221 3003 341 3074 spartis
363 3000 502 3058 indebitae
525 3002 651 3072 pretium.
688 2999 768 3056 Adeo
789 3004 881 3054 autem
898 3004 1032 3069 perpetua
1049 3003 1173 3072 exceptio
1191 3002 1264 3072 parit
1280 3001 1494 3072 condictionem,
1518 3007 1550 3057 ut
1565 3000 1688 3056 lulianus
1708 3012 1741 3054 so

253 3090 323 3146 libro
342 3090 448 3146 decimo
466 3091 583 3162 scripsit,
602 3091 625 3144 si
644 3094 750 3160 emptor
768 3087 846 3144 fundi
862 3088 1034 3144 damnauerit
1050 3089 1179 3146 heredem
1197 3107 1287 3161 suum,
1304 3094 1336 3145 ut
1353 3089 1524 3146 uenditorem
1537 3105 1610 3145 nexu
1623 3105 1687 3146 uen-

254 3180 305 3236 diti
321 3179 457 3250 liberaret,
475 3195 540 3236 mox
556 3179 683 3235 uenditor
700 3179 830 3248 ignoraus
848 3193 905 3232 rem
918 3178 1069 3248 tradiderit,
1087 3194 1169 3249 posse
1182 3196 1244 3235 eum
1256 3178 1372 3234 fundum
1385 3179 1541 3234 condicere:
1560 3178 1688 3248 idemque

222 3279 236 3325 e
254 3272 284 3325 et
300 3269 324 3324 si
342 3267 510 3325 debitorcm⁵
528 3285 608 3324 suum
626 3268 799 3323 damnauerit
816 3266 930 3322 liberare
949 3270 978 3320 et
994 3267 1039 3322 ille
1056 3267 1185 3337 ignoraus
1203 3269 1323 3326 soluerit.
1357 3268 1409 3334 Qui
1426 3266 1482 3323 filio
1500 3265 1618 3322 familias
1635 3267 1688 3322 sol·

254 3359 337 3429 uerit,
359 3374 422 3414 cum
440 3361 515 3414 esset
532 3357 591 3412 eius
608 3357 753 3428 peculiaris
771 3354 891 3426 debitor,
910 3356 934 3412 si
952 3355 1061 3425 quidem
1079 3357 1217 3426 ignorauit
1234 3357 1393 3428 ademptum
1411 3357 1437 3412 ei
1454 3356 1603 3426 peculium,
1622 3355 1689 3412 libe

220 3452 342 3504 eretur:
361 3449 385 3504 si
403 3447 456 3502 scit
472 3451 501 3502 et
519 3446 613 3516 soluit,
632 3445 831 3502 condictionem
849 3459 903 3500 nou
921 3442 1013 3514 habet,
1032 3446 1096 3515 quia
1113 3447 1203 3502 sciens
1220 3446 1370 3502 indebitum
1390 3445 1484 3506 soluit⁴
1507 3445 1594 3500 lilius
1611 3442 1689 3500 sami-
1707 3457 1743 3501 se

253 3537 305 3592 lius
328 3541 423 3592 conus
439 3534 664 3590 Macedonianum
688 3538 830 3590 mutuatus
853 3535 877 3594 si
901 3535 1014 3590 soluerit
1031 3540 1059 3590 et
1075 3537 1147 3604 patri
1165 3550 1215 3591 suo
1235 3535 1314 3590 heres
1332 3534 1446 3589 effectus
1463 3534 1531 3590 uelit
1547 3535 1690 3590 uindicare

207 3633 237 3679 10
254 3639 392 3695 nummos,
417 3625 577 3693 exceptione
599 3624 815 3680 summouebitur
837 3623 1056 3680 auindicstione
1073 3639 1254 3680 nummorum.
1290 3623 1320 3680 Si
1338 3625 1399 3695 quis
1416 3625 1496 3694 qussi
1513 3639 1548 3680 ex
1566 3637 1690 3694 compro

206 3723 235 3767 11
255 3714 339 3768 misso
356 3712 554 3768 condemnatus
571 3710 640 3768 falso
659 3713 784 3783 soluerit,
806 3718 929 3782 repetere
946 3716 1047 3782 potest.
1083 3713 1257 3768 Hereditatis»
1268 3715 1312 3770 uel
1329 3713 1462 3770 bonorum
1480 3714 1648 3784 possessori,
1667 3713 1691 3768 si

255 3800 366 3871 quidem
383 3799 515 3857 defendat
529 3801 721 3873 hereditatem,
740 3800 892 3859 indebitum
910 3802 1031 3858 solutum
1049 3801 1157 3858 cundici
1172 3803 1287 3873 poterit:
1309 3803 1334 3859 si
1351 3818 1418 3860 uero
1434 3804 1459 3860 is
1477 3818 1532 3860 non
1549 3801 1691 3872 defendat,

254 3915 443 3988 marsei]

256 4091 353 4149 ²libro
370 4095 384 4150 1
402 4094 438 4150 ad
456 4095 575 4152 edictum
594 4095 728 4152 derebus
746 4095 856 4151 creditis
878 4095 935 4151 Uar.
998 4094 1180 4160 ‘debebatur
1202 4095 1259 4151 Uar.
1321 4096 1541 4164 ⁸exoeptioncm
1559 4095 1617 4166 peti
1636 4110 1693 4151 non

254 4169 362 4235 poterat
379 4166 408 4221 id
425 4171 469 4222 est
485 4173 645 4238 perpetuam
663 4169 852 4238 exceptionem
874 4167 932 4222 Uar.
1003 4169 1015 4203 ⁴
1033 4168 1085 4222 nisi
1099 4167 1248 4236 ...soluitl
1268 4168 1292 4223 si
1309 4168 1371 4238 quis
1382 4173 1517 4238 perpetua
1528 4167 1692 4238 exceptione

254 4239 331 4292 tutus
348 4239 461 4294 soluerit
481 4239 547 4306 Uar,
564 4241 609 4294 stt
625 4247 764 4312 sequestre
782 4242 836 4296 alia
872 4261 876 4269 ·
906 4237 1063 4296 ⁵lteredem
1082 4247 1129 4296 tna.
1148 4237 1232 4309 (Hel)

255 4404 364 4462 llibro
389 4407 490 4460 om.P⁶
543 4406 730 4478 &indebitas1
749 4407 847 4474 wli,
870 4407 945 4463 debi-
999 4409 1073 4465 uitur
1089 4410 1127 4462 F¹
1179 4409 1215 4464 26
1232 4407 1322 4463 oleum
1339 4405 1462 4476 deberet]
1481 4406 1595 4462 deuoret
1612 4406 1692 4473 ΡΨ,

254 4479 313 4532 ωτι]
332 4477 378 4543 Ρ·,
397 4476 505 4532 debitae
522 4477 597 4533 P‘V
645 4481 761 4534 9sortis
780 4478 945 4550 debitaeH}
999 4480 1112 4536 deberet
1134 4481 1224 4535 oleum
1247 4479 1274 4533 U
1322 4479 1357 4532 te
1380 4477 1472 4547 adicit]
1498 4478 1565 4532 dicit
1586 4477 1697 4533 PVLU

255 4549 337 4604 sortis
350 4547 458 4603 debitae
470 4549 517 4614 P·‚
531 4550 598 4604 sorti
610 4549 716 4606 debitas
729 4551 823 4605 P⁵LU
858 4552 892 4605 10
905 4565 945 4606 ro·
999 4553 1035 4606 29
1053 4552 1150 4621 praetii
1168 4553 1193 4604 F
1250 4551 1286 4605 30
1303 4549 1365 4605 ideo
1385 4549 1424 4603 P·
1445 4552 1449 4616 Ι
1469 4549 1550 4620 parit]
1575 4549 1628 4604 erit
1652 4550 1694 4604 P·

254 4620 372 4690 scripsit]
392 4620 502 4690 scripsit
519 4621 594 4685 P·V,
619 4627 647 4675 et
669 4623 814 4678 antoninus
838 4623 947 4692 scripsit
999 4623 1035 4677 35
1053 4623 1113 4692 scit]
1133 4623 1170 4678 sit
1187 4623 1228 4677 P·
1245 4623 1251 4690 Ι
1271 4621 1473 4676 condictionum
1491 4621 1531 4676 P·
1550 4621 1555 4688 Ι
1575 4621 1600 4676 si
1618 4619 1693 4676 filius

255 4691 329 4756 P‘U,
347 4697 375 4746 et
392 4692 539 4747 antoninus
556 4692 766 4762 scripseruntL
819 4695 853 4747 13
872 4693 946 4762 quod
998 4692 1116 4748 familias
1139 4698 1234 4749 contra
1255 4691 1481 4749 macedonianum
1502 4695 1645 4748 mutuatus
1668 4693 1693 4747 si

254 4763 578 4830 Proureromfflv,
597 4763 806 4820 dictatant]
846 4763 880 4819 14
898 4765 944 4818 sti·
999 4765 1034 4832 (si
1048 4764 1250 4830 delP⁵V⁶LUl
1263 4763 1492 4819 solueritPVLU
1522 4763 1556 4816 et
1570 4779 1693 4819 summo-

254 4835 393 4904 pulatiP·
428 4834 463 4890 15
476 4849 587 4889 usuram
603 4849 702 4891 usurae
720 4837 760 4890 P·
797 4837 829 4890 17
842 4835 943 4903 summ]
998 4837 1155 4890 aeuiturll'¹
1171 4838 1175 4902 Ι
1192 4852 1209 4891 a
1226 4855 1274 4890 om.
1287 4836 1364 4890 ΡΨ
1412 4836 1447 4890 38
1462 4833 1631 4903 hereditatis]
1644 4835 1692 4900 F1,

255 4921 310 4961 non
338 4905 397 4964 Uni.
475 4907 510 4961 19
537 4904 674 4976 deberem]
702 4906 816 4962 deberet
841 4905 950 4961 PVLU
998 4906 1092 4962 heredi
1114 4907 1270 4974 sunu:
1295 4905 1310 4961 ὁ
1334 4906 1498 4977 «saporosos
1522 4905 1692 4972 BtAmaJ:

255 4977 291 5030 20
309 4977 391 5031 soluit
408 4977 497 5043 PVL,
522 4977 634 5034 soluerit
654 4979 697 5046 Ul
715 4978 884 5034 uicemsino
908 4977 945 5030 F²
999 4979 1133 5052 ffD.37,
1145 4981 1170 5044 1,
1181 4979 1207 5044 3,
1219 4979 1252 5034 1.-
1269 4977 1429 5036 hereditatia
1446 4975 1616 5033 honorumue
1627 4991 1693 5047 pos-

256 5047 291 5102 22
307 5045 422 5118 pr‘s'etii
439 5063 483 5104 res
501 5049 545 5116 Ρ,
563 5054 690 5120 praetore
707 5050 748 5104 P·
795 5051 830 5105 24
848 5049 946 5106 retine-
999 5049 1086 5106 sessio
