3738 5550
285 271 373 339 XIIII
394 274 413 338 3
437 279 470 332 ll
490 305 523 316 -
542 272 563 334 4
583 277 597 330 1
954 261 1043 342 426
1293 287 1339 333 ns
1358 285 1554 333 memnones
1571 285 1721 334 serrone

253 436 266 480 s
285 429 365 483 bitur.
401 429 469 484 Eius
488 431 645 484 connectas
664 429 737 482 certe
756 427 878 495 nemine,
902 426 1030 496 quiante
1049 424 1150 480 aditam
1170 423 1349 482 hereditatem
1368 424 1535 493 intercessit,
1552 424 1661 480 etamsi
1678 421 1720 480 fu·

285 519 373 574 riesus
392 518 470 573 heres
488 518 611 584 exsistat,
630 515 748 570 dandam
767 531 828 570 esse
847 516 982 571 actionem
1001 516 1082 570 etiam
1100 514 1267 583 Pomponius
1285 515 1405 585 scripsit:
1424 529 1479 570 uen
1496 513 1568 569 emm
1586 514 1721 584 imputau-

286 605 350 661 dum
375 611 417 662 est
441 607 479 675 ei,
503 606 549 675 qui
574 605 663 660 sciens
686 605 826 661 deminum
850 605 1003 660 decessisse
1027 620 1089 659 eum
1111 605 1237 660 institere
1259 607 1405 660 exercente
1427 619 1546 659 mercem
1569 602 1720 658 contrabat.

252 703 268 748 4
285 696 416 750 Proculus
435 695 481 765 ait,
501 695 524 750 si
542 693 738 749 denuntiaucro
757 693 815 763 tibi,
834 710 868 750 ne
885 709 965 748 seruo
978 709 996 747 a
1008 709 1051 748 me
1063 695 1220 763 praeposite
1233 694 1367 762 crederes,
1385 693 1573 762 exceptionem
1587 691 1720 747 dmdam:

287 783 317 839 ‘si
335 785 380 839 ille
398 784 435 838 illi
454 799 509 839 uen
527 783 736 852 denuntiauerit,
755 798 790 838 ne
808 783 845 838 illi
864 798 944 838 seruo
959 781 1098 837 crederet'.
1126 783 1175 837 sed
1188 783 1212 838 si
1224 799 1259 838 ex
1272 798 1305 838 ee
1318 786 1460 838 contractu
1472 781 1609 852 peculium
1620 779 1722 836 babeat
1740 789 1754 830 ⁵

287 877 335 927 aut
352 873 381 928 in
399 889 454 927 rem
475 888 564 928 meam
583 887 692 926 uersum
712 872 762 926 sitl
782 887 832 927 nee
850 872 931 927 uelim
950 885 1004 940 que
1019 871 1180 941 locupletior
1192 871 1243 925 sim
1256 871 1372 940 soluere,
1390 871 1515 941 replicari
1526 870 1562 925 de
1574 869 1637 924 dele
1649 869 1722 924 male

254 965 407 1031 deportet:
426 978 489 1016 nam
508 961 595 1016 uideri
613 975 657 1014 me
675 960 767 1015 delum
786 961 886 1015 malum
904 959 1008 1030 facere,
1033 960 1080 1030 qui
1098 973 1133 1015 ex
1151 959 1240 1015 aliena
1256 960 1363 1016 isetrrra
1379 961 1484 1015 luorum
1503 973 1643 1028 quaeram.
1678 958 1722 1012 Ex

287 1049 338 1104 bae
356 1065 440 1104 eausa
458 1050 541 1104 etiam
560 1049 666 1104 condiet
684 1063 766 1118 pesse
784 1064 878 1104 uerum
898 1054 949 1104 est.

231 1135 268 1193 18
339 1139 418 1194 Iesu
434 1137 503 1194 libre
521 1137 653 1206 singulari
670 1137 705 1192 de
724 1138 807 1193 uariis
825 1129 996 1193 lectionibus.
1033 1138 1145 1193 Institor
1161 1139 1218 1206 est,
1237 1136 1284 1206 qui
1301 1135 1432 1194 tabernae
1449 1138 1546 1194 leeeue
1564 1129 1723 1221 [us-Q
1742 1140 1781 1212 Ss

287 1226 323 1281 ad
341 1225 486 1281 emendum
504 1226 715 1282 uendendurnue
732 1227 909 1296 praeponitur
925 1228 1027 1297 quique
1044 1227 1103 1282 sine
1121 1227 1181 1282 lece
1199 1224 1236 1280 sd
1254 1225 1371 1281 eundem
1390 1230 1483 1282 actum
1500 1226 1687 1297 praeponitur.
1743 1235 1772 1274 re

231 1314 268 1373 19
339 1315 521 1370 Pareamus
538 1313 607 1371 libre
623 1315 705 1371 tertie
723 1330 924 1385 responsorum.
954 1316 986 1371 In
1004 1331 1076 1386 eum,
1094 1315 1142 1384 qui
1160 1313 1262 1369 mutuis
1280 1315 1447 1384 accipiendis
1463 1330 1546 1386 pecu·
1564 1308 1724 1398 Q
1742 1317 1769 1372 P

287 1405 339 1460 niis
357 1409 559 1474 procuratorem
578 1404 745 1473 praeposuit,
763 1404 837 1458 utilis
856 1403 891 1459 ad
909 1406 1062 1474 exemplum
1081 1403 1233 1460 institorias
1250 1401 1360 1458 dabitur
1377 1404 1463 1460 ectio:
1484 1404 1558 1475 qued
1576 1419 1665 1474 aeque
1683 1401 1723 1458 fa-

255 1503 267 1548 1
287 1493 413 1549 ciendum
431 1493 483 1548 erit
500 1497 528 1548 et
545 1492 568 1547 si
585 1496 747 1562 procurator
765 1492 896 1548 soluendo
915 1495 959 1563 sit,
980 1494 1027 1564 qui
1045 1493 1188 1564 stipulanti
1205 1492 1349 1561 pecuniam
1366 1493 1501 1563 promisit
1536 1491 1566 1548 Si
1584 1487 1724 1576 Q

287 1581 426 1650 deminus,
445 1581 492 1650 qui
509 1595 618 1636 seruum
636 1580 787 1636 institorem
807 1581 880 1651 apud
897 1597 1020 1638 mensam
1038 1581 1161 1652 pecuniis
1179 1580 1346 1651 accipiendis
1364 1580 1469 1651 lmbuit,
1487 1585 1551 1653 pest
1567 1582 1723 1638 libertatem

286 1685 395 1740 queqoe
419 1669 511 1724 datam
530 1668 602 1724 idem
621 1684 670 1740 per
687 1668 815 1726 libertum
833 1671 975 1740 negotium
992 1671 1127 1740 exercuit,
1152 1670 1285 1726 uarietate
1303 1675 1393 1725 status
1412 1685 1466 1726 nen
1484 1669 1635 1727 mutabitur
1650 1670 1723 1740 pssi-
1744 1681 1772 1722 rs

254 1769 268 1814 e
287 1760 341 1815 culi
359 1774 450 1814 causa
477 1757 621 1813 Tabernae
638 1759 812 1828 praepositus
830 1775 847 1814 a
864 1763 942 1828 patre
959 1756 1031 1814 tilius
1049 1759 1181 1814 mercium
1195 1774 1280 1814 causa
1291 1765 1415 1814 mutuam
1426 1759 1571 1828 pecuniam
1583 1775 1628 1815 ae-
1646 1755 1725 1844 Q

286 1848 372 1917 cepit:
393 1862 442 1916 pre
461 1861 494 1902 ee
512 1851 590 1916 pater
607 1845 755 1902 fideiussit:
774 1847 856 1903 etiam
875 1847 1012 1904 institeris
1029 1847 1067 1902 ab
1082 1862 1115 1902 ee
1132 1852 1256 1918 petetur,
1281 1863 1344 1904 cum
1362 1852 1494 1918 acceptae
1510 1849 1644 1918 pecunias
1661 1864 1724 1918 spe-

253 1947 267 1992 e
287 1937 356 1992 ciem
376 1933 551 1990 fideiubende
569 1935 680 2004 negotio
696 1934 828 1992 tabernae
845 1935 993 1992 miscuerit
1030 1935 1133 1992 Seruus
1149 1937 1273 2007 peeuuiis
1291 1939 1398 1992 lantum
1417 1935 1590 1993 faeneraudis
1606 1941 1723 2008 praepe

286 2025 355 2081 situs
378 2037 428 2094 per
449 2023 671 2080 intercessionem
696 2039 744 2079 aes
766 2025 884 2080 alienum
908 2025 1059 2094 suscipiens
1081 2030 1115 2080 ut
1135 2026 1306 2082 institerem²
1323 2024 1464 2081 deminum
1483 2026 1511 2081 iu
1529 2025 1645 2082 solidum
1662 2027 1724 2082 iure

286 2114 422 2184 praeterio
441 2127 495 2168 uon
514 2112 673 2182 adstringit:
692 2112 766 2182 qued
784 2119 875 2168 autem
894 2129 944 2185 pre
962 2129 1009 2184 ee,
1029 2115 1093 2184 qui⁸
1110 2115 1256 2185 pecuniam
1274 2111 1434 2184 faenerauit,
1452 2129 1502 2184 per
1517 2114 1565 2169 de·
1597 2126 1639 2188 sp.
1654 2127 1725 2185 stt
1745 2127 1773 2168 re

286 2201 451 2272 legationem
475 2201 521 2256 alii
544 2201 681 2272 premisit,
705 2217 723 2256 a
745 2201 856 2258 demine
877 2208 952 2258 recte
973 2207 1096 2274 petetur,
1120 2203 1164 2260 eui
1187 2203 1321 2274 pecuniae
1342 2202 1463 2259 arsetam
1481 2208 1577 2258 centra
1593 2219 1656 2260 eum
1674 2205 1725 2275 qui

286 2290 427 2359 delegauit
444 2290 515 2345 actio
534 2290 659 2359 quaesita
676 2294 727 2345 est.

230 2379 270 2438 20
340 2376 498 2434 Seanueua
521 2378 590 2434 libre
613 2379 708 2448 quinte
728 2378 905 2449 digestorum.
941 2379 1043 2438 Lucius
1060 2380 1150 2436 Titius
1168 2395 1280 2438 mensae
1297 2395 1421 2436 nummu·
1440 2374 1725 2467 Q
1744 2387 1770 2441 Α

286 2468 370 2523 larisa
393 2483 475 2537 quam
499 2465 645 2524 exercebat
667 2466 764 2523 habuit
785 2467 913 2524 libertum
936 2469 1136 2539 praepositum:
1159 2469 1183 2524 is
1207 2467 1277 2524 (laio
1294 2467 1359 2525 Seio
1382 2470 1457 2526 canit
1478 2470 1506 2525 in
1528 2469 1598 2526 baec
1620 2471 1723 2528 uerba:
1745 2481 1775 2522 ss

288 2555 426 2612 'Octauius
440 2555 602 2612 Terminalis
619 2571 677 2610 rem
694 2571 781 2626 egem
794 2555 901 2613 Octauii
911 2557 1010 2613 Felicis
1022 2557 1142 2614 Domitio
1154 2557 1239 2612 Felici
1256 2558 1381 2614 adulam.
1408 2557 1494 2615 babes
1509 2573 1595 2629 penes
1616 2561 1626 2631 i
1645 2575 1724 2617 uren·
1742 2566 1814 2614 tart

287 2644 354 2700 'sam
378 2644 487 2714 patroni
509 2645 564 2699 mei
587 2643 713 2702 denarios
735 2645 821 2715 mille,
845 2661 914 2716 ques
938 2645 1065 2703 denarios
1087 2645 1167 2703 uobis
1189 2661 1332 2702 numerare
1355 2645 1462 2704 debebo
1481 2647 1570 2718 pridie
1587 2647 1725 2705 kalendas

288 2732 398 2789 ‘Maias'
425 2735 580 2804 quaesitum
598 2738 649 2805 est,
667 2735 752 2790 Lucio
770 2734 844 2790 Titio
861 2734 991 2790 defuncto
1010 2735 1069 2792 sine
1086 2734 1187 2792 herede
1205 2734 1284 2792 benis
1302 2735 1361 2792 elus
1378 2735 1498 2792 uenditis
1510 2753 1546 2792 sn
1557 2751 1593 2792 ex
1604 2738 1727 2808 epistula

286 2823 346 2880 iure
369 2821 508 2878 conueniri
525 2822 687 2878 Terminalis
708 2823 808 2893 pessit.
838 2823 980 2894 respondit
1002 2839 1054 2880 nec
1069 2825 1129 2880 iure
1147 2823 1189 2880 his
1206 2824 1299 2882 uerbis
1316 2824 1468 2894 obligatum
1485 2839 1537 2882 nee
1554 2827 1725 2896 multatam

288 2910 467 2968 mnuemsndi
479 2926 542 2968 eum
554 2925 706 2982 superesse,
719 2927 782 2968 curn
794 2910 822 2967 id
833 2912 965 2968 institeris
977 2911 1068 2970 officie
1080 2913 1116 2970 sd
1127 2911 1210 2970 fidem
1222 2927 1333 2970 mensae
1341 2913 1548 2984 protestandam
1557 2915 1725 2986 mripsisset.

1029 3131 1038 3150 ,
1745 3086 1776 3128 rr

620 3201 658 3280 R
697 3199 761 3278 DE
789 3066 1079 3281 Tuffletgllite
1104 3201 1316 3280 ΑΟΤΙΟΝΕ
1352 3202 1390 3281 tt
1746 3223 1769 3279 s

250 3361 267 3418 1
340 3355 491 3414 emerus
508 3355 577 3414 bbre
596 3357 745 3414 meendme
763 3373 834 3415 nene
853 3358 889 3415 ad
907 3357 1036 3416 edictum.
1064 3357 1154 3416 Huius
1171 3373 1280 3429 quoque
1292 3357 1375 3414 edicti
1386 3373 1441 3414 nen
1452 3357 1565 3414 minima
1582 3351 1726 3442 Q
1747 3365 1769 3418 S

286 3445 390 3502 utilitas
408 3451 465 3516 est,
488 3451 520 3502 ut
537 3445 677 3517 domiuus,
695 3447 744 3518 qui
761 3447 925 3516 alioquinin
943 3447 1017 3502 serui
1033 3446 1219 3504 mutantibus
1236 3447 1409 3518 priuilegium
1426 3446 1511 3504 babet
1528 3448 1641 3518 (quippe
1659 3464 1726 3504 cum

286 3535 323 3590 de
340 3535 448 3606 peculio
469 3533 613 3591 demeret
631 3541 770 3606 teneatur,
795 3535 873 3592 cuius
890 3537 992 3607 peculii
1008 3537 1163 3593 mstimetie
1180 3535 1300 3592 deducte
1317 3535 1391 3606 qued
1409 3535 1519 3592 domiue
1536 3534 1655 3592 debetur
1670 3534 1726 3608 fit),

287 3629 393 3694 muron,
414 3625 439 3680 si
456 3625 549 3680 scierit
566 3639 676 3680 seruum
693 3625 824 3695 peculiari
842 3640 932 3681 merce
950 3625 1097 3696 negotiari,
1115 3625 1191 3681 uelut
1208 3630 1354 3681 extraneus
1371 3624 1490 3680 creditor
1507 3639 1542 3680 ex
1560 3623 1613 3680 hee
1629 3624 1726 3681 edicte
1747 3637 1779 3680 ss

255 3713 317 3768 liu
338 3711 470 3770 bibulum
493 3712 635 3768 uecatnrt
666 3713 746 3768 Licet
767 3714 865 3770 merois
886 3714 1031 3785 appellatio
1049 3715 1191 3784 augustior
1207 3714 1258 3786 sit,
1281 3717 1420 3784 utusque
1437 3713 1473 3770 ad
1491 3727 1587 3770 seruos
1604 3711 1727 3770 tuberes

287 3802 333 3858 uel
351 3803 531 3858 seminatores
550 3801 594 3856 uel
611 3805 733 3858 textores
750 3803 794 3858 uel
812 3803 1001 3860 uenaliciaries
1017 3803 1166 3874 pertineat,
1184 3805 1277 3858 brnen
1293 3801 1396 3858 Pedius
1412 3801 1482 3860 libre
1499 3801 1595 3873 quinte
1612 3801 1728 3860 (lemme

255 3888 383 3948 ascribit
405 3889 442 3946 ad
465 3889 561 3947 omnes
580 3889 782 3960 negotiationes
799 3891 993 3961 porrigendum
1011 3891 1140 3950 surum.
1174 3891 1342 3948 Peculiurenr
1360 3896 1453 3948 autem
1470 3905 1588 3947 mmcem
1606 3906 1664 3946 neu
1682 3891 1729 3948 sie

287 3980 328 4036 uti
351 3979 487 4050 peculium
510 3979 673 4051 accipimus,
696 3979 798 4051 quippe
821 3980 959 4049 peculium
981 3979 1100 4038 deducte
1120 3979 1195 4051 quod
1211 3980 1323 4038 demine
1340 3977 1457 4038 debetur
1474 3980 1619 4051 accipitur,
1644 3995 1730 4036 merx

286 4084 475 4156 mntem]

290 4247 298 4279 ¹
308 4248 422 4317 finaent
438 4245 466 4298 B
484 4243 518 4315 (ei
536 4244 567 4298 e's
584 4243 721 4307 assolares
740 4244 814 4316 ἓοχεκ
833 4243 862 4300 ὲκ
880 4246 928 4309 τοῩ
947 4246 1155 4311 εγκιλλᾶῐκατοε
1174 4245 1189 4300 t'r
1209 4266 1231 4302 κ.
1244 4265 1267 4302 r.
1279 4245 1328 4317 ll.):
1353 4245 1403 4301 sed
1424 4245 1450 4300 si
1471 4260 1532 4317 pce.
1549 4243 1653 4301 habeat
1672 4251 1731 4302 aut

288 4315 527 4372 inr.m.uersum
546 4317 686 4373 sitense
704 4320 845 4372 coubaetu
863 4318 1270 4392 (es.D.15,1,29,1.47pr.)l
1331 4316 1469 4373 ¹institor
1484 4317 1588 4386 (Humi
1647 4317 1731 4374 ⁸eui

289 4385 454 4454 (Galeriusfl
525 4389 668 4443 ‘uocetur
686 4387 790 4456 (Hel-W

288 4546 495 4600 serenantem
509 4545 537 4600 P
577 4547 658 4616 8est]
671 4562 733 4604 esse
746 4548 774 4604 P
814 4544 944 4602 illib‘e're
957 4547 983 4600 F
1030 4545 1298 4616 eeidlhtePVtUl
1313 4547 1599 4618 rescripsissetP·VL
1629 4547 1664 4602 31
1674 4549 1731 4604 tri-

289 4617 437 4686 lbquique
500 4617 675 4687 praeponitur
687 4638 735 4672 om.
749 4619 821 4673 ΡΨ
851 4617 976 4687 12qued]
1029 4616 1148 4688 buteria]
1167 4619 1219 4672 tad.
1232 4619 1352 4683 Frtrel,
1370 4619 1514 4675 tributaria
1531 4620 1565 4674 F:
1582 4619 1732 4690 rpreerrd·

287 4689 386 4758 quil'·
423 4687 704 4757 13procurater'e'F²
740 4692 773 4745 16
786 4705 897 4744 causam
909 4694 977 4744 mut.
1031 4708 1071 4759 pre
1088 4690 1199 4744 ratden
1216 4694 1296 4746 solent
1313 4691 1362 4746 ΒΕ
1414 4691 1449 4746 32
1468 4689 1589 4758 minima]
1609 4690 1734 4748 minima

287 4760 328 4815 P⁰
343 4761 347 4827 Ι
363 4759 511 4828 aecipitP⁶
535 4761 567 4815 17
578 4765 706 4830 acceptae
716 4761 843 4815 ora.P·V
857 4762 977 4828 lsspree·
1030 4762 1116 4828 (-mas
1128 4761 1166 4824 Ρ)
1185 4763 1215 4814 et
1232 4777 1333 4830 magna
1350 4761 1406 4816 PV
1447 4763 1482 4816 35
1500 4776 1609 4816 seruum
1628 4761 1657 4815 in
1673 4777 1733 4831 pe

287 4831 394 4902 positus
411 4851 460 4884 ens.
473 4831 550 4886 PVL
594 4833 629 4886 20
647 4847 696 4901 per
707 4830 872 4901 legationem
883 4831 977 4885 P⁶VL
1030 4830 1124 4886 culisti
1144 4831 1221 4886 PLU
1270 4833 1443 4902 sepultores
1458 4832 1499 4886 st
1543 4832 1577 4888 37
1593 4835 1734 4890 neumis-

288 4905 323 4958 23
341 4903 404 4957 tbi)
421 4908 583 4959 remsnuutnr
600 4904 755 4958 antecedente
771 4905 796 4957 F
840 4903 874 4958 25
892 4901 977 4957 demi·
1030 4902 1165 4958 riesP·V
1204 4903 1465 4974 38scripsitP·VL
1481 4904 1486 4972 Ι
1500 4901 1667 4974 porrigendo
1680 4905 1735 4962 P·

287 4973 359 5029 niele
377 4975 417 5028 P·
470 4975 504 5028 26
527 4971 616 5040 debeo
632 4973 689 5029 PV
738 4975 773 5029 28
792 4973 978 5044 respondit]i
1030 4973 1066 5030 39
1083 4973 1169 5044 merx]
1189 4989 1261 5031 mers
1278 4974 1337 5041 LU,
1354 4975 1419 5031 inex
1435 4975 1483 5041 P·,
1501 4993 1551 5030 cra
1568 4973 1603 5029 V·

288 5060 337 5116 per
346 5045 393 5112 1³¹,
405 5045 534 5116 respondi
549 5045 575 5101 U
587 5051 592 5115 Ι
607 5044 783 5116 aequitatem]
797 5044 923 5116 equidem
936 5045 978 5100 P⁰
