3720 5544
981 256 1112 326 LXVIII

330 435 460 490 omittunt
480 433 542 489 loco
566 447 629 502 suo,
651 431 754 488 habeut
776 436 840 503 post
863 434 1001 488 dominium
1025 441 1120 490 suasio:
1146 437 1177 489 ut
1197 433 1330 503 appareat
1353 447 1370 487 a
1391 431 1521 502 principis
1543 431 1755 487 bononiensium

330 540 432 596 codicis
451 540 472 594 S
489 539 622 610 scriptore
633 539 819 596 Florentinum
838 537 1010 595 describente
1025 538 1112 596 uerba
1123 537 1170 595 illa
1181 553 1271 596 errore
1282 539 1368 595 relata
1380 553 1507 595 essenon
1525 538 1561 594 ad
1579 539 1757 610 posteriorem

329 647 467 718 paginam,
486 646 536 704 sed
555 646 590 702 ed
609 647 735 718 priorem.

176 764 303 838 uenerun-
381 755 527 810 Praeterea
543 752 762 811 Bononiensibus
784 752 861 809 libris
885 757 1019 824 quotquot
1041 757 1137 809 extant
1158 753 1330 824 interpolatio
1348 751 1449 808 insedit
1467 751 1630 808 scholastica
1647 755 1703 806 tam
1723 749 1759 805 ad

166 840 311 948 inqffig„
329 859 414 917 uerba
431 861 569 931 pertinens
588 876 670 931 quam
689 861 724 916 ad
743 876 799 916 res:
822 875 893 932 quae
911 875 1075 931 quamquem
1093 858 1210 917 subinde
1227 861 1315 916 creuit
1331 875 1380 931 per
1398 860 1589 930 generationes
1606 858 1672 914 iuris
1688 857 1759 929 peri·

172 951 307 998 ³⁰h⁰¹⁸⁵²¹⁰⁸
327 971 417 1025 torum
435 968 662 1038 Bononiensium‚
685 973 778 1024 umen
802 968 846 1024 uel
868 966 897 1022 iu
920 967 1116 1038 antiquissimis
1139 967 1214 1023 libris
1237 966 1449 1039 deprehenditur
1469 967 1608 1022 satis-lete
1626 970 1758 1036 grmsata.

233 1127 234 1134 ,
329 1091 411 1146 saepe
435 1075 607 1146 interpolatio
631 1091 665 1131 es
687 1090 754 1146 praa
777 1089 807 1131 se
830 1073 885 1130 lert
907 1071 1025 1145 siliquam
1048 1090 1111 1131 cum
1134 1075 1202 1131 iuris
1224 1074 1386 1145 prudentiae
1404 1074 1571 1130 renascentis
1588 1071 1759 1129 incunabulis

328 1183 561 1240 coniunctionem:
580 1197 634 1253 quo
652 1183 789 1252 pertinent
803 1181 874 1238 inter
885 1181 940 1238 slis
952 1182 1043 1254 cupita
1055 1183 1252 1253 commenticia,
1271 1182 1306 1238 de
1324 1180 1424 1254 quibus
1441 1196 1524 1252 supra
1539 1196 1567 1252 p.
1580 1179 1683 1235 anu
1701 1194 1758 1234 mo-

328 1291 451 1361 nuimus,
474 1291 502 1346 in
524 1289 568 1345 his
589 1305 672 1346 unum
690 1288 736 1361 (ΙΙ,
750 1290 792 1360 13,
804 1289 832 1356 8)
851 1288 972 1359 regulam
991 1289 1070 1360 iuris,
1094 1304 1167 1360 quse
1190 1288 1396 1347 desiderabatur
1419 1287 1597 1360 indigestis,
1619 1286 1671 1344 sub
1693 1284 1758 1341 ficto

328 1395 422 1453 Sabini
445 1397 554 1454 nomine
577 1411 752 1468 propoueus‚·
768 1396 842 1452 uliud
866 1396 1049 1468 (i,264,10)
1073 1401 1191 1454 tractum
1216 1412 1251 1453 ex
1273 1397 1415 1454 lustiuisui
1437 1393 1662 1451 institutionibus.
1693 1391 1759 1448 alibi

328 1503 428 1560 adsunt
444 1505 553 1574 glossae
571 1504 599 1559 iu
617 1504 685 1575 ipsis
703 1503 900 1573 nodosissimis
917 1502 993 1560 libris
1010 1504 1039 1559 in
1057 1504 1202 1563 uerborum
1220 1503 1342 1560 ordinem
1362 1508 1489 1574 receptae
1497 1505 1517 1558 ¹.
1544 1501 1603 1558 aliis
1620 1501 1688 1558 locis
1700 1516 1757 1556 rur-

327 1626 375 1668 sus
393 1626 463 1681 quae
480 1615 593 1682 propter
611 1615 801 1682 argumentum
820 1609 990 1668 offenderent
1007 1612 1052 1668 uel
1069 1611 1138 1669 clam
1156 1612 1294 1668 ueletiam
1307 1611 1335 1667 ui
1353 1609 1461 1667 sublate
1475 1613 1547 1681 suut,
1565 1615 1597 1665 ut
1615 1610 1636 1680 l,
1648 1608 1709 1680 365,
1722 1607 1758 1662 25

326 1733 376 1788 pro
395 1733 428 1774 eo
445 1717 575 1789 quodibi
593 1718 709 1774 traditur
726 1718 899 1775 iureiurando
916 1718 1027 1791 propris
1037 1719 1230 1790 superstitione
1242 1719 1331 1776 iurato
1344 1717 1472 1775 standum
1489 1732 1558 1788 esse,
1577 1717 1602 1774 oi
1616 1731 1671 1772 oon
1683 1720 1757 1770 stan·

326 1824 391 1880 dnm
410 1840 472 1881 esse
488 1839 591 1896 ponere
609 1825 789 1882 muluemut¹.
817 1826 901 1882 etism
919 1825 1029 1897 saepius
1047 1824 1133 1882 uerba
1149 1826 1327 1898 pessumdata
1341 1829 1405 1882 suut
1421 1823 1575 1896 ignorantia
1586 1821 1757 1894 grammatis·

325 1936 424 2003 tarum,
437 1933 484 2003 qui
495 1933 604 1989 insueta
615 1937 644 1988 et
655 1931 779 1990 obsoleta
791 1932 827 1988 ad
839 1931 973 2003 plebeium
986 1933 1029 1990 sui
1041 1933 1143 1990 saecul
1155 1933 1379 1990 consuetudinem
1392 1930 1571 1989 reuocabant:
1584 1931 1624 1986 ita
1634 1927 1758 1985 formulis

326 2059 373 2112 ope
391 2043 508 2105 conuitio,
531 2043 610 2096 locati
633 2042 749 2096 conducti
773 2038 961 2112 similibusque
981 2041 1107 2113 copulem
1127 2039 1298 2112 Insersbsnt,
1322 2056 1372 2112 pro
1391 2039 1510 2113 maudo
1531 2042 1560 2095 st
1575 2038 1708 2111 pensando
1729 2039 1760 2091 et

326 2149 461 2218 apiscendo
480 2145 683 2204 substituebant
698 2148 848 2218 compositu
860 2148 1003 2205 usItstIoru
1015 2147 1166 2222 comparare
1177 2167 1340 2221 compensare
1354 2149 1472 2220 adipisci,
1492 2147 1657 2219 prolisprolis
1674 2158 1758 2200 uoca-

324 2251 419 2310 bulum
432 2255 563 2324 suspicati
577 2254 659 2310 credo
671 2255 771 2310 malam
783 2255 996 2326 geminationem
1012 2256 1041 2312 in
1053 2271 1086 2312 eo
1099 2256 1190 2312 inesse
1201 2254 1292 2312 ubiuis
1305 2252 1485 2310 dimidiabunt
1496 2253 1547 2322 (sic
1555 2253 1577 2324 1,
1588 2252 1648 2322 163,
1656 2251 1675 2306 4
1684 2253 1758 2320 oet),

325 2357 468 2417 formulam
492 2381 551 2417 arc
570 2381 622 2417 esse
640 2377 702 2418 cnm
721 2378 776 2419 non
793 2363 984 2434 intellegerent
1001 2362 1146 2420 mutabant
1162 2363 1191 2418 in
1210 2364 1269 2418 berc
1288 2381 1340 2418 aare
1358 2361 1410 2429 (sic
1428 2360 1449 2433 1,
1462 2361 1523 2431 357,
1535 2361 1561 2416 5.
1580 2359 1641 2430 399,
1656 2359 1697 2414 14.
1720 2358 1758 2428 Il,

324 2469 386 2538 403,
399 2469 458 2540 25),
482 2468 599 2539 denique
618 2473 695 2526 tanta
713 2467 829 2542 fiducia,
853 2476 957 2540 quauta
973 2471 1055 2528 islam
1073 2469 1256 2542 ignorantium
1275 2469 1398 2526 comitari
1417 2468 1499 2538 solet,
1518 2472 1546 2524 et
1564 2481 1608 2522 res
1626 2471 1655 2522 et
1672 2463 1759 2522 uerba

323 2574 524 2646 peruertebsnt.
552 2575 605 2632 boc
619 2575 811 2634 obsemationo
829 2577 942 2648 dignum
961 2582 1004 2634 est
1021 2576 1057 2634 sb
1075 2576 1209 2635 eiusmodi
1222 2576 1386 2633 scholastica
1396 2575 1614 2644 interpolatione,
1631 2573 1758 2645 grauiore

323 2683 457 2754 nimirum,
477 2681 598 2739 codicem
611 2683 781 2755 digestorum
794 2685 998 2742 Berolinensem
1010 2685 1114 2741 saeculi
1126 2685 1190 2741 noni
1201 2683 1349 2740 immunem
1363 2697 1432 2754 esse,
1451 2686 1525 2738 oerte
1543 2682 1648 2738 illustre
1666 2695 1758 2737 erem-

322 2791 406 2861 plum‚
424 2789 498 2862 quod
515 2791 656 2860 posuimus
675 2807 702 2861 p.
715 2791 792 2848 LXII
811 2809 838 2847 n.
851 2791 877 2864 5,
895 2791 970 2849 orbis
983 2792 1100 2848 Romani
1112 2791 1210 2848 mutati
1225 2792 1253 2846 in
1272 2791 1366 2848 urbem
1378 2791 1538 2862 Romanam,
1557 2790 1622 2845 item
1640 2789 1758 2859 impera·

323 2897 390 2953 toris
407 2895 539 2953 Antonini
562 2897 590 2953 iu
608 2896 776 2954 Antoninum
797 2898 906 2971 diuum,
930 2899 1044 2971 reperiri
1060 2899 1089 2956 io
1106 2898 1182 2955 libris
1199 2898 1247 2969 qui
1265 2902 1361 2955 extant
1378 2896 1504 2954 omnibns
1521 2901 1630 2968 praeter
1647 2895 1758 2952 llorer-

323 3003 410 3061 tinum
429 3007 458 3060 et
474 3004 691 3061 Berolinensem:
717 3004 790 3062 uude
812 3004 990 3076 probabiliter
1013 3007 1172 3078 colligemus
1195 3005 1354 3078 posthunc
1376 3003 1474 3062 librum
1495 3003 1627 3075 scriptum
1645 3002 1758 3059 demum

323 3112 559 3184 interpolationem
584 3111 658 3168 illem
676 3113 813 3184 coepisse,
836 3113 866 3169 id
889 3119 932 3171 est
954 3121 1004 3170 sut
1028 3114 1136 3172 decimo
1159 3118 1208 3171 aut
1229 3113 1304 3185 quod
1326 3112 1415 3183 magis
1433 3110 1594 3169 crediderim
1612 3110 1758 3167 undecimo

324 3221 433 3276 saeculo
452 3223 543 3275 aetate
560 3219 707 3275 Imerisna

170 3329 298 3378 bononien-
376 3325 455 3393 Quod
479 3327 502 3382 si
525 3331 599 3382 recte
623 3325 767 3383 docuimus
791 3327 1004 3384 Bononiensium
1027 3327 1177 3399 prinoipem
1199 3325 1297 3383 librum
1321 3325 1487 3396 descriptum
1510 3340 1572 3381 esse
1594 3339 1629 3381 ex
1646 3323 1758 3380 Floren-

160 3407 222 3515 3¹1¹,ss
230 3406 306 3501 ,Ἐξ
323 3433 395 3504 tino,
419 3432 517 3489 deinde
535 3448 602 3489 uero
621 3439 650 3490 st
667 3433 838 3490 indoctorum
855 3432 1025 3491 librariorum
1048 3434 1155 3492 incuria
1171 3437 1200 3490 et
1217 3433 1359 3490 doctorum
1377 3433 1487 3489 licentis
1504 3432 1648 3488 lectionem
1667 3431 1758 3501 magis

176 3519 298 3640 ξζέζζέἒο
323 3539 465 3610 magisque
488 3539 666 3610 deprauatam
690 3555 766 3612 esse,
789 3541 849 3597 iure
872 3548 1005 3611 quaerent
1027 3543 1074 3613 qui
1096 3541 1166 3598 haec
1186 3541 1294 3612 legunt,
1319 3555 1368 3596 our
1385 3539 1413 3596 in
1431 3545 1489 3595 tem
1506 3538 1608 3595 infelici
1625 3537 1757 3595 librorum

182 3642 282 3689 recenso
323 3660 424 3716 genere
447 3645 552 3702 tamdiu
576 3661 720 3704 moremur.
753 3661 819 3704 saue
843 3647 872 3702 in
894 3647 946 3704 hac
968 3647 1083 3704 secundi
1106 3648 1209 3705 ordinis
1229 3646 1358 3704 librorum
1376 3647 1546 3703 deriuatioue
1563 3647 1588 3703 si
1605 3643 1758 3702 subsistere

323 3753 426 3822 liceret,
444 3758 607 3822 peruentum
625 3759 700 3810 esset
717 3753 753 3809 ad
771 3755 933 3811 solutionem
952 3756 976 3810 si
988 3771 1043 3811 non
1056 3756 1214 3826 expetitam,
1233 3759 1308 3811 certe
1320 3753 1492 3824 expeditam:
1510 3754 1615 3810 seilicet
1627 3753 1654 3810 id
1667 3767 1757 3822 genus

323 3857 452 3916 librorum
465 3860 493 3914 in
504 3859 733 3930 recognoscendis
745 3859 859 3932 digestis
871 3877 927 3917 nou
938 3861 1088 3918 secuudum
1101 3863 1190 3918 locum
1203 3860 1335 3932 obtinere,
1353 3860 1404 3917 sed
1415 3862 1527 3917 nullum.
1553 3865 1582 3916 ai
1593 3859 1689 3930 negari
1700 3874 1758 3914 non

323 3969 416 4036 potest
432 3966 595 4037 quibusdum
613 3967 681 4023 loeis
698 3967 885 4024 Bononienses
903 3969 976 4025 solos
994 3985 1089 4026 uerum
1107 3983 1259 4040 proponere
1277 3984 1332 4025 uon
1351 3967 1508 4024 coniectura
1525 3967 1682 4038 inuentum,
1705 3966 1758 4022 sed

323 4079 505 4144 propagatum
528 4089 562 4129 ex
587 4058 736 4147 archetypi
759 4076 871 4146 antiquo
896 4082 924 4132 et
946 4075 1056 4132 diuerso
1080 4077 1280 4133 sl'loreotino.
1311 4077 1382 4132 inter
1404 4076 1466 4146 ipss
1487 4075 1584 4131 borum
1602 4074 1757 4130 studiomm

324 4178 488 4235 incunabula
504 4179 626 4251 prudeus
643 4182 750 4253 aliquis,
768 4182 828 4238 siue
845 4183 963 4239 buerius
981 4183 1005 4238 is
1023 4182 1075 4239 iuit
1092 4183 1151 4240 siue
1166 4184 1267 4240 lrnerio
1280 4183 1417 4254 antiquior
1428 4181 1507 4239 nobis
1519 4182 1638 4252 ignotus,
1657 4187 1757 4238 nactus

325 4287 361 4340 sit
383 4302 495 4342 neeesse
518 4293 562 4344 est
584 4288 699 4344 alterum
722 4287 889 4364 digestorum
912 4291 1052 4361 exemplar
1074 4305 1140 4347 uere
1163 4291 1305 4361 antiquum
1327 4295 1356 4346 ot
1373 4305 1409 4345 ex
1426 4303 1459 4344 eo
1477 4289 1612 4360 quaedam
1631 4288 1667 4343 ad
1685 4304 1757 4343 mur·

324 4393 415 4463 ginem
433 4395 478 4450 uel
495 4395 670 4451 interlineas
687 4395 805 4466 exempli
823 4397 865 4451 sui
878 4395 1029 4452 adnuunt:
1046 4395 1119 4452 unde
1130 4395 1170 4468 lit,
1189 4401 1220 4451 ui
1230 4397 1326 4467 paucis
1338 4400 1367 4452 et
1378 4397 1460 4467 louge
1472 4396 1582 4466 dissitis,
1601 4393 1650 4450 sed
1662 4399 1756 4450 tamen

324 4499 488 4571 quibusdam
506 4501 573 4558 locis
591 4517 627 4558 ex
643 4501 861 4560 Bononiensibus
879 4502 932 4560 illis
950 4507 1093 4575 emergunt
1109 4503 1241 4561 lectiones
1258 4503 1393 4575 quaedum
1412 4503 1537 4560 residuae
1555 4517 1591 4558 ex
1605 4501 1756 4575 archetypo

378 4772 387 4805 ¹
407 4769 446 4822 Its
463 4770 484 4834 1,
496 4771 540 4834 36,
556 4772 589 4824 10
606 4772 635 4825 ici
651 4777 689 4826 asi
705 4777 769 4826 nisi:
787 4770 807 4834 1,
820 4771 881 4836 549,
894 4771 928 4825 35
946 4779 1040 4828 natura
1058 4778 1167 4828 actionis
1185 4790 1215 4826 ss
1233 4773 1343 4828 caedito.
1441 4773 1452 4808 ¹
1470 4771 1590 4828 Similiter
1612 4770 1707 4838 mss,
1722 4773 1756 4826 15

325 4866 352 4913 in
364 4860 417 4931 ispe
433 4867 539 4932 antiquo
557 4861 587 4924 F,
606 4857 773 4932 inlepeXIl
786 4860 929 4916 &baiarum
946 4861 1038 4914 Pvuu
1058 4891 1089 4900 —
1109 4860 1130 4924 l,
1142 4858 1203 4923 soi,
1216 4861 1250 4914 33
1268 4861 1386 4917 embadi
1401 4883 1477 4935 posse
1488 4859 1552 4927 Π),
1571 4863 1688 4918 metrali
1705 4881 1757 4916 noa

322 4965 397 5019 possa
414 4947 493 5000 Pvn·
514 4979 544 4988 -
564 4949 585 5012 Ι,
598 4947 688 5013 660,ss
706 4955 811 5004 amitam
829 4949 884 5014 FU,
902 4957 1063 5006 materteram
1081 4949 1127 5002 PV
1150 4981 1186 4994 -
1207 4949 1228 5014 1,
1242 4949 1332 5014 6723
1350 4959 1374 5006 si
1390 4971 1432 5008 ras
1450 4971 1499 5006 uon
1517 4959 1595 5008 essist
1612 4953 1641 5018 Il,
1659 4959 1683 5007 si
1702 4971 1757 5006 rem

323 5054 375 5091 nou
392 5036 444 5104 (uel
462 5056 512 5092 aaa
529 5038 592 5106 rem)
608 5045 721 5110 praestat
737 5037 836 5090 Pvuu.
863 5055 944 5106 pauca
962 5039 1086 5091 delibaui:
1105 5057 1163 5092 nom
1182 5039 1273 5092 talibus
1292 5041 1398 5108 paginas
1416 5041 1530 5109 immess.
