3766 5554
281 241 356 307 XXI
377 243 397 307 2
419 248 534 302 32-38
960 235 1049 315 624
1408 260 1455 306 ns
1476 260 1720 309 aurcrroumus

224 399 263 457 32
334 398 412 452 Inarr
429 396 498 453 libro
517 396 728 466 quadragesimo
746 402 826 454 sexto
845 397 880 452 ad
898 395 1038 453 Sabinum.
1077 395 1147 462 Quia
1164 397 1270 466 dicitur,
1289 397 1416 466 quotiens
1434 398 1526 467 plures
1545 395 1721 480 [aff—ieffffs‘a
1752 410 1774 461 S

281 501 325 540 res
342 485 370 540 iu
389 487 594 556 stipulationem
613 485 794 556 deducuntur,
811 487 904 557 plures
922 501 983 540 esse
1002 486 1200 554 stipulationes,
1218 501 1253 539 an
1272 486 1346 540 etin
1365 485 1464 555 duplae
1479 487 1654 556 stipulatione
1668 488 1721 544 boc

281 573 354 628 idem
372 575 415 645 sit,
435 571 587 629 uideamus.
620 591 682 629 eum
702 577 762 644 quis
781 576 927 644 stipulatur
944 573 1098 642 ‘fugitiuum
1118 589 1172 629 non
1191 589 1260 642 esse,
1279 589 1401 630 erronem
1420 591 1476 630 non
1493 575 1562 628 esae'
1581 581 1610 630 et
1627 583 1722 631 cetera

281 678 352 732 quae
370 679 405 717 ex
424 663 514 720 edicto
532 665 661 719 aedilium
679 665 811 718 curulium
830 664 1033 732 promittuntur,
1053 668 1144 717 uuum
1156 678 1211 717 uua
1224 663 1364 731 stipulatio
1376 669 1419 718 est
1431 679 1467 718 an
1479 664 1592 734 plures?
1609 669 1637 717 et
1649 665 1720 720 ratio

248 762 262 806 1
280 749 355 820 iacit,
373 758 404 806 nt
416 753 508 822 plures
520 754 582 808 sint.
610 754 684 822 Ergo
697 758 726 808 et
737 753 803 808 illud
814 752 945 823 procedit,
964 751 1038 820 quod
1051 752 1171 807 Iulianus
1183 751 1251 806 libro
1264 751 1479 820 quintodecimo
1492 749 1721 835 fflbsaTJaffi‘s
1740 764 1754 804 s

281 840 450 910 digestorum
463 841 564 897 scribit.
593 843 658 911 egit,
673 843 768 911 inquit,
783 843 878 911 quanti
891 841 1002 895 minoris
1013 847 1125 910 propter
1137 839 1230 908 fugam
1243 839 1324 908 serui,
1343 840 1443 896 deinde
1455 843 1514 910 agit
1525 848 1636 911 propter
1648 858 1720 898 mor·

281 928 360 984 bum:
378 929 407 984 id
420 930 557 998 agendum
575 936 625 1000 cst,
645 931 740 1000 inquit,
760 945 793 984 ne
805 931 910 984 lucrum
925 933 935 998 ll
947 928 1032 984 iaciat
1050 935 1157 999 emptor
1175 935 1203 984 et
1220 928 1263 983 bis
1281 929 1404 984 eiusdem
1423 931 1481 985 uitii
1500 932 1719 986 aestimationem
1739 937 1756 984 t.
1768 939 1816 984 aot·

281 1023 472 1088 consequatur.
500 1017 636 1088 fingamus
654 1025 775 1088 emptum
794 1018 898 1088 dacem,
917 1019 1028 1073 minoris
1046 1025 1138 1073 autem
1156 1022 1311 1087 empturum
1331 1016 1415 1073 inisse
1434 1018 1550 1089 duobus,
1570 1021 1593 1074 si
1612 1023 1721 1075 tantum

281 1105 427 1176 fugitiuum
446 1123 507 1162 esse
525 1109 623 1162 scisset
641 1113 759 1178 emptor:
779 1107 847 1162 haec
865 1111 1043 1162 consecutum
1055 1115 1167 1177 propter
1179 1105 1287 1175 sagam:
1307 1121 1371 1161 mox
1384 1109 1558 1176 comperisse,
1577 1108 1652 1177 quod
1665 1123 1721 1164 nou

281 1202 356 1251 esset
373 1213 469 1251 sanus:
489 1196 611 1250 similiter
629 1195 736 1251 duobus
755 1197 866 1251 minoris
884 1201 1038 1266 empturum
1057 1194 1150 1264 fuisse,
1170 1196 1193 1250 si
1212 1196 1246 1250 de
1264 1193 1359 1250 morbo
1371 1211 1426 1250 nou
1438 1197 1606 1264 ignorasset:
1625 1211 1721 1252 rursus
1740 1208 1769 1248 rc

281 1287 412 1355 consequi
435 1283 548 1339 debebit
571 1285 641 1340 duo:
665 1302 728 1340 nam
752 1291 781 1339 et
804 1286 828 1340 si
846 1285 880 1340 de
900 1292 1015 1354 utroque
1033 1284 1114 1339 simul
1132 1285 1248 1353 egisset,
1272 1289 1403 1353 quattuor
1420 1291 1495 1340 esset
1513 1291 1720 1354 consecuturus,

281 1374 346 1443 quia
364 1388 425 1428 eum
444 1372 522 1443 forte,
541 1374 588 1443 qni
605 1389 695 1443 neque
710 1389 793 1428 sanus
812 1379 842 1428 et
857 1372 991 1443 fugitiuus
1009 1379 1090 1442 esset,
1110 1388 1159 1427 sex
1176 1379 1281 1428 tautum
1302 1379 1376 1428 esset
1388 1378 1538 1443 empturus.
1566 1373 1720 1429 secundum

281 1460 349 1517 baec
367 1462 476 1531 saepius
488 1477 522 1516 ex
535 1463 666 1532 stipulatu
680 1463 724 1532 agi
737 1464 851 1532 poterit:
870 1478 958 1532 neque
971 1463 1043 1518 euim
1056 1478 1091 1516 ex
1102 1478 1159 1517 nna
1170 1462 1354 1532 stipulatione,
1373 1462 1423 1516 sed
1435 1460 1605 1532 expluribus
1618 1463 1720 1530 agitant.

223 1549 263 1609 33
333 1552 411 1606 Inane
428 1549 496 1606 libro
514 1551 741 1621 quinquagesimo
760 1551 847 1620 primo
866 1551 902 1605 ad
920 1551 1060 1606 Sabinum.
1090 1551 1118 1606 Si
1136 1567 1247 1606 seruum
1263 1565 1355 1605 emero
1368 1556 1397 1606 et
1409 1552 1525 1606 eundem
1544 1547 1721 1634 [Bjfflt-lj
1752 1558 1775 1612 S

280 1640 443 1709 uendidero,
469 1639 568 1694 deinde
591 1640 707 1711 empturi
730 1638 767 1696 ob
790 1638 843 1694 hoc
866 1637 944 1696 fuero
968 1641 1180 1711 condemnatus,
1205 1640 1271 1710 quia
1294 1639 1403 1695 madere
1421 1653 1476 1694 nou
1494 1641 1571 1709 potui
1589 1642 1720 1710 euictum,
1741 1653 1771 1694 as

280 1729 459 1786 committitur
476 1729 625 1798 stipulatio.

223 1816 262 1875 ³4
331 1819 504 1874 Postremus
522 1817 591 1873 libro
610 1817 741 1872 uicesimo
760 1815 877 1886 septimo
896 1818 932 1873 ad
951 1817 1091 1874 Sabinum.
1128 1817 1159 1873 Si
1177 1818 1342 1887 mancipium
1361 1818 1401 1872 ita
1419 1817 1526 1887 emeris,
1546 1813 1723 1900 [He-11]
1754 1825 1777 1879 s

279 1921 314 1962 ne
331 1908 512 1977 prostituatur
529 1912 570 1976 et,
595 1922 658 1962 curn
677 1907 852 1976 prostitutum
872 1905 983 1976 luisset,
1003 1912 1035 1962 ut
1052 1907 1166 1962 liberam
1186 1912 1272 1962 esset:
1292 1907 1315 1962 si
1333 1909 1429 1962 contra
1445 1907 1534 1976 legem
1553 1907 1722 1964 uenditionis

279 1995 397 2052 iaciente
416 2002 444 2051 te
462 1995 498 2050 ad
516 1995 668 2050 libertatem
687 1996 849 2065 peruenerit,
869 1999 900 2049 tu
918 1995 1020 2050 uideris
1038 1997 1119 2065 quasi
1136 1997 1343 2051 manumississs
1356 2003 1384 2050 et
1396 1996 1458 2051 ideo
1471 1997 1573 2050 nullum
1588 1996 1723 2052 aduersum

248 2095 260 2141 1
280 2085 451 2140 uenditorem
474 2083 589 2139 habebis
611 2099 776 2154 regressum.
814 2083 843 2140 Si
861 2085 999 2140 communi
1018 2085 1168 2141 diuidundo
1188 2101 1295 2140 mecum
1313 2089 1406 2140 actum
1424 2091 1500 2140 esset
1516 2091 1545 2140 et
1563 2085 1723 2141 masmana
1742 2097 1773 2138 ao

280 2189 377 2229 seruus
395 2172 568 2228 adiudicatus
586 2174 635 2243 sit,
658 2173 723 2243 quia
740 2171 868 2242 probauit
885 2188 947 2227 enm
967 2188 1138 2229 communem
1157 2189 1226 2243 esse,
1246 2172 1354 2230 habebo
1372 2189 1406 2229 aa
1425 2174 1526 2244 duplae
1544 2174 1722 2244 stipulatione

247 2263 426 2332 aacdonem,
445 2263 582 2333 quianon
601 2263 722 2333 inuram,
741 2277 796 2332 quo
814 2277 916 2332 genere
933 2262 1026 2317 iudicii
1045 2263 1195 2333 euincatur,
1214 2267 1245 2317 ut
1262 2261 1328 2317 mibi
1347 2261 1447 2318 habere
1466 2279 1521 2320 non
1538 2264 1629 2318 liceat.
1665 2265 1722 2318 Du-

279 2353 342 2421 plae
365 2351 506 2421 stipulatio
529 2351 692 2406 euictionem
716 2365 771 2406 nou
792 2354 892 2406 unam¹
916 2351 1050 2422 continet,
1075 2352 1098 2407 si
1116 2353 1179 2422 quis
1197 2351 1347 2408 dominium
1365 2352 1405 2407 rei
1423 2352 1534 2422 petierit
1551 2357 1580 2407 ct
1597 2352 1721 2422 euicerit,

280 2441 330 2496 ssd
349 2447 377 2495 et
395 2441 419 2495 si
437 2439 570 2495 Seruiana
588 2441 694 2496 actions
713 2440 877 2510 experiatur.
1741 2451 1772 2493 u

223 2528 262 2590 35
332 2531 452 2586 Pennus
473 2527 543 2584 libro
566 2529 688 2584 secundo
706 2528 742 2583 ad
760 2528 880 2584 edictum
899 2529 1028 2585 aedilium
1046 2530 1189 2584 curulium.
1222 2529 1336 2584 Euictus
1354 2533 1446 2584 autem
1466 2545 1483 2584 a
1501 2527 1637 2584 creditore
1655 2531 1722 2584 tunc
1741 2525 1783 2580 'E

279 2618 402 2689 uidetur,
426 2633 487 2672 cum
510 2615 568 2673 lere
591 2633 656 2688 spes
673 2617 792 2674 habendi
811 2616 921 2674 abscisa
937 2625 993 2674 est:
1017 2620 1110 2689 itaque
1128 2619 1152 2673 si
1170 2617 1303 2674 Seruiana
1320 2619 1429 2674 actione
1447 2619 1554 2674 euictus
1572 2617 1622 2686 sit,
1647 2631 1721 2672 cora·

280 2707 398 2764 mittitur
415 2707 526 2777 quidem
544 2708 697 2778 stipulatio:
722 2707 771 2763 aad
789 2707 918 2777 quoniam
936 2708 1026 2764 soluta
1044 2723 1061 2762 a
1079 2706 1203 2764 debitore
1220 2708 1354 2778 pecunia²
1370 2712 1464 2778 potest
1480 2723 1591 2764 seruum
1609 2705 1722 2776 babere,

278 2797 304 2852 ai
322 2797 412 2852 soluto
429 2796 543 2867 pignore
561 2797 688 2852 uenditor
706 2797 893 2866 conueniatur,
911 2797 1012 2866 poterit
1030 2797 1071 2852 nti
1088 2796 1144 2852 doli
1162 2797 1331 2866 exceptione.

223 2886 262 2946 36
332 2885 411 2940 luam
428 2884 497 2940 libro
516 2885 648 2942 uicesimo
666 2901 738 2942 nono
757 2885 791 2940 ad
811 2885 939 2940 edictum.
967 2886 1045 2941 Naue
1063 2889 1111 2940 aut
1129 2885 1213 2941 domn
1231 2889 1325 2956 empta
1341 2885 1451 2956 singula
1465 2901 1527 2941 cac·
1546 2878 1723 2967 βῗιῖιῖῐ
1754 2891 1778 2945 S

280 2979 375 3031 menta
396 2975 440 3030 uei
465 2973 575 3030 tabulae
593 2979 703 3044 emptae
721 2989 775 3030 uon
792 2975 989 3045 intellegantur
1005 2975 1123 3045 ideoque
1140 2991 1192 3030 nec
1210 2975 1353 3032 caledonia
1371 2975 1481 3030 nomine
1498 2973 1639 3042 obligatur
1656 2989 1722 3028 aen·
1741 2987 1773 3029 sc

280 3063 353 3118 ditor
370 3064 450 3133 quasi
468 3064 558 3118 euicta
575 3069 663 3133 parte.
1646 3057 1652 3064 “

223 3154 262 3213 37
334 3150 485 3208 Unemuus
502 3151 571 3208 libro
589 3153 729 3222 trigesimo
747 3151 869 3210 secundo
888 3152 924 3208 ad
942 3153 1072 3208 edictum.
1099 3154 1224 3224 Emptori
1242 3153 1354 3224 duplam
1372 3151 1495 3223 promitti
1510 3167 1528 3206 a
1545 3145 1723 3235 [Β-ῙιξΕ-ἐζ
1754 3159 1779 3214 S

280 3240 422 3296 uenditare
440 3246 557 3311 oportet,
576 3242 629 3296 nisi
647 3241 721 3297 alind
739 3243 881 3298 conuenit:
899 3257 956 3298 noa
972 3248 1064 3298 tamen
1082 3249 1115 3298 ut
1132 3243 1288 3312 satisdator,
1308 3243 1360 3298 nisi
1378 3242 1401 3296 si
1418 3241 1575 3311 specialiter
1587 3241 1616 3296 id
1629 3247 1723 3296 sctum

247 3342 260 3388 1
280 3335 457 3401 proponatur,
476 3329 525 3386 aad
543 3333 575 3385 ut
592 3331 804 3400 repromittatur.
842 3331 921 3397 Quod
940 3337 1031 3388 autem
1049 3331 1168 3386 dirimm
1186 3332 1297 3402 duplam
1316 3329 1439 3401 promitti
1456 3335 1591 3399 oportere,
1610 3329 1652 3384 sic
1670 3329 1723 3384 erit

280 3419 478 3490 accipiendum,
497 3422 601 3475 utnon
619 3435 654 3474 ex
672 3421 746 3475 omni
762 3435 793 3474 rc
810 3419 840 3474 id
858 3422 1034 3491 accipiamus,
1047 3421 1103 3494 ,sed
1121 3419 1156 3476 ds
1174 3420 1216 3475 bis
1234 3419 1326 3488 rebus,
1344 3434 1415 3490 quae
1427 3419 1604 3489 pretiosiores
1618 3421 1721 3488 essent,
1741 3432 1774 3473 ss

280 3509 304 3564 si
321 3509 471 3578 margarita
492 3505 563 3563 sorte
584 3513 633 3563 aut
649 3513 811 3565 ornamenta
827 3510 948 3579 pretiosa
965 3510 1011 3564 usi
1028 3510 1114 3564 uestis
1127 3507 1221 3564 Serica
1239 3509 1283 3564 uel
1306 3509 1372 3578 quid
1389 3507 1463 3562 aliud
1482 3522 1537 3562 non
1556 3507 1721 3577 contempti·

247 3604 262 3650 a
281 3595 334 3654 biis
353 3602 461 3652 ueneat.
488 3611 537 3666 per
554 3596 674 3652 edictum
693 3602 785 3653 autem
804 3599 936 3653 curulium
955 3599 1038 3654 etiam
1056 3597 1091 3653 de
1110 3613 1190 3654 seruo
1208 3613 1308 3654 cauere
1326 3596 1453 3652 uenditor
1468 3595 1586 3652 iubetur.
1615 3595 1646 3651 Si
1658 3597 1722 3652 sim-

279 3685 353 3757 plam
370 3701 420 3756 pro
438 3685 522 3755 dupla
539 3700 589 3755 per
606 3701 724 3742 errorem
743 3687 890 3757 stipulatus
908 3687 945 3742 sit
963 3692 1083 3758 emptor,
1106 3702 1136 3742 rc
1154 3687 1245 3742 euicta
1263 3691 1472 3742 consecuturum
1491 3701 1553 3740 eum
1573 3699 1610 3740 ex
1629 3689 1722 3755 emptu

279 3773 407 3829 Neratius
426 3773 472 3843 ait,
491 3779 594 3843 quanto
613 3775 702 3830 minus
720 3776 866 3845 stipulatus
884 3776 928 3846 sit,
947 3776 971 3831 si
990 3776 1071 3832 modo
1090 3776 1182 3832 omnia
1198 3773 1265 3830 facit
1284 3778 1399 3844 emptor,
1417 3788 1489 3842 quae
1500 3773 1529 3828 in
1541 3773 1721 3843 stipulatione

279 3863 466 3918 continentur:
485 3861 559 3932 quod
577 3863 600 3918 si
619 3878 674 3918 non
691 3862 770 3934 iecit,
788 3879 823 3920 ex
842 3871 935 3935 empto
952 3863 982 3919 id
999 3869 1105 3920 tantum
1124 3871 1342 3933 consecuturum,
1363 3868 1393 3918 ut
1410 3863 1437 3917 ei
1453 3863 1630 3932 promittatur
1648 3862 1721 3932 quod
1742 3876 1777 3918 ao

280 3951 370 4005 minus
388 3950 415 4004 in
434 3950 637 4020 stipulationem
657 3953 824 4022 superiorem
843 3953 991 4008 deductum
1011 3958 1062 4008 est

222 4033 262 4095 ³8
332 4039 410 4093 lanu
427 4037 496 4094 libro
514 4040 635 4095 secundo
653 4041 877 4110 disputationum.
905 4042 937 4097 ln
955 4041 1089 4097 creditore
1107 4041 1154 4111 qui
1166 4040 1266 4112 pignus
1278 4039 1403 4096 uendidit
1414 4039 1526 4094 uautmi
1544 4033 1722 4124 ffis‘fissa
1758 4047 1784 4102 s

278 4132 384 4198 potest,
408 4144 444 4183 an
466 4143 496 4183 re
520 4130 612 4185 euicta
633 4130 680 4185 uel
703 4129 739 4184 ad
762 4130 815 4186 boc
836 4135 963 4186 teneatur
980 4145 1016 4186 ex
1033 4134 1139 4200 empto,
1162 4133 1194 4184 ut
1212 4145 1294 4200 quam
1312 4127 1397 4184 habet
1414 4129 1547 4183 aduersus
1566 4128 1720 4185 debitorem

279 4235 306 4287 F
310 4232 443 4305 [P(VU)]

280 4376 289 4410 ¹
309 4389 370 4430 eam
389 4383 436 4430 tm.
508 4377 519 4411 ²
537 4381 645 4446 emptor
662 4385 710 4434 seu.

279 4514 297 4568 3
309 4528 432 4570 erronem
444 4531 500 4571 non
512 4517 582 4586 esse]
596 4516 654 4582 PU,
668 4533 786 4573 errorem
802 4531 857 4573 nun
869 4519 971 4583 essai}
1024 4517 1060 4572 34
1077 4515 1308 4588 rs'i'promittstur
1326 4518 1364 4569 F’
1416 4517 1452 4572 35
1468 4517 1668 4586 pretiosiores⁴
1680 4533 1720 4574 es·

279 4603 329 4638 om.
344 4585 379 4639 V·
431 4587 505 4655 but]
526 4592 555 4642 ct
572 4589 612 4642 P·
667 4590 701 4643 10
719 4587 971 4644 ssuus‘siuisse'si·
1024 4593 1087 4643 sent
1110 4589 1146 4641 F*
1200 4590 1235 4644 36
1256 4587 1401 4659 pretios'i'a
1418 4589 1455 4642 F*
1476 4593 1480 4655 Ι
1501 4588 1584 4643 sirica
1602 4589 1651 4654 P·‚
1676 4605 1721 4659 ay·

279 4655 619 4724 militcrtsdetcultm.1',
638 4657 722 4715 inisse
737 4681 769 4713 m.
780 4661 808 4726 2)
823 4661 858 4712 Ρ
873 4662 878 4726 Ι
893 4660 970 4728 igno
1023 4659 1081 4714 rica
1097 4659 1139 4727 Ul
1155 4659 1368 4730 contemptibile]
1378 4662 1497 4728 sertam
1507 4668 1567 4730 post
1578 4667 1722 4730 contemp-

278 4742 355 4782 raase
372 4729 415 4782 P·
461 4731 496 4784 16
514 4729 663 4800 stipulatio]
681 4731 788 4795 mpii«,
806 4731 906 4800 duplae
924 4731 971 4786 sti·
1024 4730 1099 4786 tibile
1109 4731 1204 4786 saeida
1212 4732 1256 4785 uel
1265 4730 1417 4786 immobile:
1430 4729 1468 4784 'eni
1479 4731 1534 4783 τῶκ
1545 4732 1719 4800 τικιωτὰρωκ,

278 4797 382 4866 palatio
405 4800 450 4865 Ρ,
473 4799 613 4870 stipulatio
637 4801 736 4871 duplae
758 4801 792 4856 Π*
847 4803 880 4856 18
898 4817 960 4856 cum
1024 4799 1063 4856 ‘sul
1083 4821 1165 4872 stupra
1183 4803 1246 4856 ιτῶκ
1268 4801 1347 4872 τγχὸκ
1372 4802 1411 4856 soi
1431 4802 1545 4856 socuims
1564 4803 1661 4856 rruituu
1680 4803 1719 4856 sai

279 4869 414 4925 cniP·U·
458 4871 492 4926 19
510 4872 630 4942 te1teet
642 4873 687 4938 Ρ·,
706 4893 755 4927 om.
771 4873 806 4928 U·
849 4873 961 4943 22quia
1025 4872 1137 4928 icturus
1164 4821 1200 4928 ἓν
1219 4873 1276 4928 ruric
1302 4873 1341 4927 sai
1369 4872 1480 4928 οἰκετῶκ
1513 4872 1553 4926 sai
1584 4869 1720 4928 tersurus

279 4940 326 5008 qui
338 4941 378 4994 P⁰
423 4942 458 4997 24
476 4941 560 4996 aiom.
576 4943 655 5007 V0U·,
672 4943 774 4998 iucP‘*
819 4944 853 4998 29
872 4959 971 4999 nauum
1024 4944 1181 5015 sperniscon
1200 4893 1494 5009 bs.23,1,4000a1

264 5015 328 5068 ,ιιι
344 5011 455 5068 domum
475 5013 553 5068 P·U‘¹
605 5015 641 5070 33
660 5013 763 5070 nisisi*
782 5013 828 5080 F‘,
851 5015 903 5070 nisi
921 5015 972 5069 PU
