3766 5554
259 285 349 353 XXII
370 288 390 354 2
409 293 426 348 6
446 321 479 333 -
499 288 519 354 3
538 293 555 349 ‘1
938 279 1026 359 644
1349 297 1396 344 ns
1418 292 1693 344 enoeamonrsus

258 448 319 498 tuta
335 447 460 512 tempora
476 442 640 513 peruenerit,
658 443 745 514 ipsius
762 441 860 498 crediti
878 441 1009 511 obligatio
1027 455 1082 495 non
1095 439 1245 495 exsistente
1257 435 1417 492 condicione
1429 431 1563 489 defecisse
1575 431 1693 500 uidetur,

259 537 288 586 et
304 530 366 585 idco
383 532 528 602 pignorum
547 546 656 601 quoque
674 533 829 602 persecutio
846 535 989 603 perempte
1005 534 1049 584 est
1066 529 1150 584 etiam
1168 541 1270 596 eorum,
1289 539 1361 595 quae
1371 538 1427 579 non
1438 526 1503 578 sunt
1515 521 1641 576 emisset
1669 519 1693 573 si

258 620 336 674 nauis
354 620 426 674 intra
443 620 620 690 praestitutos
639 621 697 677 dies
716 623 840 693 perisset,
862 627 891 676 et
908 620 1094 676 condicionem
1114 614 1296 687 stipulationis
1315 610 1443 668 deiecisse
1462 609 1557 680 uideri,
1576 608 1694 678 ideoque

259 709 318 764 sine
336 724 420 764 causa
437 708 472 764 de
490 709 636 780 pignorum
653 711 858 781 persecutione,
878 709 995 779 quaein
1013 709 1074 763 aliis
1092 705 1209 762 nauibus
1227 703 1350 772 inerunt,
1368 699 1473 772 quaeri.
1500 696 1609 768 quando
1627 709 1695 765 ergo

260 797 295 852 ad
316 798 422 852 illorum
446 797 590 867 pignorum
613 798 831 869 persecutionem
853 799 972 854 creditor
989 797 1096 852 admitti
1113 793 1253 865 potuerit?
1284 792 1388 848 scilieet
1404 794 1471 844 tunc
1489 803 1552 844 cum
1570 785 1695 843 condicio
1714 795 1729 839 e

259 886 395 941 exstiterit
412 884 586 955 obligationis
605 892 634 942 et
651 888 704 942 alio
722 903 790 942 casu
807 888 907 957 pignus
926 886 1057 944 amissum
1074 883 1157 940 fucrit
1174 883 1219 938 uel
1236 883 1318 937 uilius
1336 881 1496 936 distractum
1515 877 1560 932 uel
1577 875 1695 932 sincuis

259 981 357 1046 postea
374 975 493 1046 perierit,
512 991 593 1045 quam
612 976 670 1031 dies
688 974 848 1046 praefinitus
867 976 987 1046 periculo
1005 979 1119 1030 exactus
1137 971 1227 1028 fuerit

223 1064 242 1123 t
312 1065 391 1120 Ioum
407 1064 476 1120 libro
494 1065 575 1120 tertio
594 1064 630 1119 ad
648 1065 776 1120 edictum.
803 1065 836 1120 In
853 1063 1018 1134 quibusdam
1036 1061 1222 1118 contractibus
1239 1059 1322 1115 etiam
1340 1071 1440 1112 usurae
1455 1055 1503 1110 de·
1521 1051 1697 1138 [Bsuaaeu
1717 1056 1759 1111 Ἐ

259 1152 360 1216 bentur
377 1153 605 1224 quemadmodum
623 1169 673 1224 per
691 1154 902 1224 stipulationem.
934 1169 998 1208 nam
1017 1152 1041 1207 si
1059 1151 1160 1206 dedero
1179 1150 1275 1205 decem
1293 1145 1456 1214 traiectioia,
1479 1148 1511 1200 ut
1529 1144 1606 1199 salua
1623 1155 1696 1196 naue
1715 1151 1729 1191 a

262 1244 387 1316 laertem
406 1258 468 1297 cnm
487 1243 568 1297 certis
586 1243 676 1298 usuris
693 1243 831 1313 recipiam,
850 1241 996 1312 dcundum
1014 1246 1058 1296 est
1074 1253 1157 1310 posse
1177 1253 1220 1294 me
1238 1242 1341 1293 sortem
1359 1251 1421 1290 cum
1439 1233 1529 1288 usuris
1545 1231 1677 1300 recipere.
1713 1231 1795 1284 tels'

224 1329 244 1389 8
313 1331 464 1387 Ummnns
489 1329 557 1386 libro
584 1332 788 1401 septuagesimo
812 1332 929 1401 septimo
952 1330 988 1386 cd
1012 1329 1141 1384 edictum.
1177 1326 1289 1383 Seruius
1314 1325 1353 1380 ait
1373 1321 1506 1394 pecuniae
1528 1319 1697 1376 umectioiae
1716 1313 1759 1369 'E

261 1435 379 1490 poenam
401 1421 459 1491 peti
476 1435 531 1475 non
549 1434 643 1491 posse,
667 1421 691 1476 si
708 1435 757 1492 per
775 1419 937 1476 creditorem
955 1419 1092 1489 stetisset,
1115 1432 1170 1488 quc
1189 1417 1279 1472 minus
1296 1429 1357 1469 eam
1375 1413 1448 1467 intra
1464 1415 1567 1466 certum
1586 1412 1697 1478 tempus

261 1509 453 1579 praestitutum
473 1509 599 1578 accipiat.

224 1595 243 1655 9
314 1598 417 1653 Lasso
435 1596 503 1652 libro
522 1597 616 1667 quinto
634 1596 767 1668 pithancn
785 1612 802 1651 a
819 1597 905 1653 Panic
922 1598 1141 1668 epitomatorem.
1169 1593 1198 1650 Si
1216 1591 1383 1648 uaicctioise
1398 1587 1531 1661 pecuniae
1542 1599 1634 1656 poena
1646 1583 1697 1651 (uti
1728 1581 1756 1637 Δ

262 1687 342 1754 solet)
360 1687 496 1758 promissa
513 1689 564 1756 est,
582 1686 709 1755 quamuis
725 1700 759 1742 ec
772 1685 825 1756 die,
843 1687 890 1755 qui
901 1687 1006 1755 primus
1018 1683 1166 1740 soluendae
1177 1682 1310 1753 pecuniae
1323 1679 1412 1749 luerit,
1431 1691 1511 1732 nemo
1522 1674 1630 1743 amerit,
1650 1682 1698 1743 qut
1716 1685 1745 1727 rc

263 1790 321 1830 eam
338 1774 483 1845 pecuniam
502 1773 622 1845 deberet,
639 1778 733 1830 umen
749 1774 863 1846 perinde
881 1775 1016 1830 committi
1031 1789 1122 1845 poeno
1139 1777 1239 1843 potest,
1257 1786 1291 1827 ac
1308 1770 1333 1826 si
1349 1767 1448 1824 inisset
1464 1766 1544 1822 beros
1555 1762 1697 1820 debitoris

377 2063 416 2142 lt
453 2063 518 2140 DE
545 2061 919 2142 PROBATIONIBUS
947 1928 1009 2140 llll'ls
1036 2053 1507 2140 PRAESUMPTIONIBUS
1546 2053 1586 2132 lt
1729 2069 1823 2128 essa

227 2223 244 2281 1
316 2219 497 2275 Parmmrrus
513 2220 583 2276 libro
600 2221 681 2276 tertio
700 2221 900 2290 quaestionum.
927 2217 1058 2286 Quodam
1070 2220 1255 2288 quaereretur,
1273 2229 1361 2287 genus
1373 2213 1418 2270 uel
1429 2214 1541 2284 gentem
1559 2199 1700 2294 [li-ag]
1729 2215 1758 2270 P

263 2309 326 2380 quis
343 2305 457 2363 haberet
474 2323 526 2364 nso
543 2325 586 2380 ne,
605 2323 669 2366 eum
686 2307 803 2379 probare
821 2312 958 2378 oportet·
1719 2309 1749 2352 ¹⁰

226 2400 246 2458 2
316 2398 436 2453 Paucos
458 2395 527 2453 libro
549 2398 723 2468 sexagesimo
743 2411 816 2454 nono
833 2396 870 2453 ad
889 2397 1018 2452 edictum.
1054 2395 1089 2452 El
1106 2393 1240 2451 incumbit
1256 2391 1382 2465 probatio
1400 2391 1448 2462 qui
1465 2389 1540 2460 dicit,
1558 2380 1701 2474 Q
1720 2393 1761 2450 ’li

263 2501 318 2544 non
336 2485 384 2555 qul
401 2488 493 2556 negat
905 2495 906 2498 ’

226 2575 245 2635 3
316 2575 498 2630 Pmnnmcs
520 2573 590 2630 libro
613 2589 686 2630 nono
709 2589 911 2644 responsorum.
948 2573 1018 2630 cum
1040 2573 1154 2628 tacitum
1178 2570 1418 2627 fideicommissum
1442 2566 1479 2624 ab
1502 2583 1536 2624 eo
1572 2577 1700 2650 Q
1732 2571 1758 2626 P

264 2662 353 2733 datur,
372 2663 419 2732 qul
436 2666 493 2717 tam
511 2663 539 2718 in
557 2663 644 2735 primo
661 2678 744 2734 quam
762 2664 791 2718 in
809 2662 930 2719 meando
947 2666 1113 2718 momento
1130 2676 1180 2731 pro
1198 2659 1295 2716 eadem
1312 2665 1391 2730 perte
1409 2658 1454 2714 uel
1471 2660 1632 2728 posteaprc
1644 2669 1699 2710 ms·

263 2752 321 2808 iore
343 2749 422 2806 heres
440 2751 580 2823 scribitur,
604 2751 730 2822 probatio
748 2756 869 2808 mumma
887 2751 1037 2807 uoluntatis
1055 2751 1081 2806 el
1098 2749 1182 2805 debet
1198 2749 1356 2804 incumbere
1373 2747 1420 2818 qui
1438 2745 1613 2814 contenitur,
1637 2758 1700 2798 cum
1719 2755 1749 2798 rs

264 2841 363 2896 secreti
381 2841 502 2911 suscepti
519 2842 588 2898 ratio
605 2842 766 2912 plerumque
784 2840 901 2896 dominis
919 2855 1010 2896 rerum
1023 2838 1189 2910 persundeat
1200 2853 1248 2894 eos
1259 2838 1300 2894 ita
1310 2836 1426 2894 heredes
1438 2834 1566 2905 scribere,
1583 2846 1700 2904 quornm

263 2928 346 2986 fldem
364 2930 531 2999 elegerunt¹.

226 3021 246 3078 4
317 3019 436 3074 Pactus
453 3017 523 3074 libro
541 3023 620 3074 sexto
637 3032 840 3088 responsorum.
875 3016 1029 3088 Respondit
1046 3020 1196 3087 emptorem
1212 3014 1329 3086 probare
1347 3012 1462 3084 debere,
1480 3027 1543 3068 eum
1561 3003 1702 3096 [lt-''ffi‘j
1733 3017 1762 3072 P

264 3121 375 3163 seruum
394 3106 429 3161 dc
446 3120 502 3175 quo
519 3107 661 3176 quaeritur
678 3113 824 3178 antequam
843 3111 947 3162 emeret
964 3105 1078 3176 tirgisse.
1720 3111 1750 3154 ⁸⁹

227 3197 247 3257 3
317 3196 396 3251 lnsra
412 3193 482 3251 libro
499 3210 571 3251 nono
589 3211 791 3266 responsorum.
818 3194 864 3252 Ab
882 3211 916 3251 ea
932 3199 1019 3266 parte,
1038 3210 1109 3265 qnae
1127 3191 1398 3249 dicit-aduersarium
1415 3207 1495 3247 suum
1508 3189 1543 3246 ab
1562 3181 1701 3272 Q
1731 3195 1761 3251 P

232 3297 245 3343 1
265 3285 356 3356 aliquo
373 3285 432 3340 iure
449 3283 616 3355 prohibitum
634 3299 696 3341 csse
714 3284 870 3355 specialiter
887 3285 949 3356 lega
967 3285 1012 3340 uel
1024 3284 1226 3352 constitutione,
1245 3281 1274 3337 id
1285 3279 1395 3352 probari
1407 3285 1542 3351 oportere.
1568 3278 1648 3333 Idem
1660 3291 1701 3332 re-

265 3372 388 3444 spondit,
407 3373 431 3428 si
449 3374 510 3443 quis
528 3378 613 3444 negat
629 3373 874 3444 emancipationem
891 3378 967 3429 recte
985 3371 1098 3444 iactam,
1117 3371 1306 3444 probationem
1323 3371 1414 3440 ipsum
1431 3373 1572 3440 praestare
1589 3365 1700 3422 debere

228 3463 247 3522 6
319 3460 479 3517 Seleucus
500 3460 570 3517 libro
593 3461 715 3518 secundo
739 3475 942 3532 responsorum.
977 3463 1126 3518 Patronem
1149 3459 1293 3516 manifeste
1316 3458 1415 3516 docere
1437 3457 1538 3514 debere
1561 3449 1702 3540 [Q
1732 3463 1764 3518 P

264 3549 391 3606 libertum
414 3551 443 3605 in
465 3549 589 3607 nondam
613 3567 692 3608 suam
715 3550 818 3621 aliquid
835 3550 959 3622 dedisse,
983 3554 1016 3606 ut
1031 3555 1137 3620 partem
1155 3550 1215 3606 eius
1232 3548 1307 3620 quod
1324 3549 1353 3604 in
1370 3546 1494 3603 fraudem
1512 3545 1609 3601 datum
1627 3549 1703 3600 essct

264 3643 360 3710 posset
378 3653 504 3695 auocare.
1721 3649 1754 3690 as

228 3731 247 3791 7
316 3729 436 3784 Pronus
457 3727 526 3784 libro
550 3727 672 3784 secundo
693 3729 898 3784 sententiarum.
934 3727 1004 3783 Onm
1022 3743 1083 3798 pro
1101 3713 1704 3811 Q
1733 3732 1783 3806 θ’

264 3813 340 3872 butio
357 3817 457 3887 prioris
472 3815 556 3886 fugae
574 3815 676 3886 delicit,
694 3817 768 3871 serui
785 3815 956 3886 quaestioni⁸
974 3815 1141 3872 credendum
1153 3821 1209 3872 est:
1227 3816 1256 3871 in
1268 3829 1299 3871 se
1311 3815 1384 3870 enim
1395 3811 1566 3882 interrogari,
1584 3825 1642 3880 non
1653 3823 1703 3881 pro

265 3903 376 3960 domino
393 3909 443 3960 aut
460 3905 490 3961 ln
507 3905 647 3962 domiuum
666 3904 784 3962 uidetur.

264 4001 428 4073 FlP(VU)]

268 4145 276 4178 ¹
294 4143 382 4212 ipsius
400 4143 497 4198 crediti
516 4145 559 4200 ’...
577 4159 633 4200 non
651 4146 717 4199 sunt
734 4141 836 4198 amissa
852 4145 900 4197 del.
971 4143 983 4180 ¹
1001 4158 1049 4199 eos
1066 4143 1165 4200 iterum
1182 4141 1299 4198 heredes
1321 4139 1455 4211 scribere,
1478 4152 1596 4209 quorum
1620 4134 1703 4192 tidem

265 4215 351 4269 semel
368 4215 511 4284 elegerunt
527 4217 563 4283 (u.
577 4215 624 4283 ι’.)’ἒ
693 4215 706 4249 ⁸
723 4213 894 4284 responsioni
912 4214 1010 4270 Paulae

266 4341 445 4414 ideleoisse]
463 4345 494 4410 P,
513 4343 661 4400 deiecisset
677 4345 708 4411 V,
726 4344 826 4402 deiisse
843 4347 871 4411 F,
890 4343 956 4401 dsfl·
1009 4345 1295 4418 gemnt1rcribendam
1317 4343 1416 4399 iterum
1436 4361 1486 4414 pro
1507 4340 1548 4395 ita
1565 4347 1591 4394 es
1604 4359 1703 4413 ponen-

266 4427 328 4468 cere
356 4415 381 4469 U
400 4417 404 4482 Ι
423 4415 550 4488 ideoque]
574 4422 603 4472 ct
625 4416 742 4486 ideoque
766 4417 815 4483 12⁶,
842 4423 871 4472 et
893 4416 956 4473 ideo
1009 4420 1070 4473 dum
1090 4417 1175 4473 semel
1192 4420 1339 4488 perarmet
1359 4418 1450 4469 litteris
1467 4411 1549 4478 smel)
1570 4419 1632 4466 ants
1650 4411 1703 4466 els-

265 4482 363 4539 P⁸VU
396 4487 611 4557 bpotestP·V,
630 4487 810 4558 potoritP⁸U
843 4487 955 4558 Sidam]
1009 4495 1110 4560 gerunt
1127 4489 1263 4543 secundum
1277 4487 1405 4542 &ccccm
1424 4483 1463 4538 dac
1480 4482 1520 4538 'sni
1533 4481 1566 4536 τὸ
1580 4483 1702 4536 absictos

265 4555 364 4624 paulus
376 4557 414 4611 F*
459 4559 493 4613 10
510 4558 830 4629 recipiasP·(recipiam
844 4575 957 4614 ...usu
1011 4559 1057 4631 scip
1074 4558 1193 4623 saelsosc
1212 4555 1240 4612 ὲκ
1259 4557 1369 4628 tewtpa
1387 4554 1495 4626 bruerias
1514 4553 1623 4625 spicere
1642 4552 1702 4608 εἰώ-
1797 4607 1802 4612 ,

265 4625 303 4680 ris
321 4645 371 4681 om.
384 4627 429 4695 γ’)
475 4629 509 4684 11
527 4629 649 4685 tractitia
668 4630 697 4683 P
735 4633 770 4686 14
786 4630 958 4702 pythonona
1011 4641 1094 4686 eausa
1114 4627 1305 4701 sleposbactc,
1330 4628 1370 4683 cic
1388 4625 1452 4680 ius}
1470 4625 1519 4680 ric
1536 4623 1703 4695 inopprirorc

265 4697 348 4766 paulo
367 4699 397 4764 P,
416 4699 505 4754 om.U
557 4701 591 4756 lc
607 4701 721 4772 primus]
739 4701 842 4771 primus
861 4717 894 4758 eo
912 4701 957 4756 dis
1012 4699 1278 4772 badaieapprioansa
1292 4699 1397 4764 seduco
1410 4695 1533 4766 Rem.)
1568 4692 1699 4759 eamctcl

266 4767 313 4832 P0,
331 4769 435 4838 primus
453 4769 499 4839 qui
515 4769 550 4824 V⁶
566 4772 571 4840 Ι
586 4771 715 4841 qrdeam]
733 4773 857 4842 quamF,
875 4788 957 4842 quem
1011 4771 1100 4844 operire
1128 4772 1155 4826 Β
1179 4772 1310 4840 (Aaou),
1344 4769 1406 4824 acri
1434 4767 1533 4830 abanec
1562 4767 1613 4820 BS
1638 4765 1690 4834 (rm

266 4839 354 4904 Μ’,
372 4841 419 4910 qui
436 4841 544 4896 P⁶V³U
584 4843 618 4896 16
636 4844 751 4911 pecunia
763 4845 804 4897 P·
819 4847 824 4911 Ι
839 4859 957 4914 poenam
1010 4845 1046 4900 33
1063 4842 1218 4914 patronum]
1236 4841 1303 4906 ud,
1316 4844 1453 4946 patronus
1465 4835 1555 4892 PVU‘
1571 4839 1576 4904 Ι
1592 4836 1693 4891 debere

285 4914 359 4964 otest
375 4911 454 4966 FP‘?
507 4913 541 4967 19
559 4913 681 4981 queritur
698 4912 810 4979 P‘VU⁵‚
828 4919 958 4984 queretur
1011 4911 1317 4980 wosdsbetl’tt'tl
1362 4907 1581 4967 35sducoarsP
1612 4905 1703 4963 iiidc-

293 4991 312 5045 ⁰,
335 4989 383 5036 sac.
400 4983 441 5036 P·
493 4983 528 5038 24
551 4983 667 5039 eandem
691 4983 731 5038 P·
751 4987 755 5052 Ι
777 4985 894 5041 maiores
917 4987 958 5040 P·
1010 4983 1107 5042 iecerit
1123 4985 1202 5040 Pasti
1218 4984 1280 5040 libra·
1332 4983 1368 5039 38
1384 4981 1513 5038 uidentur
1531 4979 1558 5034 P

266 5049 957 5128 assosiuhemdssscnccrcqucmnficemela·
1222 5057 1226 5065 '
