3698 5560
130 260 222 308 cens
782 237 865 317 105
1317 245 1361 314 ΠΙ
1384 249 1404 314 e
1425 253 1544 308 ee-eo

128 413 203 452 norum
220 397 303 467 idque
321 403 439 467 egerunt
455 397 515 452 sine
533 398 695 454 mcwritute
713 403 742 454 et
759 398 819 454 sine
837 413 972 456 conwusu
991 402 1209 470 magistratuum.
1237 407 1301 472 post
1313 401 1423 472 atiquod
1435 408 1544 472 tempus

127 491 308 555 temnentem,
326 502 377 556 per
394 485 469 556 quod
486 487 592 542 restitui
610 487 715 544 ciuitati
733 485 871 543 hereditas
889 485 1101 544 fideicommissa
1118 495 1200 561 esset
1219 491 1324 546 irritum
1342 489 1487 562 probatum
1501 495 1544 546 est

125 590 163 643 pro
178 573 301 630 tribunali
319 581 402 645 atque
421 575 460 630 ita
477 573 513 630 ab
531 575 662 632 intestato
680 574 857 645 Sempronius
875 576 1012 646 legitimus
1031 578 1110 634 heres
1128 577 1252 634 defuncti
1270 579 1373 634 extitit:
1392 578 1441 634 sed
1454 593 1488 632 er
1500 577 1543 634 bis

126 661 243 716 aeonbus
267 678 339 717 unus
360 678 416 718 non
440 661 572 720 soiucndo
595 663 714 718 decessit
736 669 766 718 et
782 679 862 719 nemo
881 663 960 720 berea
979 667 1038 720 eius
1056 667 1154 722 extifit
1187 681 1301 736 quaero,
1326 668 1349 723 si
1367 665 1543 735 Sempronius

125 753 250 804 conueniet
268 757 375 806 actores
393 749 489 806 borum
508 750 650 820 bonorum,
669 753 818 822 periculum
837 753 925 822 inopis
943 753 1065 809 defuncti
1084 755 1119 810 cd
1137 770 1206 824 quos
1225 755 1362 825 pertinet?
1390 755 1544 810 Herennius
1563 769 1576 808 s

123 839 274 896 Modestinus
292 840 442 909 respondit,
462 839 535 909 quod
554 839 589 894 ab
607 855 662 896 uno
681 856 716 896 ex
734 839 872 896 actoribus
891 840 927 898 ob
945 857 979 896 ea
997 857 1068 912 quae
1083 842 1158 898 solus
1171 844 1258 912 gessit
1269 844 1441 912 negotiorum
1453 848 1543 911 gesto-

123 943 170 980 rnn
186 929 292 983 actiorm
307 928 412 982 seruari
423 943 478 982 non
489 934 590 997 potest,
609 928 645 984 od
657 929 787 984 damnum
800 929 859 984 eius
871 929 916 984 cui
928 930 1049 999 legitima
1060 929 1198 986 heredites
1210 933 1336 1002 quaesita
1345 938 1389 986 est
1399 930 1543 1000 pertinere.

38 1015 108 1088 iiii)
163 1015 234 1070 Ιιιιι
261 1015 331 1071 hbro
354 1017 475 1072 secundo
497 1033 698 1087 responsorum.
735 1017 778 1072 Ex
802 1017 909 1072 duobus
932 1017 1062 1074 iratribus
1085 1034 1140 1074 nno
1164 1019 1274 1088 quidem
1298 1035 1364 1076 suae
1388 1014 1544 1102 [eilia]
1576 1029 1603 1082 Ε

121 1105 215 1173 scutis,
234 1105 289 1160 aiio
307 1119 374 1160 uero
393 1105 496 1160 minore
515 1106 602 1174 aunis,
622 1121 683 1160 cum
703 1103 834 1160 baberent
851 1108 1006 1162 communia
1023 1107 1136 1176 praedia
1152 1108 1262 1175 rustica,
1283 1105 1293 1176 ΙΙ
1313 1109 1398 1164 maior
1416 1107 1499 1163 irater
1517 1108 1545 1162 in
1563 1117 1620 1165 tet

120 1194 178 1246 seito
196 1193 333 1248 communi
352 1191 464 1248 innitenti
482 1192 665 1250 habitationes
682 1195 921 1263 paternas-ampla
938 1193 1063 1250 aedificia
1075 1194 1279 1251 aedificauerat:
1299 1211 1415 1266 cumque
1428 1195 1545 1251 eundem
1565 1209 1593 1250 ιι

120 1281 203 1336 sutum
221 1297 285 1336 cum
304 1279 388 1336 fratre
407 1281 550 1351 diuideret,
572 1286 697 1350 sumptus
716 1279 769 1336 sibi
787 1283 865 1350 quasi
884 1297 912 1338 re
931 1283 1043 1338 meliore
1060 1282 1097 1338 ab
1115 1299 1148 1340 eo
1166 1282 1240 1338 iacta
1257 1283 1446 1339 desiderabat¹
1461 1283 1545 1338 fratre

119 1370 207 1424 minore
225 1371 281 1424 ίιιιι
300 1369 438 1438 legitimae
458 1370 556 1426 aetatis
576 1370 733 1424 constituto.
761 1369 916 1426 Herennius
930 1370 1099 1426 Morientinus
1118 1371 1259 1442 respoudit
1275 1371 1311 1428 ob
1329 1378 1455 1442 sumptus
1472 1372 1546 1428 nulia

96 1469 141 1510 tre
156 1464 301 1528 urguente,
321 1457 369 1512 sed
388 1458 537 1527 uoluptatis
556 1473 641 1512 causa
658 1456 746 1512 iactos
765 1473 827 1512 eum
846 1459 881 1512 de
899 1474 955 1528 quo
973 1459 1111 1529 quaeritur
1130 1461 1265 1515 actionem
1284 1476 1339 1516 non
1356 1458 1466 1516 babere.
1499 1459 1544 1514 Ti·

117 1545 181 1615 tium
198 1547 222 1600 si
240 1547 354 1616 pietatis
371 1551 499 1616 respectu
517 1546 617 1602 rororis
636 1546 703 1600 aiuit
720 1544 811 1616 tiliam,
831 1547 964 1602 actionem
983 1547 1036 1602 boe
1055 1548 1164 1604 nomine
1182 1553 1278 1604 contra
1295 1563 1355 1604 eam
1374 1563 1429 1604 noc
1443 1545 1544 1604 babere

116 1635 239 1703 respondi
1564 1649 1593 1692 te

28 1717 51 1774 ii
60 1719 102 1796 (2²8)
160 1723 329 1778 buonssus
346 1721 416 1778 libro
434 1727 533 1778 ocbuo
552 1737 587 1776 ex
605 1721 709 1778 uacuo.
746 1721 775 1777 st
793 1723 855 1792 quis
873 1723 1005 1779 mandatu
1023 1723 1088 1778 Titii
1106 1725 1218 1793 negotia
1235 1723 1290 1780 Seii
1308 1739 1369 1794 ges-
1388 1719 1544 1807 [ιι-ἰῇ
1576 1731 1604 1788 Ε

116 1811 151 1878 sit,
168 1811 239 1866 Titio
260 1811 383 1866 mandeti
402 1817 509 1866 tenetur
527 1810 614 1880 iisqrm
632 1811 771 1866 aestimari
789 1809 880 1880 debet,
900 1817 1002 1881 quanto
1021 1810 1077 1866 Seii
1094 1817 1123 1867 et
1140 1813 1206 1867 'litii
1223 1812 1349 1869 interest:
1369 1813 1434 1868 Titii
1452 1819 1544 1869 autem

115 1898 216 1953 intumet
232 1905 369 1969 quantum
387 1900 411 1954 is
430 1899 493 1954 Seio
510 1904 650 1968 praestare
669 1897 760 1968 debet,
779 1900 823 1954 cui
841 1900 886 1956 uei
904 1899 1026 1956 mundati
1043 1901 1088 1956 uel
1100 1901 1270 1970 negotiorum
1283 1905 1423 1970 gmtorum
1436 1900 1545 1956 nomine

114 1985 240 2054 obligatus
259 1993 313 2042 est
340 1987 413 2042 Titio
432 1991 524 2042 autem
543 1987 614 2042 actio
633 1987 764 2057 competit
781 2001 843 2044 eum
862 2003 905 2058 ee,
924 1989 967 2043 cui
986 1989 1128 2044 mandauit
1145 1989 1234 2045 niiena
1248 1990 1359 2058 negotia
1370 1988 1499 2060 gerenda,
1518 1995 1547 2046 et

114 2079 249 2144 antequam
271 2077 332 2146 ipse
349 2076 494 2145 quicquam
512 2075 622 2132 domino
640 2081 769 2146 praestet,
788 2077 853 2145 quia
871 2077 898 2132 id
917 2078 942 2132 ci
961 2075 1059 2132 abesse
1077 2077 1185 2132 uidetur
1203 2078 1230 2132 in
1248 2079 1321 2147 quo¹
1338 2077 1476 2146 obligatus
1494 2082 1545 2132 est.
1565 2090 1595 2132 ιο

25 2159 99 2240 bei)
157 2163 386 2219 eremmanos
408 2163 477 2220 libro
495 2164 576 2220 tertio
594 2163 677 2218 edicti
695 2165 840 2220 monitorii.
877 2164 945 2220 Gom
964 2170 1043 2236 pater
1060 2171 1226 2222 testamento
1243 2171 1371 2236 postumo
1391 2161 1546 2250 Q
1578 2173 1623 2248 Es

112 2257 220 2307 tutorem
245 2251 357 2306 dederit
378 2252 456 2321 isqpe
481 2252 593 2308 tutelam
612 2251 719 2306 iuterim
738 2252 969 2308 adminisbauerit
987 2269 1038 2308 nec
1056 2259 1199 2324 postumus
1217 2260 1299 2310 natus
1314 2253 1409 2324 berit,
1432 2271 1494 2310 cum
1512 2270 1546 2311 eo

111 2355 157 2394 noo
174 2341 290 2410 tutelae,
309 2341 359 2395 sed
377 2341 549 2410 negotiorum
566 2345 706 2410 gestorum
726 2341 777 2396 erit
794 2342 945 2410 agendum:
965 2341 1039 2410 quod
1051 2341 1076 2397 si
1087 2345 1169 2396 natus
1180 2339 1264 2398 tuerit
1274 2349 1426 2412 postumus,
1444 2344 1546 2398 mtelae

112 2429 156 2482 uit
171 2432 245 2485 actio
265 2434 296 2484 et
313 2429 342 2484 in
359 2444 420 2484 eam
439 2433 584 2498 atrumque
602 2433 712 2498 tempus
730 2429 836 2498 ueniet,
861 2435 890 2486 et
907 2445 975 2500 quo,
996 2435 1144 2500 aumquaru
1162 2435 1321 2486 uasoeretnr
1338 2428 1441 2500 inians,
1460 2432 1548 2500 gessit

110 2523 134 2571 et
148 2535 210 2588 qno,
230 2523 414 2589 posteaquem
433 2522 514 2574 natus
532 2517 576 2570 sit
1566 2531 1595 2572 ιι

23 2597 97 2682 iiiii)
155 2609 301 2664 iuuentus
323 2605 391 2662 libro
409 2605 490 2660 tertio
508 2605 685 2674 digestorum.
722 2605 765 2660 Er
783 2604 856 2662 iacto
874 2604 1070 2676 quaerebatur:
1089 2599 1548 2690 fflffl
1570 2613 1605 2666 'S

109 2695 240 2764 quendam
266 2695 303 2750 ad
322 2695 457 2764 siliginem
476 2693 619 2750 emendam
638 2698 790 2750 curatorem
810 2693 919 2750 decreto
938 2693 1040 2748 ordinis
1058 2696 1249 2750 constitutum:
1274 2695 1363 2750 eidem
1381 2695 1464 2751 alium
1483 2695 1546 2752 sub·

110 2792 259 2840 curatorem
284 2784 462 2840 constitutum
480 2783 614 2852 siliginem
633 2783 774 2839 miscendo
791 2783 944 2852 corrupisse
967 2787 1050 2852 atque
1074 2783 1113 2838 ita
1136 2785 1252 2853 pretium
1276 2784 1406 2853 siliginis,
1430 2799 1500 2854 quae
1517 2784 1547 2840 iu

109 2872 243 2941 publicum
263 2879 360 2942 empta
378 2876 445 2940 erat,
463 2871 582 2928 curatori
600 2871 737 2928 adflictum
756 2887 830 2928 esse:
850 2885 958 2943 quaque
977 2871 1084 2926 actione
1102 2877 1212 2928 curator
1228 2887 1288 2926 cum
1308 2871 1484 2928 subcuratore
1501 2887 1547 2928 er·

109 2963 181 3028 periri
200 2961 297 3032 possit
313 2965 344 3015 et
360 2961 491 3029 consequi
508 2959 546 3029 id,
564 2965 596 3014 ut
614 2960 640 3014 ei
653 2961 759 3016 saluum
772 2966 855 3030 esset,
874 2960 948 3030 quod
960 2959 1115 3014 causaeius
1127 2959 1256 3016 damam
1269 2961 1396 3030 cepisset.
1424 2959 1548 3016 Ualerius
1567 2973 1595 3014 ao

108 3047 221 3104 &uerus
241 3048 388 3119 respondit
404 3047 537 3104 aduersus
555 3053 725 3104 eontutorem
745 3050 915 3118 negotiorum
927 3054 1067 3118 gestorum
1080 3049 1215 3104 actionem
1228 3050 1311 3104 tutori
1324 3047 1455 3104 dandam:
1474 3047 1549 3104 idern

108 3139 260 3208 respondit:
289 3143 321 3192 ut
339 3137 510 3205 magistratui
528 3137 663 3192 aduersus
682 3138 871 3206 magistratum
891 3137 986 3192 eadem
1005 3137 1077 3192 aetio
1095 3137 1189 3207 detur,
1211 3138 1250 3192 ita
1267 3143 1372 3206 umen,
1397 3137 1421 3192 si
1439 3151 1494 3192 non
1512 3137 1548 3192 sit

108 3229 229 3282 consuas
248 3225 365 3282 fraudis.
394 3225 545 3280 secundum
563 3239 634 3295 quae
653 3225 736 3280 etiarn
755 3226 782 3280 in
801 3225 978 3281 subcuratore
996 3223 1068 3280 idern
1087 3225 1233 3280 dicendum
1250 3231 1302 3282 est.

23 3303 93 3388 biii)
153 3317 345 3371 emmanue
356 3313 425 3368 bbro
438 3313 559 3370 secundo
571 3327 773 3384 responsorum.
797 3314 908 3370 Libente
920 3315 964 3370 uel
977 3315 1065 3370 arnico
1077 3313 1219 3370 mandauit
1230 3314 1373 3384 pecuniam
1392 3307 1548 3397 Q
1580 3319 1608 3374 Ρ

108 3404 227 3473 accipere
247 3407 390 3458 mutuam:
414 3403 492 3456 cuius
509 3402 615 3458 litteras
633 3401 752 3456 creditor
768 3407 880 3458 secutus
898 3403 1034 3458 contraxit
1051 3407 1080 3458 et
1097 3401 1242 3458 fideiussor
1258 3402 1417 3458 interuenit:
1440 3401 1548 3456 etiamsi
1567 3415 1595 3456 as

107 3494 218 3560 petuma
237 3507 300 3547 non
318 3491 400 3545 sitin
417 3505 475 3545 rem
493 3491 552 3544 eins
570 3505 661 3560 uersa,
678 3495 771 3546 tamen
788 3490 899 3546 dabitur
915 3492 943 3546 in
961 3506 1024 3546 eum
1042 3491 1214 3562 negotiorum
1226 3496 1366 3560 gestorum
1378 3490 1450 3546 sotio
1462 3490 1548 3546 oredi-

84 3581 153 3636 ttori
169 3582 217 3636 nel
237 3579 407 3647 fideiussori,
426 3579 530 3634 seilicet
548 3579 584 3634 ad
602 3578 756 3648 exemplum
775 3579 926 3636 institorias
938 3579 1061 3635 actionis.
1089 3579 1164 3634 Inter
1176 3579 1287 3650 negotia
1299 3577 1459 3650 Sempronii,
1477 3594 1548 3648 quae

108 3669 225 3740 gerebat,
246 3669 382 3737 ignorans
399 3667 465 3722 Titii
484 3668 623 3736 negotium
641 3668 741 3736 gessit:
760 3666 796 3722 ob
814 3681 875 3722 earn
894 3683 1002 3738 quoqne
1021 3668 1139 3738 speeiem
1159 3667 1319 3738 Sempronio
1336 3665 1481 3736 tenebitur,
1499 3666 1550 3722 sed

108 3759 129 3810 ei
150 3759 315 3812 motionem
340 3755 525 3812 indemnitatis
548 3754 639 3812 officio
663 3755 760 3810 iudicis
781 3754 905 3825 praeberi
923 3771 1032 3812 necesse
1053 3761 1098 3812 est
1115 3756 1248 3812 aduenas
1266 3756 1383 3824 Titium,
1407 3755 1551 3810 coiciatur

82 3846 180 3902 tache
211 3846 293 3901 idern
311 3844 341 3898 in
359 3849 448 3900 tutore
466 3845 533 3900 iuris
551 3851 602 3900 est
631 3844 721 3900 Litem
739 3844 767 3900 in
785 3843 915 3900 iudicium
934 3843 1081 3899 deductam
1099 3849 1128 3898 et
1145 3859 1221 3900 areo
1233 3843 1370 3900 desertam
1382 3841 1550 3898 frustratorie
1568 3857 1597 3898 to

108 3935 206 3990 amium
226 3935 306 3989 nitro
324 3933 390 4002 egit,
408 3947 507 3988 causas
525 3933 666 3988 mantino
685 3931 743 3986 eius
761 3931 883 4002 allegans
901 3931 997 3988 iudici:
1019 3932 1126 4002 culpem
1145 3932 1313 3987 contraxisse
1331 3947 1386 3987 non
1403 3931 1549 4002 uidebittu,

106 4023 173 4091 qood
197 4022 346 4078 sententia
368 4027 464 4076 conus
486 4020 628 4076 absentem
651 4021 726 4076 dicta
745 4021 805 4091 ipse
823 4036 877 4076 non
895 4021 1064 4091 prouocauit.
1101 4018 1252 4076 Unrrtsus
1270 4025 1360 4076 notat:
1383 4020 1436 4076 hoc
1453 4035 1549 4076 uerum

107 4137 257 4208 FPtVLU)

109 4309 116 4340 ¹
132 4309 245 4362 meliore
267 4303 346 4362 faeta
363 4301 399 4358 ab
416 4319 450 4359 eo
469 4303 639 4374 [computari]
660 4301 856 4360 desiderabat?
925 4303 984 4359 ¹in
1001 4303 1095 4373 quod?

109 4431 373 4500 imagistratuum
392 4426 430 4480 pr
445 4429 450 4496 Ι
465 4427 570 4496 aliquot
587 4429 614 4481 F
652 4427 804 4484 iaccioni·
860 4429 893 4482 19
911 4427 963 4496 ert]
983 4432 1012 4482 et
1028 4427 1065 4480 F¹
1107 4427 1142 4482 20
1159 4425 1241 4496 quus*
1252 4425 1282 4480 id
1293 4425 1331 4480 Fi
1375 4427 1408 4481 21
1421 4429 1551 4495 postuma

109 4499 154 4556 bus
170 4503 212 4556 P·
228 4503 233 4568 1
251 4499 390 4556 suluendo
407 4499 449 4565 Fi
465 4497 600 4554 extit‘er'it
617 4499 657 4554 Ρ
705 4501 803 4554 bcon·
857 4499 905 4552 ΓΜ
970 4499 1005 4552 24
1029 4497 1093 4567 quo]
1117 4495 1192 4567 quod
1213 4497 1262 4551 PL
1286 4495 1550 4564 increementa*

109 4574 197 4627 ueniet
206 4574 245 4626 F
264 4573 271 4638 Ι
286 4569 443 4638 herennius]
454 4569 532 4635 H'U,
542 4589 592 4624 orn.
602 4570 651 4624 Va
678 4571 712 4625 10
723 4569 803 4640 saltu]
859 4571 894 4624 29
903 4568 1018 4624 curatori
1028 4568 1187 4634 Ftem.m.3)
1198 4569 1202 4633 Ι
1215 4566 1391 4636 quaqu‘a’eF
1415 4569 1450 4622 32
1459 4565 1550 4622 ad'm'·

109 4645 243 4700 ιιιιιιιιΐ1
262 4639 522 4710 Ιιθᾶίῆιιιιιιίιΐ·
567 4642 600 4695 11
614 4657 678 4696 cum
687 4647 767 4729 patre
785 4641 811 4694 F
859 4655 956 4696 uersus
980 4641 1007 4692 F
1058 4640 1093 4693 33
1117 4637 1206 4694 fraudi
1228 4639 1281 4706 ΡΙ
1305 4637 1484 4694 subeitratore
1512 4639 1551 4692 P⁰

110 4716 258 4782 isarna:
272 4712 669 4783 thraeciueicuaipcctu...
685 4713 805 4767 saeoaB
859 4711 893 4766 36
912 4715 1022 4764 *tamen
1041 4709 1079 4762 F³
1132 4711 1168 4764 38
1186 4709 1305 4778 speciem
1323 4728 1372 4764 ota.
1387 4710 1426 4763 P·
1442 4713 1446 4776 Ι
1462 4717 1551 4764 *sem-

111 4784 213 4850 itiaoa)
258 4785 296 4839 12
308 4781 466 4852 herennius]
480 4783 594 4848 FRom.
608 4781 687 4837 VLU
720 4783 754 4837 13
766 4781 804 4852 re]
858 4781 954 4866 pronio
972 4779 1007 4834 Fr
1055 4781 1089 4835 39
1107 4795 1252 4836 nececesse
1265 4779 1292 4832 F
1328 4779 1549 4848 seinans-1

111 4862 135 4908 te
156 4859 197 4910 P³
222 4859 227 4924 Ι
254 4853 409 4910 uoluntatis
432 4853 534 4908 P'LU·
558 4857 562 4920 Ι
587 4851 659 4922 eum]
684 4868 745 4908 cem
769 4854 806 4906 F‘·
859 4852 987 4908 iodicium
1010 4853 1037 4904 F
1055 4855 1112 4914 (em.
1130 4852 1202 4919 m.3)
1257 4850 1290 4906 41
1316 4850 1426 4906 uidetur
1448 4850 1554 4906 PVLU

112 4927 142 4980 14
159 4929 229 4982 soris
244 4927 286 4981 Ρ·
328 4927 362 4980 15
380 4925 640 4994 responditPVLU
683 4927 716 4979 16
731 4941 805 4979 man·
859 4923 1133 4994 fflprouro⁴cauitF²
1148 4923 1154 4992 Ι
1169 4921 1311 4992 boeiFP,
1329 4919 1555 4977 etbooP⁸VIaU

111 4997 169 5054 dato
183 4997 295 5054 PVLU
335 4997 368 5052 17
381 4995 534 5068 iisqu*e⁴F³
575 4997 610 5052 18
623 5001 726 5067 quanto
737 4995 810 5051 ΡΨ
1437 5053 1439 5059 A
