3856 5616
891 749 977 847 1111.

478 977 647 1059 UERSIO
675 977 904 1056 UULGATA
928 977 1387 1058 MODESTINIANORUM

683 1123 768 1194 (Die.
786 1126 857 1183 LIB.
874 1125 969 1184 XXVI
986 1126 1035 1182 ET
1053 1125 1181 1195 XXVII).

267 1247 395 1344 Codioea
412 1286 581 1357 digestorum
600 1291 736 1358 quotquot
753 1291 850 1344 extant
869 1290 933 1357 post
949 1285 1127 1344 Iustinianam
1152 1291 1270 1342 aetatem
1295 1288 1401 1343 ararad
1418 1287 1525 1345 Grrees
1547 1291 1651 1360 passim

211 1377 316 1434 inserta
332 1393 351 1432 s
367 1375 590 1446 oompilatorrbus
608 1377 662 1446 xiii,
681 1381 710 1431 et
726 1375 746 1432 ii
763 1375 873 1445 quidem
892 1375 1059 1446 antiquiores
1078 1381 1106 1432 et
1124 1373 1333 1448 emendatiores,
1352 1381 1401 1432 aut
1418 1377 1520 1434 babent
1537 1377 1651 1450 Greeoe,

148 1469 154 1480 ’
211 1465 262 1522 sed
279 1470 408 1536 corrupta
424 1481 442 1521 a
459 1463 575 1520 librariis
588 1464 687 1522 Graeoi
698 1464 831 1520 sermonis
842 1464 984 1534 imperita,
1002 1469 1051 1520 aut
1062 1463 1201 1534 omittunt,
1219 1464 1265 1519 alii
1278 1471 1435 1535 proponunt
1445 1467 1543 1524 Latine
1555 1482 1650 1524 ueras:

211 1553 259 1624 qui
275 1553 337 1610 libri
355 1552 511 1623 ubieunque
528 1553 564 1608 ad
576 1553 627 1610 boa
641 1555 716 1610 looos
728 1553 892 1624 interpretis,
912 1567 1012 1608 nomen
1024 1551 1192 1624 edsoribuut,
1210 1553 1285 1623 quod
1297 1550 1401 1608 iaoiunt
1412 1569 1496 1625 saepe
1506 1557 1523 1626 ¹,
1542 1571 1652 1628 semper

211 1643 386 1712 interpretem
405 1643 520 1698 laudent
536 1640 759 1712 burgundionem
778 1642 908 1698 Pisanum
927 1645 1063 1698 mortuum
1087 1641 1116 1696 iu
1133 1641 1222 1712 patria
1239 1656 1332 1696 senem
1351 1657 1377 1697 a
1391 1643 1475 1714 1194,
1498 1659 1565 1700 sane
1588 1660 1651 1716 pro·

210 1728 346 1788 habiliter.
373 1746 437 1786 uam
456 1731 624 1802 Burgundio,
642 1745 725 1801 quem
744 1729 854 1786 oonsttt
871 1730 982 1802 saepius
1000 1728 1237 1801 constantinopoli
1253 1733 1391 1786 moretum
1409 1745 1479 1802 esse,
1498 1731 1653 1790 celebretur

211 1819 318 1889 inipso
336 1819 476 1891 epitaphio
493 1825 625 1890 tanquam
644 1819 770 1890 'optimus
788 1819 922 1890 interpres
934 1818 1083 1876 Greoorum
1101 1817 1178 1876 tonte
1195 1817 1336 1876 reseretus'
1354 1823 1504 1890 extantque
1521 1820 1611 1878 adhue
1622 1823 1652 1879 in

141 1953 150 1960 .
212 1906 384 1964 bibliothecis
407 1909 549 1978 eomplura
571 1923 655 1980 opera
677 1907 865 1979 Chrysostomi
889 1905 987 1964 Galeri
1009 1908 1178 1978 aliorumque
1201 1905 1367 1964 Graeoorum
1391 1913 1535 1966 suetorum
1557 1909 1593 1965 ab
1617 1925 1651 1968 eo

211 1997 309 2052 Latine
331 1995 406 2052 iaota
429 1999 467 2064 (u.
480 1995 604 2069 Sarigny
625 1997 716 2052 Geel.
734 1997 779 2052 das
796 2003 860 2052 rom.
878 1997 973 2053 Rerlta
990 1997 1017 2066 4,
1034 1996 1088 2052 eei
1105 2000 1171 2066 sol:
1196 1995 1315 2066 denique
1338 2012 1401 2051 oum
1424 1997 1509 2052 uitem
1528 1999 1652 2068 exegerit

210 2084 296 2154 Pisis,
320 2085 368 2140 uix
385 2083 444 2140 deri
461 2086 565 2156 potuit,
588 2085 655 2156 quin
673 2084 903 2140 animaduerteret
926 2083 1132 2142 eelebrstisaimi
1151 2084 1321 2154 digestorum
1338 2083 1480 2157 erebetypi
1498 2085 1605 2142 Graeoa
1622 2088 1651 2144 in

211 2187 279 2230 susa
297 2174 395 2229 aetatis
407 2173 578 2243 digestorum
591 2171 793 2244 exemplaribus
804 2173 886 2244 plane
898 2173 1056 2230 desiderari.
1084 2177 1114 2228 at
1127 2173 1220 2230 neseio
1232 2187 1288 2242 quo
1300 2172 1383 2229 modo
1393 2173 1498 2244 plaouit
1510 2173 1650 2248 Sarignlo,

211 2277 273 2317 oum
291 2260 359 2318 baso
377 2263 480 2332 optime
498 2267 527 2317 et
545 2262 724 2318 intellexisset
742 2265 771 2316 et
789 2262 975 2333 exposuisset,
993 2261 1119 2332 exeipere
1137 2277 1155 2317 a
1172 2262 1310 2318 communi
1328 2261 1434 2332 origine
1450 2262 1651 2320 Modestiniaua

210 2348 271 2406 libri
290 2350 413 2408 uioeeimi
426 2352 540 2422 septimi
558 2351 587 2416 (l.
600 2367 625 2407 o.
637 2351 667 2420 e,
681 2350 761 2418 482):
786 2351 940 2421 antiquiore
962 2350 1031 2407 hnee
1048 2365 1124 2422 ease,
1148 2365 1211 2406 enm
1230 2353 1259 2404 et
1276 2348 1426 2406 Aooursius
1444 2350 1483 2418 (in
1500 2351 1594 2421 glossa
1612 2351 1649 2409 ed

211 2440 387 2509 tlt,1,1pr.)
406 2454 440 2495 ea
456 2438 561 2496 tribuat
578 2438 631 2510 ipsi
648 2437 802 2495 liedesdno
820 2443 849 2495 et
866 2438 979 2508 reperiri
996 2437 1123 2494 uideatur
1140 2437 1177 2492 ad
1193 2453 1279 2494 unum
1297 2439 1388 2494 loourn
1405 2439 1499 2508 glossa
1517 2438 1650 2498 'sortasse'

209 2527 357 2584 lrneriaus.
385 2528 455 2584 haee
477 2542 561 2598 quam
584 2525 692 2583 infirma
714 2527 770 2582 sint
791 2542 842 2596 per
863 2542 893 2582 se
915 2531 1038 2598 apparet
1066 2531 1096 2582 et
1112 2526 1280 2583 irueriousm
1297 2525 1408 2596 quidem
1426 2533 1547 2597 glossam
1566 2547 1649 2600 quarn

134 2619 141 2628 '
210 2615 278 2671 eitat
295 2615 442 2687 Savignlus
460 2617 637 2688 adaeriptam,
655 2621 687 2670 ut
703 2615 755 2686 ait,
775 2615 810 2670 ad
827 2615 876 2672 13
894 2616 939 2682 §b
957 2615 984 2670 b.
996 2620 1018 2671 t.
1036 2629 1099 2671 eum
1117 2630 1170 2684 ego
1193 2613 1296 2670 mustra
1317 2616 1530 2688 quaesiuisaem,
1555 2617 1651 2674 doeuit

211 2719 255 2759 me
268 2705 428 2776 Kruegsrus
445 2705 566 2775 intellegi
583 2704 737 2762 ordinariae
748 2703 935 2760 Aeenrsianae
952 2704 1084 2759 insertam
1103 2703 1140 2758 ed
1157 2704 1175 2758 1.
1188 2703 1205 2758 0
1220 2707 1236 2769 t
1247 2704 1265 2758 5
1277 2703 1339 2760 eod.
1352 2703 1438 2760 uerbo
1449 2706 1509 2770 allo,
1528 2706 1573 2760 oui
1585 2703 1649 2762 sub·

210 2794 314 2864 seripta
336 2795 456 2850 eeruitur
476 2795 505 2850 in
528 2791 694 2849 editionibus
717 2797 784 2848 nota
802 2792 838 2846 ir.
868 2796 898 2848 at
921 2791 1056 2850 eiusmodi
1078 2797 1172 2848 notam
1195 2791 1306 2849 soboliis
1323 2807 1389 2848 aare
1406 2793 1553 2850 Irnerianls
1571 2810 1648 2850 nurn-

209 2897 292 2953 qusm
317 2881 405 2939 subiei
427 2883 486 2955 ipse
505 2881 653 2952 strigulus
676 2880 875 2938 demonstrauit
892 2881 928 2950 (4,
942 2881 1056 2952 rrsql:
1078 2885 1224 2951 praetereo
1240 2895 1291 2952 pro
1308 2885 1375 2937 uota
1391 2881 1437 2936 illa
1454 2897 1522 2938 sane
1539 2883 1649 2952 glossae

209 2970 362 3027 ordinariae
379 2987 476 3042 parum
489 2971 670 3028 oouueniente
682 2969 792 3027 oodioes
803 2967 858 3025 duo
870 2967 1006 3024 Iniortiati
1018 2984 1080 3024 eum
1092 2972 1227 3039 apparatu
1238 2967 1365 3026 boenerii
1377 2970 1539 3041 (Lipsiensis
1551 2985 1609 3026 sen.
1621 2971 1650 3028 11

209 3057 276 3114 Μ
293 3064 323 3116 et
339 3059 524 3116 Berolinensis
546 3060 608 3115 Lat
626 3057 673 3115 iol.
686 3061 731 3128 16)
754 3057 857 3116 babent
878 3055 986 3114 solitam
1006 3057 1069 3128 Ae,
1093 3071 1155 3113 oum
1178 3058 1276 3116 tertius
1300 3059 1386 3128 (Lips.
1403 3059 1479 3114 uuiu.
1497 3059 1561 3126 819)
1584 3058 1648 3116 sub·

210 3147 386 3218 seriptiouem
403 3146 506 3204 bebest
527 3147 638 3204 nullsrn.
669 3147 763 3218 itaque
788 3160 823 3202 ex
846 3143 898 3202 boo
921 3149 995 3200 oerte
1018 3143 1121 3200 sobollo
1144 3159 1202 3200 rem
1225 3161 1280 3204 ηοη
1302 3145 1401 3204 ooufioi
1422 3161 1503 3204 nemo
1525 3147 1647 3218 negabit

209 3234 359 3292 Aeoursius
377 3238 406 3304 (τ
425 3251 449 3292 e.
464 3236 543 3303 1260)
562 3241 654 3292 eutem
672 3234 690 3291 l.
703 3251 727 3290 o.
746 3233 783 3290 ad
800 3231 886 3290 uerba
898 3233 1058 3289 ‘Herennius
1074 3231 1245 3292 Modestinus
1262 3234 1371 3304 ignatio
1383 3233 1495 3292 Dextro·
1507 3235 1581 3306 quod
1599 3236 1647 3291 ad·

209 3327 300 3378 notet:
320 3323 406 3395 uota,
428 3324 503 3395 quod
521 3325 607 3380 nostri
624 3323 751 3380 dootores
772 3322 941 3392 intelligunt,
962 3321 1038 3391 quod
1055 3337 1090 3378 ex
1107 3320 1215 3392 legibus
1232 3323 1338 3380 Latinis
1356 3324 1475 3394 antiquis
1493 3324 1647 3380 Herennius

209 3409 283 3468 'feeit
300 3412 398 3470 librum
416 3411 605 3469 mausierendo
623 3413 652 3468 in
670 3410 798 3483 Greeum,
815 3417 845 3466 et
862 3411 926 3482 quia
937 3409 1008 3466 bene
1019 3411 1187 3481 oompilauit,
1204 3415 1393 3482 reassumptus
1408 3417 1453 3467 est
1468 3412 1497 3468 in
1509 3413 1646 3483 Latinum,

210 3497 249 3556 'ut
265 3499 325 3556 bio:
348 3507 377 3557 et
397 3499 465 3558 feeit
488 3516 539 3572 pro
561 3501 601 3558 eis
625 3500 700 3571 quod
723 3504 767 3556 est
789 3497 859 3556 inira
878 3499 912 3554 'iu
931 3496 1081 3556 Greoorum
1105 3498 1190 3556 uooe’.
1216 3499 1267 3554 sed
1291 3503 1365 3556 oerte
1386 3499 1457 3557 bene
1481 3503 1575 3571 potest
1591 3501 1647 3556 diei

209 3587 343 3659 'eoontra,
368 3590 442 3659 qaod
465 3605 499 3646 ex
518 3589 607 3646 Greoo
629 3589 658 3643 in
681 3587 809 3644 Latinum
833 3587 972 3644 transtulit
993 3587 1146 3644 Herennius
1170 3589 1199 3642 et
1221 3587 1297 3643 dieea
1316 3587 1351 3643 ‘in
1375 3587 1532 3646 Greeorum’
1549 3588 1579 3646 id
1603 3592 1647 3644 est

209 3674 265 3733 “ex
289 3675 438 3734 Greoorum
462 3675 559 3748 uooe'',
586 3676 638 3732 boo
662 3675 784 3732 deolorat
803 3675 954 3747 prurientes
978 3681 1042 3730 ante
1065 3674 1228 3732 Aooursium
1250 3680 1326 3732 reete
1349 3676 1496 3733 tradidisse
1519 3677 1589 3734 baeo
1610 3692 1646 3734 ex

208 3763 322 3822 Greeois
333 3765 480 3823 liodestini
492 3762 677 3834 ‘reassumpta'
690 3779 752 3820 ease
770 3765 799 3821 in
815 3765 944 3821 Latinum
962 3764 1071 3820 nomino
1089 3764 1148 3820 eius
1166 3765 1213 3834 qui
1230 3764 1329 3820 Latine
1346 3766 1461 3822 uerterit
1477 3780 1533 3821 non
1549 3767 1644 3838 relato

207 3851 343 3910 Aoeurslo
360 3855 413 3924 ipsi
431 3855 520 3924 mags
537 3853 674 3925 plaeulsse
692 3852 761 3908 haee
771 3853 869 3908 Latine
886 3851 962 3908 iaota
979 3867 1041 3908 ease
1053 3851 1089 3908 ab
1101 3852 1162 3924 ipso
1173 3850 1340 3908 liodestino:
1359 3852 1433 3908 uude
1445 3853 1519 3923 quod
1531 3855 1644 3926 oolligss

208 3941 260 3998 nisi
283 3943 444 4013 ineptiuisse
468 3940 521 3998 boe
543 3955 653 4012 quoque
675 3941 736 3998 loeo
759 3939 923 3998 Aoouraium
946 3939 1074 4011 equidem
1098 3945 1173 3997 eerte
1195 3956 1251 3998 uon
1273 3941 1419 4012 perspitio.
1446 3941 1530 3998 nihilo
1553 3944 1644 3999 minus

208 4029 333 4100 &viguit
352 4030 421 4086 haee
443 4031 565 4102 opinatio
587 4043 638 4100 pro
660 4029 829 4099 argumentis
851 4029 958 4086 idoneis
980 4027 1095 4085 detensa
1119 4029 1213 4100 magni
1237 4029 1356 4086 nominis
1380 4031 1542 4088 auotoritate
1566 4034 1644 4087 tento

207 4133 345 4176 eonsensu
367 4123 479 4188 reoeptn
502 4122 558 4190 est,
580 4121 613 4173 ut
634 4117 682 4187 qui
703 4123 802 4188 postea
822 4117 858 4174 de
882 4117 980 4174 eadem
999 4131 1032 4206 ,re
1056 4117 1224 4189 seripserunt
1246 4133 1297 4191 pro
1320 4117 1482 4190 probatione
1498 4117 1645 4176 habuerint

207 4205 369 4276 Serignium
395 4205 561 4262 laudauisse.
594 4205 712 4276 primum
736 4204 866 4262 tilbertus
887 4206 1000 4276 Krlegel
1024 4207 1053 4262 1η
1079 4207 1309 4263 eorumeutntione
1336 4207 1495 4264 eoademiea
1520 4209 1644 4279 (antiqua

207 4296 298 4352 uersio
315 4295 416 4350 Latina
432 4293 646 4364 fragmentorum
665 4309 681 4350 e
698 4293 846 4352 Modestiui
862 4293 932 4352 libro
954 4294 989 4350 de
1011 4294 1235 4352 exonastiouibus
1257 4296 1286 4352 in
1304 4295 1472 4366 digestorum
1488 4297 1535 4354 lib.
1548 4297 1643 4357 XXVI

207 4387 237 4438 et
253 4382 361 4439 XXVII
378 4381 522 4438 obuiorum
540 4383 568 4438 1η
585 4383 722 4453 integrum
741 4383 877 4439 restituta
899 4383 1011 4454 Lipsise
1028 4384 1107 4440 1800.
1124 4384 1152 4440 4.
1169 4400 1216 4454 pp.
1229 4385 1275 4452 st)
1292 4383 1448 4440 tersionem
1465 4385 1538 4441 illam
1555 4387 1585 4442 in
1602 4386 1642 4444 di·

206 4476 348 4543 gestorum
367 4469 569 4543 exemplaribus
586 4470 783 4528 rsoentioribus
794 4469 852 4528 iere
864 4470 1047 4528 oblitteratam
1060 4473 1236 4530 resuseitnuit
1247 4472 1284 4529 ad
1295 4473 1405 4529 oodiees
1416 4477 1472 4528 tres
1483 4475 1642 4544 lipsienses

206 4559 395 4630 editionesque
413 4560 518 4628 eliquot
534 4559 637 4616 aaeooii
654 4559 716 4630 XV,
739 4559 821 4616 simul
844 4575 899 4616 non
922 4560 1010 4616 solum
1032 4561 1161 4633 smpieeti
1184 4576 1215 4618 se
1233 4561 1269 4618 de
1286 4566 1378 4619 aetate
1400 4561 1460 4618 eius
1478 4564 1642 4622 senteutiam

205 4647 401 4718 &urrunnun
419 4647 568 4718 protessus,
586 4647 637 4704 aed
654 4662 688 4704 eo
704 4663 793 4718 usque
809 4662 980 4720 progressus,
998 4651 1030 4704 ut
1046 4649 1201 4707 ueraiouem
1213 4665 1274 4707 eam
1286 4649 1389 4708 laetam
1399 4649 1535 4708 iudiearet
1550 4657 1642 4710 aetate

260 4845 270 4880 ¹
288 4843 356 4897 Uide
373 4856 451 4911 supra
467 4842 500 4896 lt.
515 4841 557 4906 16,
569 4841 595 4906 0,
607 4841 651 4905 26,
665 4843 689 4896 1.
709 4841 751 4908 17,
763 4845 808 4910 00,
819 4843 847 4906 4,
864 4841 908 4896 ubi
924 4841 987 4896 talis
1003 4842 1181 4914 adsaripsimus
1198 4861 1231 4902 ex
1241 4845 1355 4914 margine
1371 4845 1429 4900 iibri
1443 4846 1537 4916 digesti
1547 4847 1641 4902 usam

204 4913 337 4968 Patauini:
355 4915 428 4983 plura
445 4915 500 4978 eius
517 4914 618 4982 generis
635 4919 777 4982 composuit
793 4915 906 4984 savigny
922 4913 974 4968 1ο.
992 4913 1020 4978 4,
1031 4914 1092 4970 tot.
