<?xml version="1.0" encoding="UTF-8"?>
<!DOCTYPE html PUBLIC "-//W3C//DTD XHTML 1.0 Transitional//EN"
    "http://www.w3.org/TR/xhtml1/DTD/xhtml1-transitional.dtd">
<html xmlns="http://www.w3.org/1999/xhtml" xml:lang="en" lang="en">
 <head>
  <title>
</title>
<meta http-equiv="Content-Type" content="text/html;charset=utf-8" />
  <meta name='ocr-system' content='tesseract 3.04.00' />
  <meta name='ocr-capabilities' content='ocr_page ocr_carea ocr_par ocr_line ocrx_word'/>
</head>
<body>
  <div class='ocr_page' id='page_1' title='image "./digestaiustinia00mommgoog/digestaiustinia00mommgoog_0063.png"; bbox 0 0 3720 5544; ppageno 0'>
   <div class='ocr_carea' id='block_1_1' title="bbox 955 211 1053 280">
    <p class='ocr_par' dir='ltr' id='par_1_1' title="bbox 955 211 1053 280">
     <span class='ocr_line' id='line_1_1' title="bbox 955 211 1053 280; baseline 0.01 -2"><span class='ocrx_word' id='word_1_1' title='bbox 955 211 1053 280; x_wconf 83' lang='lat' dir='ltr'>LVIII</span> 
     </span>
    </p>
   </div>
   <div class='ocr_carea' id='block_1_2' title="bbox 291 385 1724 1105">
    <p class='ocr_par' dir='ltr' id='par_1_2' title="bbox 291 385 1724 1105">
     <span class='ocr_line' id='line_1_2' title="bbox 292 385 1724 462; baseline -0.003 -14"><span class='ocrx_word' id='word_1_2' title='bbox 292 393 438 462; x_wconf 71' lang='lat' dir='ltr'><strong>scriptores</strong></span> <span class='ocrx_word' id='word_1_3' title='bbox 462 396 490 448; x_wconf 91' lang='lat' dir='ltr'><strong>et</strong></span> <span class='ocrx_word' id='word_1_4' title='bbox 508 391 698 448; x_wconf 76' lang='lat' dir='ltr'><strong>emendatores</strong></span> <span class='ocrx_word' id='word_1_5' title='bbox 720 390 784 446; x_wconf 88' lang='lat' dir='ltr'><strong>inde</strong></span> <span class='ocrx_word' id='word_1_6' title='bbox 801 389 912 446; x_wconf 86' lang='lat' dir='ltr'><strong>uidetur</strong></span> <span class='ocrx_word' id='word_1_7' title='bbox 934 387 1119 460; x_wconf 88' lang='lat' dir='ltr'><strong>comprobari,</strong></span> <span class='ocrx_word' id='word_1_8' title='bbox 1142 389 1216 459; x_wconf 89' lang='lat' dir='ltr'><strong>quod</strong></span> <span class='ocrx_word' id='word_1_9' title='bbox 1240 387 1267 444; x_wconf 93' lang='lat' dir='ltr'><strong>bi</strong></span> <span class='ocrx_word' id='word_1_10' title='bbox 1289 403 1350 444; x_wconf 88' lang='lat' dir='ltr'><strong>oum</strong></span> <span class='ocrx_word' id='word_1_11' title='bbox 1369 387 1513 458; x_wconf 80' lang='lat' dir='ltr'><strong>diligenter</strong></span> <span class='ocrx_word' id='word_1_12' title='bbox 1531 385 1621 444; x_wconf 86' lang='lat' dir='ltr'><strong>officio</strong></span> <span class='ocrx_word' id='word_1_13' title='bbox 1638 385 1724 443; x_wconf 85' lang='lat' dir='ltr'><strong>functi</strong></span> 
     </span>
     <span class='ocr_line' id='line_1_3' title="bbox 292 494 1724 570; baseline -0.003 -15"><span class='ocrx_word' id='word_1_14' title='bbox 292 501 362 570; x_wconf 90' lang='lat' dir='ltr'><strong>sint,</strong></span> <span class='ocrx_word' id='word_1_15' title='bbox 383 504 477 556; x_wconf 89' lang='lat' dir='ltr'><strong>tamen</strong></span> <span class='ocrx_word' id='word_1_16' title='bbox 494 499 586 554; x_wconf 86' lang='lat' dir='ltr'><strong>hiatus</strong></span> <span class='ocrx_word' id='word_1_17' title='bbox 604 498 757 568; x_wconf 73' lang='lat' dir='ltr'><strong>complures</strong></span> <span class='ocrx_word' id='word_1_18' title='bbox 776 498 892 553; x_wconf 89' lang='lat' dir='ltr'><strong>maiores</strong></span> <span class='ocrx_word' id='word_1_19' title='bbox 910 512 965 552; x_wconf 94' lang='lat' dir='ltr'><strong>non</strong></span> <span class='ocrx_word' id='word_1_20' title='bbox 983 497 1175 567; x_wconf 84' lang='lat' dir='ltr'><strong>exploserunt,</strong></span> <span class='ocrx_word' id='word_1_21' title='bbox 1196 496 1225 552; x_wconf 84' lang='lat' dir='ltr'><strong>ln</strong></span> <span class='ocrx_word' id='word_1_22' title='bbox 1242 494 1284 552; x_wconf 88' lang='lat' dir='ltr'><strong>bis</strong></span> <span class='ocrx_word' id='word_1_23' title='bbox 1301 499 1358 551; x_wconf 87' lang='lat' dir='ltr'><strong>tres</strong></span> <span class='ocrx_word' id='word_1_24' title='bbox 1375 495 1472 565; x_wconf 87' lang='lat' dir='ltr'><strong>spatiis</strong></span> <span class='ocrx_word' id='word_1_25' title='bbox 1489 495 1585 552; x_wconf 87' lang='lat' dir='ltr'><strong>uacuis</strong></span> <span class='ocrx_word' id='word_1_26' title='bbox 1603 495 1724 566; x_wconf 87' lang='lat' dir='ltr'><strong>aprime</strong></span> 
     </span>
     <span class='ocr_line' id='line_1_4' title="bbox 291 602 1724 675; baseline -0.003 -12"><span class='ocrx_word' id='word_1_27' title='bbox 291 605 401 663; x_wconf 90' lang='lat' dir='ltr'><strong>librario</strong></span> <span class='ocrx_word' id='word_1_28' title='bbox 419 607 521 662; x_wconf 87' lang='lat' dir='ltr'><strong>relictis</strong></span> <span class='ocrx_word' id='word_1_29' title='bbox 539 607 579 662; x_wconf 86' lang='lat' dir='ltr'><strong>ita</strong></span> <span class='ocrx_word' id='word_1_30' title='bbox 597 605 744 675; x_wconf 88' lang='lat' dir='ltr'><strong>indicatos,</strong></span> <span class='ocrx_word' id='word_1_31' title='bbox 762 610 795 660; x_wconf 89' lang='lat' dir='ltr'><strong>ot</strong></span> <span class='ocrx_word' id='word_1_32' title='bbox 811 603 953 675; x_wconf 85' lang='lat' dir='ltr'><strong>praeteriri</strong></span> <span class='ocrx_word' id='word_1_33' title='bbox 971 605 1045 660; x_wconf 91' lang='lat' dir='ltr'><strong>nullo</strong></span> <span class='ocrx_word' id='word_1_34' title='bbox 1063 603 1144 660; x_wconf 91' lang='lat' dir='ltr'><strong>modo</strong></span> <span class='ocrx_word' id='word_1_35' title='bbox 1163 603 1313 673; x_wconf 90' lang='lat' dir='ltr'><strong>potuerint:</strong></span> <span class='ocrx_word' id='word_1_36' title='bbox 1336 617 1426 672; x_wconf 86' lang='lat' dir='ltr'><strong>neque</strong></span> <span class='ocrx_word' id='word_1_37' title='bbox 1443 602 1584 672; x_wconf 82' lang='lat' dir='ltr'><strong>praeteriit</strong></span> <span class='ocrx_word' id='word_1_38' title='bbox 1601 616 1649 658; x_wconf 92' lang='lat' dir='ltr'><strong>eos</strong></span> <span class='ocrx_word' id='word_1_39' title='bbox 1666 616 1724 658; x_wconf 86' lang='lat' dir='ltr'><strong>cor-</strong></span> 
     </span>
     <span class='ocr_line' id='line_1_5' title="bbox 292 709 1722 784; baseline -0.004 -14"><span class='ocrx_word' id='word_1_40' title='bbox 292 719 390 784; x_wconf 88' lang='lat' dir='ltr'><strong>rector,</strong></span> <span class='ocrx_word' id='word_1_41' title='bbox 408 713 458 770; x_wconf 89' lang='lat' dir='ltr'><strong>sed</strong></span> <span class='ocrx_word' id='word_1_42' title='bbox 477 729 538 769; x_wconf 91' lang='lat' dir='ltr'><strong>cunr</strong></span> <span class='ocrx_word' id='word_1_43' title='bbox 557 713 666 784; x_wconf 85' lang='lat' dir='ltr'><strong>explere</strong></span> <span class='ocrx_word' id='word_1_44' title='bbox 683 727 738 768; x_wconf 90' lang='lat' dir='ltr'><strong>non</strong></span> <span class='ocrx_word' id='word_1_45' title='bbox 750 716 852 782; x_wconf 88' lang='lat' dir='ltr'><strong>posset,</strong></span> <span class='ocrx_word' id='word_1_46' title='bbox 871 710 1018 782; x_wconf 77' lang='lat' dir='ltr'><strong>adscripsit</strong></span> <span class='ocrx_word' id='word_1_47' title='bbox 1029 711 1099 766; x_wconf 80' lang='lat' dir='ltr'><strong>zisrsr</strong></span> <span class='ocrx_word' id='word_1_48' title='bbox 1113 713 1151 779; x_wconf 93' lang='lat' dir='ltr'><strong>(u.</strong></span> <span class='ocrx_word' id='word_1_49' title='bbox 1164 727 1191 782; x_wconf 93' lang='lat' dir='ltr'><strong>p.</strong></span> <span class='ocrx_word' id='word_1_50' title='bbox 1204 709 1332 777; x_wconf 86' lang='lat' dir='ltr'>XXXX).</span> <span class='ocrx_word' id='word_1_51' title='bbox 1360 709 1434 780; x_wconf 89' lang='lat' dir='ltr'><strong>quod</strong></span> <span class='ocrx_word' id='word_1_52' title='bbox 1452 714 1642 779; x_wconf 74' lang='lat' dir='ltr'><strong>argumentum</strong></span> <span class='ocrx_word' id='word_1_53' title='bbox 1660 723 1722 764; x_wconf 84' lang='lat' dir='ltr'><strong>cunr</strong></span> 
     </span>
     <span class='ocr_line' id='line_1_6' title="bbox 291 816 1723 891; baseline -0.003 -15"><span class='ocrx_word' id='word_1_54' title='bbox 291 821 484 891; x_wconf 81' lang='lat' dir='ltr'><strong>grauissimum</strong></span> <span class='ocrx_word' id='word_1_55' title='bbox 503 820 553 890; x_wconf 87' lang='lat' dir='ltr'><strong>sit,</strong></span> <span class='ocrx_word' id='word_1_56' title='bbox 573 824 665 876; x_wconf 90' lang='lat' dir='ltr'><strong>tamen</strong></span> <span class='ocrx_word' id='word_1_57' title='bbox 683 819 711 875; x_wconf 89' lang='lat' dir='ltr'><strong>in</strong></span> <span class='ocrx_word' id='word_1_58' title='bbox 729 819 893 875; x_wconf 88' lang='lat' dir='ltr'><strong>contrariam</strong></span> <span class='ocrx_word' id='word_1_59' title='bbox 910 822 1016 887; x_wconf 85' lang='lat' dir='ltr'><strong>partem</strong></span> <span class='ocrx_word' id='word_1_60' title='bbox 1034 822 1136 874; x_wconf 89' lang='lat' dir='ltr'><strong>nocant</strong></span> <span class='ocrx_word' id='word_1_61' title='bbox 1152 817 1206 874; x_wconf 89' lang='lat' dir='ltr'><strong>alia</strong></span> <span class='ocrx_word' id='word_1_62' title='bbox 1223 830 1278 873; x_wconf 91' lang='lat' dir='ltr'><strong>non</strong></span> <span class='ocrx_word' id='word_1_63' title='bbox 1294 817 1406 872; x_wconf 91' lang='lat' dir='ltr'><strong>leuiora.</strong></span> <span class='ocrx_word' id='word_1_64' title='bbox 1436 816 1475 871; x_wconf 87' lang='lat' dir='ltr'><strong>ita</strong></span> <span class='ocrx_word' id='word_1_65' title='bbox 1492 831 1542 872; x_wconf 84' lang='lat' dir='ltr'><strong>sex</strong></span> <span class='ocrx_word' id='word_1_66' title='bbox 1559 816 1650 886; x_wconf 80' lang='lat' dir='ltr'><strong>legum</strong></span> <span class='ocrx_word' id='word_1_67' title='bbox 1668 830 1723 871; x_wconf 88' lang='lat' dir='ltr'><strong>uno</strong></span> 
     </span>
     <span class='ocr_line' id='line_1_7' title="bbox 291 921 1723 998; baseline -0.003 -15"><span class='ocrx_word' id='word_1_68' title='bbox 291 927 386 984; x_wconf 90' lang='lat' dir='ltr'><strong>ordine</strong></span> <span class='ocrx_word' id='word_1_69' title='bbox 404 927 565 998; x_wconf 87' lang='lat' dir='ltr'><strong>scriptarum</strong></span> <span class='ocrx_word' id='word_1_70' title='bbox 585 927 621 981; x_wconf 89' lang='lat' dir='ltr'><strong>D.</strong></span> <span class='ocrx_word' id='word_1_71' title='bbox 635 926 678 997; x_wconf 78' lang='lat'><strong>32,</strong></span> <span class='ocrx_word' id='word_1_72' title='bbox 692 926 806 982; x_wconf 84' lang='grc'><strong>15-20</strong></span> <span class='ocrx_word' id='word_1_73' title='bbox 824 940 886 981; x_wconf 91' lang='lat' dir='ltr'><strong>cnm</strong></span> <span class='ocrx_word' id='word_1_74' title='bbox 904 928 1046 981; x_wconf 88' lang='lat' dir='ltr'><strong>auctorum</strong></span> <span class='ocrx_word' id='word_1_75' title='bbox 1064 925 1175 982; x_wconf 88' lang='lat' dir='ltr'><strong>uomina</strong></span> <span class='ocrx_word' id='word_1_76' title='bbox 1192 925 1220 979; x_wconf 89' lang='lat' dir='ltr'><strong>in</strong></span> <span class='ocrx_word' id='word_1_77' title='bbox 1237 923 1393 979; x_wconf 81' lang='lat' dir='ltr'><strong>Florentino</strong></span> <span class='ocrx_word' id='word_1_78' title='bbox 1415 921 1485 979; x_wconf 89' lang='lat' dir='ltr'><strong>libro</strong></span> <span class='ocrx_word' id='word_1_79' title='bbox 1508 922 1548 978; x_wconf 89' lang='lat' dir='ltr'><strong>sic</strong></span> <span class='ocrx_word' id='word_1_80' title='bbox 1566 937 1723 993; x_wconf 88' lang='lat' dir='ltr'><strong>repraesen-</strong></span> 
     </span>
     <span class='ocr_line' id='line_1_8' title="bbox 291 1031 1051 1105; baseline -0.003 -16"><span class='ocrx_word' id='word_1_81' title='bbox 291 1039 384 1090; x_wconf 88' lang='lat' dir='ltr'><strong>tentur</strong></span> <span class='ocrx_word' id='word_1_82' title='bbox 401 1034 504 1105; x_wconf 86' lang='lat' dir='ltr'><strong>scripta</strong></span> <span class='ocrx_word' id='word_1_83' title='bbox 520 1048 673 1104; x_wconf 73' lang='lat' dir='ltr'><strong>perperam,</strong></span> <span class='ocrx_word' id='word_1_84' title='bbox 690 1039 765 1089; x_wconf 89' lang='lat' dir='ltr'><strong>recte</strong></span> <span class='ocrx_word' id='word_1_85' title='bbox 783 1037 875 1088; x_wconf 90' lang='lat' dir='ltr'><strong>autem</strong></span> <span class='ocrx_word' id='word_1_86' title='bbox 894 1031 1051 1088; x_wconf 89' lang='lat' dir='ltr'><strong>emendata:</strong></span> 
     </span>
    </p>
   </div>
   <div class='ocr_carea' id='block_1_3' title="bbox 339 1175 1676 1293">
    <p class='ocr_par' dir='ltr' id='par_1_3' title="bbox 339 1175 1676 1293">
     <span class='ocr_line' id='line_1_9' title="bbox 387 1175 1579 1222; baseline -0.003 -2"><span class='ocrx_word' id='word_1_87' title='bbox 387 1187 400 1220; x_wconf 82' lang='grc' dir='ltr'><strong>ι</strong></span> <span class='ocrx_word' id='word_1_88' title='bbox 578 1179 747 1222; x_wconf 82' lang='lat' dir='ltr'><strong>roororuus</strong></span> <span class='ocrx_word' id='word_1_89' title='bbox 869 1185 882 1220; x_wconf 84' lang='grc' dir='ltr'>ε</span> <span class='ocrx_word' id='word_1_90' title='bbox 1303 1176 1363 1218; x_wconf 80' lang='grc' dir='ltr'><strong>ιιι</strong></span> <span class='ocrx_word' id='word_1_91' title='bbox 1522 1175 1579 1217; x_wconf 81' lang='lat' dir='ltr'><strong>cnr</strong></span> 
     </span>
     <span class='ocr_line' id='line_1_10' title="bbox 339 1227 1676 1293; baseline -0.001 -21"><span class='ocrx_word' id='word_1_92' title='bbox 339 1233 510 1289; x_wconf 71' lang='lat' dir='ltr'><strong>murmanus</strong></span> <span class='ocrx_word' id='word_1_93' title='bbox 528 1253 559 1262; x_wconf 97' lang='lat'>-</span> <span class='ocrx_word' id='word_1_94' title='bbox 577 1235 754 1293; x_wconf 64' lang='lat' dir='ltr'><strong>parmisque</strong></span> <span class='ocrx_word' id='word_1_95' title='bbox 773 1251 805 1260; x_wconf 99' lang='lat'>-</span> <span class='ocrx_word' id='word_1_96' title='bbox 824 1231 1041 1288; x_wconf 71' lang='lat' dir='ltr'><strong>muncrarius-</strong></span> <span class='ocrx_word' id='word_1_97' title='bbox 1058 1231 1227 1275; x_wconf 81' lang='lat' dir='ltr'><strong>roorourue</strong></span> <span class='ocrx_word' id='word_1_98' title='bbox 1246 1247 1277 1258; x_wconf 98' lang='lat'>-</span> <span class='ocrx_word' id='word_1_99' title='bbox 1298 1228 1427 1287; x_wconf 64' lang='lat' dir='ltr'><strong>qpspess</strong></span> <span class='ocrx_word' id='word_1_100' title='bbox 1446 1246 1478 1256; x_wconf 98' lang='lat'>-</span> <span class='ocrx_word' id='word_1_101' title='bbox 1499 1227 1676 1289; x_wconf 71' lang='lat' dir='ltr'><strong>qqppquarrus</strong></span> 
     </span>
    </p>
   </div>
   <div class='ocr_carea' id='block_1_4' title="bbox 131 1348 1725 4634">
    <p class='ocr_par' dir='ltr' id='par_1_4' title="bbox 292 1348 1725 3246">
     <span class='ocr_line' id='line_1_11' title="bbox 292 1348 1724 1427; baseline -0.003 -15"><span class='ocrx_word' id='word_1_102' title='bbox 292 1355 360 1412; x_wconf 90' lang='lat' dir='ltr'><strong>baec</strong></span> <span class='ocrx_word' id='word_1_103' title='bbox 378 1354 504 1411; x_wconf 90' lang='lat' dir='ltr'><strong>uidentur</strong></span> <span class='ocrx_word' id='word_1_104' title='bbox 522 1356 660 1427; x_wconf 83' lang='lat' dir='ltr'><strong>descripta</strong></span> <span class='ocrx_word' id='word_1_105' title='bbox 677 1370 738 1412; x_wconf 89' lang='lat' dir='ltr'><strong>csse</strong></span> <span class='ocrx_word' id='word_1_106' title='bbox 757 1369 792 1411; x_wconf 88' lang='lat' dir='ltr'><strong>er</strong></span> <span class='ocrx_word' id='word_1_107' title='bbox 810 1352 959 1425; x_wconf 85' lang='lat' dir='ltr'><strong>archetypo</strong></span> <span class='ocrx_word' id='word_1_108' title='bbox 977 1351 1029 1408; x_wconf 93' lang='lat' dir='ltr'><strong>hoc</strong></span> <span class='ocrx_word' id='word_1_109' title='bbox 1047 1352 1107 1409; x_wconf 90' lang='lat' dir='ltr'><strong>loco</strong></span> <span class='ocrx_word' id='word_1_110' title='bbox 1126 1353 1153 1408; x_wconf 89' lang='lat' dir='ltr'><strong>iu</strong></span> <span class='ocrx_word' id='word_1_111' title='bbox 1172 1351 1292 1407; x_wconf 89' lang='lat' dir='ltr'><strong>miniatis</strong></span> <span class='ocrx_word' id='word_1_112' title='bbox 1303 1350 1433 1406; x_wconf 88' lang='lat' dir='ltr'><strong>damnum</strong></span> <span class='ocrx_word' id='word_1_113' title='bbox 1445 1365 1537 1421; x_wconf 87' lang='lat' dir='ltr'><strong>passo,</strong></span> <span class='ocrx_word' id='word_1_114' title='bbox 1555 1354 1586 1406; x_wconf 88' lang='lat' dir='ltr'><strong>ut</strong></span> <span class='ocrx_word' id='word_1_115' title='bbox 1597 1348 1724 1407; x_wconf 86' lang='lat' dir='ltr'><strong>librarius</strong></span> 
     </span>
     <span class='ocr_line' id='line_1_12' title="bbox 293 1456 1724 1532; baseline -0.006 -14"><span class='ocrx_word' id='word_1_116' title='bbox 293 1463 392 1519; x_wconf 88' lang='lat' dir='ltr'><strong>ductus</strong></span> <span class='ocrx_word' id='word_1_117' title='bbox 410 1463 543 1519; x_wconf 87' lang='lat' dir='ltr'><strong>enanidos</strong></span> <span class='ocrx_word' id='word_1_118' title='bbox 560 1478 616 1520; x_wconf 93' lang='lat' dir='ltr'><strong>non</strong></span> <span class='ocrx_word' id='word_1_119' title='bbox 633 1463 702 1518; x_wconf 88' lang='lat' dir='ltr'><strong>satis</strong></span> <span class='ocrx_word' id='word_1_120' title='bbox 719 1465 925 1532; x_wconf 85' lang='lat' dir='ltr'><strong>assequeretur,</strong></span> <span class='ocrx_word' id='word_1_121' title='bbox 948 1459 1094 1515; x_wconf 89' lang='lat' dir='ltr'><strong>emendata</strong></span> <span class='ocrx_word' id='word_1_122' title='bbox 1114 1463 1206 1516; x_wconf 87' lang='lat' dir='ltr'><strong>autern</strong></span> <span class='ocrx_word' id='word_1_123' title='bbox 1226 1475 1260 1515; x_wconf 86' lang='lat' dir='ltr'><strong>er</strong></span> <span class='ocrx_word' id='word_1_124' title='bbox 1277 1457 1346 1515; x_wconf 92' lang='lat' dir='ltr'><strong>libro</strong></span> <span class='ocrx_word' id='word_1_125' title='bbox 1363 1458 1471 1528; x_wconf 82' lang='lat' dir='ltr'><strong>integro</strong></span> <span class='ocrx_word' id='word_1_126' title='bbox 1487 1457 1580 1528; x_wconf 88' lang='lat' dir='ltr'><strong>itaque</strong></span> <span class='ocrx_word' id='word_1_127' title='bbox 1604 1456 1724 1513; x_wconf 91' lang='lat' dir='ltr'><strong>diuerso.</strong></span> 
     </span>
     <span class='ocr_line' id='line_1_13' title="bbox 292 1563 1723 1641; baseline -0.004 -16"><span class='ocrx_word' id='word_1_128' title='bbox 292 1585 458 1641; x_wconf 88' lang='lat' dir='ltr'><strong>quamquam</strong></span> <span class='ocrx_word' id='word_1_129' title='bbox 477 1571 558 1626; x_wconf 89' lang='lat' dir='ltr'><strong>etiarn</strong></span> <span class='ocrx_word' id='word_1_130' title='bbox 578 1569 660 1626; x_wconf 90' lang='lat' dir='ltr'><strong>docta</strong></span> <span class='ocrx_word' id='word_1_131' title='bbox 677 1569 792 1626; x_wconf 88' lang='lat' dir='ltr'><strong>lectione</strong></span> <span class='ocrx_word' id='word_1_132' title='bbox 811 1567 959 1638; x_wconf 84' lang='lat' dir='ltr'><strong>adsumpta</strong></span> <span class='ocrx_word' id='word_1_133' title='bbox 982 1567 1139 1622; x_wconf 90' lang='lat' dir='ltr'><strong>coniectura</strong></span> <span class='ocrx_word' id='word_1_134' title='bbox 1161 1581 1216 1622; x_wconf 90' lang='lat' dir='ltr'><strong>non</strong></span> <span class='ocrx_word' id='word_1_135' title='bbox 1240 1564 1388 1621; x_wconf 89' lang='lat' dir='ltr'><strong>admodum</strong></span> <span class='ocrx_word' id='word_1_136' title='bbox 1406 1563 1510 1620; x_wconf 81' lang='lat' dir='ltr'><strong>difficili</strong></span> <span class='ocrx_word' id='word_1_137' title='bbox 1532 1578 1628 1620; x_wconf 87' lang='lat' dir='ltr'><strong>uemm</strong></span> <span class='ocrx_word' id='word_1_138' title='bbox 1646 1578 1723 1619; x_wconf 89' lang='lat' dir='ltr'><strong>recu-</strong></span> 
     </span>
     <span class='ocr_line' id='line_1_14' title="bbox 292 1670 1725 1748; baseline -0.006 -14"><span class='ocrx_word' id='word_1_139' title='bbox 292 1677 383 1748; x_wconf 86' lang='lat' dir='ltr'><strong>perari</strong></span> <span class='ocrx_word' id='word_1_140' title='bbox 399 1677 499 1748; x_wconf 91' lang='lat' dir='ltr'><strong>potuit.</strong></span> <span class='ocrx_word' id='word_1_141' title='bbox 531 1677 619 1746; x_wconf 79' lang='lat' dir='ltr'><strong>magis</strong></span> <span class='ocrx_word' id='word_1_142' title='bbox 636 1681 749 1732; x_wconf 88' lang='lat' dir='ltr'><strong>mouent</strong></span> <span class='ocrx_word' id='word_1_143' title='bbox 771 1676 825 1731; x_wconf 86' lang='lat' dir='ltr'><strong>loci</strong></span> <span class='ocrx_word' id='word_1_144' title='bbox 848 1690 931 1746; x_wconf 87' lang='lat' dir='ltr'><strong>supra</strong></span> <span class='ocrx_word' id='word_1_145' title='bbox 949 1676 987 1745; x_wconf 90' lang='lat' dir='ltr'><strong>(p.</strong></span> <span class='ocrx_word' id='word_1_146' title='bbox 999 1673 1074 1741; x_wconf 82' lang='lat' dir='ltr'>LVI)</span> <span class='ocrx_word' id='word_1_147' title='bbox 1095 1673 1240 1744; x_wconf 79' lang='lat' dir='ltr'><strong>proposIti,</strong></span> <span class='ocrx_word' id='word_1_148' title='bbox 1264 1670 1311 1728; x_wconf 91' lang='lat' dir='ltr'><strong>ubi</strong></span> <span class='ocrx_word' id='word_1_149' title='bbox 1334 1671 1495 1727; x_wconf 87' lang='lat' dir='ltr'><strong>emendator</strong></span> <span class='ocrx_word' id='word_1_150' title='bbox 1516 1675 1591 1727; x_wconf 87' lang='lat' dir='ltr'><strong>reete</strong></span> <span class='ocrx_word' id='word_1_151' title='bbox 1613 1671 1725 1726; x_wconf 88' lang='lat' dir='ltr'><strong>sustulit</strong></span> 
     </span>
     <span class='ocr_line' id='line_1_15' title="bbox 293 1761 1724 1854; baseline -0.003 -16"><span class='ocrx_word' id='word_1_152' title='bbox 293 1784 381 1838; x_wconf 88' lang='lat' dir='ltr'><strong>alisna</strong></span> <span class='ocrx_word' id='word_1_153' title='bbox 403 1783 573 1854; x_wconf 84' lang='lat' dir='ltr'><strong>mutauitque</strong></span> <span class='ocrx_word' id='word_1_154' title='bbox 594 1782 760 1854; x_wconf 89' lang='lat' dir='ltr'><strong>interpolata</strong></span> <span class='ocrx_word' id='word_1_155' title='bbox 783 1761 811 1837; x_wconf 86' lang='lat' dir='ltr'><strong>in</strong></span> <span class='ocrx_word' id='word_1_156' title='bbox 836 1781 923 1852; x_wconf 87' lang='lat' dir='ltr'><strong>ipsam</strong></span> <span class='ocrx_word' id='word_1_157' title='bbox 950 1780 1116 1851; x_wconf 90' lang='lat' dir='ltr'><strong>primitiuam</strong></span> <span class='ocrx_word' id='word_1_158' title='bbox 1136 1780 1299 1850; x_wconf 87' lang='lat' dir='ltr'><strong>scripturam</strong></span> <span class='ocrx_word' id='word_1_159' title='bbox 1321 1778 1455 1834; x_wconf 88' lang='lat' dir='ltr'><strong>admissa:</strong></span> <span class='ocrx_word' id='word_1_160' title='bbox 1483 1778 1523 1833; x_wconf 88' lang='lat' dir='ltr'><strong>ita</strong></span> <span class='ocrx_word' id='word_1_161' title='bbox 1547 1776 1597 1833; x_wconf 88' lang='lat' dir='ltr'><strong>nbi</strong></span> <span class='ocrx_word' id='word_1_162' title='bbox 1621 1777 1724 1834; x_wconf 90' lang='lat' dir='ltr'><strong>deleuit</strong></span> 
     </span>
     <span class='ocr_line' id='line_1_16' title="bbox 293 1875 1722 1962; baseline -0.005 -16"><span class='ocrx_word' id='word_1_163' title='bbox 293 1889 453 1947; x_wconf 87' lang='lat' dir='ltr'><strong>emendator</strong></span> <span class='ocrx_word' id='word_1_164' title='bbox 471 1889 688 1946; x_wconf 87' lang='lat' dir='ltr'><strong>additamentum</strong></span> <span class='ocrx_word' id='word_1_165' title='bbox 707 1890 847 1962; x_wconf 87' lang='lat' dir='ltr'><strong>antiquum</strong></span> <span class='ocrx_word' id='word_1_166' title='bbox 866 1890 894 1944; x_wconf 90' lang='lat' dir='ltr'><strong>in</strong></span> <span class='ocrx_word' id='word_1_167' title='bbox 911 1887 966 1944; x_wconf 89' lang='lat' dir='ltr'><strong>line</strong></span> <span class='ocrx_word' id='word_1_168' title='bbox 984 1888 1056 1943; x_wconf 88' lang='lat' dir='ltr'><strong>tituli</strong></span> <span class='ocrx_word' id='word_1_169' title='bbox 1076 1887 1111 1943; x_wconf 90' lang='lat' dir='ltr'><strong>de</strong></span> <span class='ocrx_word' id='word_1_170' title='bbox 1131 1884 1350 1958; x_wconf 86' lang='lat' dir='ltr'><strong>probationibus,</strong></span> <span class='ocrx_word' id='word_1_171' title='bbox 1371 1883 1419 1942; x_wconf 91' lang='lat' dir='ltr'><strong>ubi</strong></span> <span class='ocrx_word' id='word_1_172' title='bbox 1441 1875 1567 1942; x_wconf 85' lang='lat' dir='ltr'><strong>restituit¹</strong></span> <span class='ocrx_word' id='word_1_173' title='bbox 1581 1899 1653 1956; x_wconf 86' lang='lat' dir='ltr'><strong>quae</strong></span> <span class='ocrx_word' id='word_1_174' title='bbox 1676 1899 1722 1940; x_wconf 84' lang='lat' dir='ltr'><strong>ex·</strong></span> 
     </span>
     <span class='ocr_line' id='line_1_17' title="bbox 293 1985 1723 2066; baseline -0.003 -13"><span class='ocrx_word' id='word_1_175' title='bbox 293 1997 415 2053; x_wconf 82' lang='lat' dir='ltr'><strong>siderant</strong></span> <span class='ocrx_word' id='word_1_176' title='bbox 437 1998 508 2053; x_wconf 90' lang='lat' dir='ltr'><strong>inter</strong></span> <span class='ocrx_word' id='word_1_177' title='bbox 530 1998 548 2052; x_wconf 94' lang='lat' dir='ltr'><strong>l.</strong></span> <span class='ocrx_word' id='word_1_178' title='bbox 562 1998 597 2054; x_wconf 85' lang='lat'><strong>50</strong></span> <span class='ocrx_word' id='word_1_179' title='bbox 614 2002 643 2053; x_wconf 89' lang='lat' dir='ltr'><strong>et</strong></span> <span class='ocrx_word' id='word_1_180' title='bbox 660 1985 706 2053; x_wconf 84' lang='lat'><strong>53&#39;</strong></span> <span class='ocrx_word' id='word_1_181' title='bbox 717 1997 790 2054; x_wconf 88' lang='lat' dir='ltr'><strong>tituli</strong></span> <span class='ocrx_word' id='word_1_182' title='bbox 808 1996 843 2052; x_wconf 91' lang='lat' dir='ltr'><strong>ad</strong></span> <span class='ocrx_word' id='word_1_183' title='bbox 861 1997 950 2066; x_wconf 84' lang='lat' dir='ltr'><strong>legem</strong></span> <span class='ocrx_word' id='word_1_184' title='bbox 968 1993 1119 2050; x_wconf 71' lang='lat' dir='ltr'><strong>Falcidiam</strong></span> <span class='ocrx_word' id='word_1_185' title='bbox 1137 1997 1166 2049; x_wconf 87' lang='lat' dir='ltr'><strong>et</strong></span> <span class='ocrx_word' id='word_1_186' title='bbox 1183 1997 1328 2063; x_wconf 88' lang='lat' dir='ltr'><strong>eapropter</strong></span> <span class='ocrx_word' id='word_1_187' title='bbox 1344 1993 1373 2048; x_wconf 90' lang='lat' dir='ltr'><strong>in</strong></span> <span class='ocrx_word' id='word_1_188' title='bbox 1390 1992 1567 2062; x_wconf 89' lang='lat' dir='ltr'><strong>inscriptione</strong></span> <span class='ocrx_word' id='word_1_189' title='bbox 1589 1992 1607 2046; x_wconf 89' lang='lat' dir='ltr'><strong>l.</strong></span> <span class='ocrx_word' id='word_1_190' title='bbox 1621 1992 1655 2047; x_wconf 86' lang='grc'><strong>53</strong></span> <span class='ocrx_word' id='word_1_191' title='bbox 1672 2005 1723 2062; x_wconf 89' lang='lat' dir='ltr'><strong>pro</strong></span> 
     </span>
     <span class='ocr_line' id='line_1_18' title="bbox 292 2097 1723 2175; baseline -0.005 -15"><span class='ocrx_word' id='word_1_192' title='bbox 292 2105 455 2175; x_wconf 90' lang='lat' dir='ltr'><strong>interpolata</strong></span> <span class='ocrx_word' id='word_1_193' title='bbox 471 2104 588 2161; x_wconf 89' lang='lat' dir='ltr'><strong>lectione</strong></span> <span class='ocrx_word' id='word_1_194' title='bbox 606 2107 672 2160; x_wconf 79' lang='lat' dir='ltr'><strong>idem</strong></span> <span class='ocrx_word' id='word_1_195' title='bbox 690 2103 837 2175; x_wconf 81' lang='lat' dir='ltr'><strong>genuinam</strong></span> <span class='ocrx_word' id='word_1_196' title='bbox 856 2103 1011 2172; x_wconf 89' lang='lat' dir='ltr'><strong>reuocauit,</strong></span> <span class='ocrx_word' id='word_1_197' title='bbox 1036 2116 1106 2172; x_wconf 91' lang='lat' dir='ltr'><strong>quae</strong></span> <span class='ocrx_word' id='word_1_198' title='bbox 1125 2104 1168 2157; x_wconf 88' lang='lat' dir='ltr'><strong>est</strong></span> <span class='ocrx_word' id='word_1_199' title='bbox 1188 2101 1287 2167; x_wconf 78' lang='lat' dir='ltr'><strong>Gabar,</strong></span> <span class='ocrx_word' id='word_1_200' title='bbox 1312 2098 1524 2170; x_wconf 75' lang='lat' dir='ltr'><strong>confugiendum</strong></span> <span class='ocrx_word' id='word_1_201' title='bbox 1545 2105 1589 2154; x_wconf 88' lang='lat' dir='ltr'><strong>eat</strong></span> <span class='ocrx_word' id='word_1_202' title='bbox 1606 2097 1642 2154; x_wconf 90' lang='lat' dir='ltr'><strong>ad</strong></span> <span class='ocrx_word' id='word_1_203' title='bbox 1660 2099 1723 2154; x_wconf 89' lang='lat' dir='ltr'><strong>arti·</strong></span> 
     </span>
     <span class='ocr_line' id='line_1_19' title="bbox 293 2204 1723 2283; baseline -0.004 -15"><span class='ocrx_word' id='word_1_204' title='bbox 293 2211 356 2268; x_wconf 82' lang='lat' dir='ltr'><strong>ficia</strong></span> <span class='ocrx_word' id='word_1_205' title='bbox 373 2215 402 2267; x_wconf 91' lang='lat' dir='ltr'><strong>et</strong></span> <span class='ocrx_word' id='word_1_206' title='bbox 418 2226 506 2283; x_wconf 89' lang='lat' dir='ltr'><strong>paene</strong></span> <span class='ocrx_word' id='word_1_207' title='bbox 528 2211 643 2268; x_wconf 82' lang='lat' dir='ltr'><strong>dixerim</strong></span> <span class='ocrx_word' id='word_1_208' title='bbox 668 2210 810 2281; x_wconf 90' lang='lat' dir='ltr'><strong>miracula,</strong></span> <span class='ocrx_word' id='word_1_209' title='bbox 833 2215 865 2265; x_wconf 91' lang='lat' dir='ltr'><strong>nt</strong></span> <span class='ocrx_word' id='word_1_210' title='bbox 887 2208 962 2265; x_wconf 88' lang='lat' dir='ltr'><strong>bisce</strong></span> <span class='ocrx_word' id='word_1_211' title='bbox 985 2209 1052 2265; x_wconf 89' lang='lat' dir='ltr'><strong>loeis</strong></span> <span class='ocrx_word' id='word_1_212' title='bbox 1073 2213 1129 2264; x_wconf 89' lang='lat' dir='ltr'><strong>tam</strong></span> <span class='ocrx_word' id='word_1_213' title='bbox 1148 2207 1313 2278; x_wconf 89' lang='lat' dir='ltr'><strong>primitiuam</strong></span> <span class='ocrx_word' id='word_1_214' title='bbox 1331 2205 1475 2262; x_wconf 88' lang='lat' dir='ltr'><strong>lectionem</strong></span> <span class='ocrx_word' id='word_1_215' title='bbox 1495 2204 1557 2262; x_wconf 91' lang='lat' dir='ltr'><strong>libri</strong></span> <span class='ocrx_word' id='word_1_216' title='bbox 1574 2205 1723 2264; x_wconf 89' lang='lat' dir='ltr'><strong>Florentini</strong></span> 
     </span>
     <span class='ocr_line' id='line_1_20' title="bbox 292 2313 1724 2391; baseline -0.005 -16"><span class='ocrx_word' id='word_1_217' title='bbox 292 2335 376 2391; x_wconf 86' lang='lat' dir='ltr'><strong>qnam</strong></span> <span class='ocrx_word' id='word_1_218' title='bbox 403 2318 575 2375; x_wconf 89' lang='lat' dir='ltr'><strong>emendatam</strong></span> <span class='ocrx_word' id='word_1_219' title='bbox 603 2317 639 2375; x_wconf 89' lang='lat' dir='ltr'><strong>sd</strong></span> <span class='ocrx_word' id='word_1_220' title='bbox 665 2333 750 2374; x_wconf 87' lang='lat' dir='ltr'><strong>unum</strong></span> <span class='ocrx_word' id='word_1_221' title='bbox 777 2317 905 2388; x_wconf 89' lang='lat' dir='ltr'><strong>idemque</strong></span> <span class='ocrx_word' id='word_1_222' title='bbox 932 2314 1110 2388; x_wconf 86' lang='lat' dir='ltr'><strong>archetypum</strong></span> <span class='ocrx_word' id='word_1_223' title='bbox 1137 2329 1259 2371; x_wconf 86' lang='lat' dir='ltr'><strong>reuooes.</strong></span> <span class='ocrx_word' id='word_1_224' title='bbox 1295 2313 1361 2384; x_wconf 91' lang='lat' dir='ltr'><strong>quid</strong></span> <span class='ocrx_word' id='word_1_225' title='bbox 1387 2313 1462 2384; x_wconf 90' lang='lat' dir='ltr'><strong>qnod</strong></span> <span class='ocrx_word' id='word_1_226' title='bbox 1488 2328 1543 2369; x_wconf 90' lang='lat' dir='ltr'><strong>uno</strong></span> <span class='ocrx_word' id='word_1_227' title='bbox 1566 2317 1640 2369; x_wconf 85' lang='lat' dir='ltr'><strong>certo</strong></span> <span class='ocrx_word' id='word_1_228' title='bbox 1663 2313 1724 2368; x_wconf 88' lang='lat' dir='ltr'><strong>loco</strong></span> 
     </span>
     <span class='ocr_line' id='line_1_21' title="bbox 293 2419 1723 2495; baseline -0.005 -13"><span class='ocrx_word' id='word_1_229' title='bbox 293 2426 447 2482; x_wconf 84' lang='lat' dir='ltr'><strong>differentia</strong></span> <span class='ocrx_word' id='word_1_230' title='bbox 469 2427 540 2482; x_wconf 89' lang='lat' dir='ltr'><strong>inter</strong></span> <span class='ocrx_word' id='word_1_231' title='bbox 557 2425 740 2482; x_wconf 86' lang='lat' dir='ltr'><strong>Florentinam</strong></span> <span class='ocrx_word' id='word_1_232' title='bbox 757 2423 875 2495; x_wconf 87' lang='lat' dir='ltr'><strong>priorem</strong></span> <span class='ocrx_word' id='word_1_233' title='bbox 897 2427 926 2479; x_wconf 93' lang='lat' dir='ltr'><strong>et</strong></span> <span class='ocrx_word' id='word_1_234' title='bbox 943 2421 1121 2494; x_wconf 85' lang='lat' dir='ltr'><strong>posteriorem</strong></span> <span class='ocrx_word' id='word_1_235' title='bbox 1139 2425 1366 2478; x_wconf 89' lang='lat' dir='ltr'><strong>commemoratur</strong></span> <span class='ocrx_word' id='word_1_236' title='bbox 1383 2421 1466 2476; x_wconf 89' lang='lat' dir='ltr'><strong>etiam</strong></span> <span class='ocrx_word' id='word_1_237' title='bbox 1484 2419 1558 2490; x_wconf 89' lang='lat' dir='ltr'><strong>apud</strong></span> <span class='ocrx_word' id='word_1_238' title='bbox 1574 2419 1723 2490; x_wconf 88' lang='lat' dir='ltr'><strong>prudentes</strong></span> 
     </span>
     <span class='ocr_line' id='line_1_22' title="bbox 293 2526 1723 2606; baseline -0.004 -18"><span class='ocrx_word' id='word_1_239' title='bbox 293 2533 443 2606; x_wconf 84' lang='lat' dir='ltr'><strong>Byzantios</strong></span> <span class='ocrx_word' id='word_1_240' title='bbox 467 2533 565 2588; x_wconf 86' lang='lat' dir='ltr'><strong>aciatis</strong></span> <span class='ocrx_word' id='word_1_241' title='bbox 588 2531 761 2603; x_wconf 88' lang='lat' dir='ltr'><strong>recentioris,</strong></span> <span class='ocrx_word' id='word_1_242' title='bbox 782 2529 811 2585; x_wconf 91' lang='lat' dir='ltr'><strong>id</strong></span> <span class='ocrx_word' id='word_1_243' title='bbox 834 2534 878 2586; x_wconf 90' lang='lat' dir='ltr'><strong>est</strong></span> <span class='ocrx_word' id='word_1_244' title='bbox 901 2530 1003 2586; x_wconf 88' lang='lat' dir='ltr'><strong>saeculi</strong></span> <span class='ocrx_word' id='word_1_245' title='bbox 1025 2529 1125 2586; x_wconf 88' lang='lat' dir='ltr'><strong>decimi</strong></span> <span class='ocrx_word' id='word_1_246' title='bbox 1143 2529 1328 2585; x_wconf 85' lang='lat' dir='ltr'><strong>undecimiue:</strong></span> <span class='ocrx_word' id='word_1_247' title='bbox 1350 2527 1456 2582; x_wconf 87' lang='lat' dir='ltr'><strong>scilicet</strong></span> <span class='ocrx_word' id='word_1_248' title='bbox 1477 2541 1511 2582; x_wconf 89' lang='lat' dir='ltr'><strong>eo</strong></span> <span class='ocrx_word' id='word_1_249' title='bbox 1527 2527 1588 2598; x_wconf 87' lang='lat' dir='ltr'><strong>ipso</strong></span> <span class='ocrx_word' id='word_1_250' title='bbox 1610 2526 1646 2582; x_wconf 90' lang='lat' dir='ltr'><strong>de</strong></span> <span class='ocrx_word' id='word_1_251' title='bbox 1668 2540 1723 2596; x_wconf 88' lang='lat' dir='ltr'><strong>quo</strong></span> 
     </span>
     <span class='ocr_line' id='line_1_23' title="bbox 294 2631 1723 2708; baseline -0.005 -12"><span class='ocrx_word' id='word_1_252' title='bbox 294 2639 376 2696; x_wconf 91' lang='lat' dir='ltr'><strong>modo</strong></span> <span class='ocrx_word' id='word_1_253' title='bbox 395 2640 451 2696; x_wconf 88' lang='lat' dir='ltr'><strong>dixi</strong></span> <span class='ocrx_word' id='word_1_254' title='bbox 474 2641 535 2696; x_wconf 90' lang='lat' dir='ltr'><strong>loco</strong></span> <span class='ocrx_word' id='word_1_255' title='bbox 552 2639 581 2694; x_wconf 89' lang='lat' dir='ltr'><strong>bi</strong></span> <span class='ocrx_word' id='word_1_256' title='bbox 598 2639 732 2695; x_wconf 70' lang='lat' dir='ltr'><strong>adnuunt</strong></span> <span class='ocrx_word' id='word_1_257' title='bbox 753 2637 842 2708; x_wconf 79' lang='lat' dir='ltr'><strong>legem</strong></span> <span class='ocrx_word' id='word_1_258' title='bbox 860 2637 894 2692; x_wconf 83' lang='lat'><strong>51</strong></span> <span class='ocrx_word' id='word_1_259' title='bbox 919 2637 990 2692; x_wconf 88' lang='lat' dir='ltr'><strong>tituli</strong></span> <span class='ocrx_word' id='word_1_260' title='bbox 1014 2636 1051 2692; x_wconf 87' lang='lat' dir='ltr'><strong>ad</strong></span> <span class='ocrx_word' id='word_1_261' title='bbox 1067 2636 1156 2707; x_wconf 77' lang='lat' dir='ltr'><strong>legem</strong></span> <span class='ocrx_word' id='word_1_262' title='bbox 1174 2635 1323 2692; x_wconf 84' lang='lat' dir='ltr'><strong>Falcidiam</strong></span> <span class='ocrx_word' id='word_1_263' title='bbox 1342 2631 1459 2690; x_wconf 88' lang='lat' dir='ltr'><strong>delicere</strong></span> <span class='ocrx_word' id='word_1_264' title='bbox 1477 2634 1505 2690; x_wconf 90' lang='lat' dir='ltr'><strong>in</strong></span> <span class='ocrx_word' id='word_1_265' title='bbox 1523 2633 1615 2690; x_wconf 88' lang='lat' dir='ltr'><strong>multis</strong></span> <span class='ocrx_word' id='word_1_266' title='bbox 1632 2648 1723 2690; x_wconf 82' lang='lat' dir='ltr'><strong>erem·</strong></span> 
     </span>
     <span class='ocr_line' id='line_1_24' title="bbox 293 2740 1724 2820; baseline -0.003 -18"><span class='ocrx_word' id='word_1_267' title='bbox 293 2745 429 2820; x_wconf 81' lang='lat' dir='ltr'><strong>pleribus,</strong></span> <span class='ocrx_word' id='word_1_268' title='bbox 452 2752 566 2802; x_wconf 86' lang='lat' dir='ltr'><strong>otnero</strong></span> <span class='ocrx_word' id='word_1_269' title='bbox 584 2744 678 2801; x_wconf 87' lang='lat' dir='ltr'><strong>deficit</strong></span> <span class='ocrx_word' id='word_1_270' title='bbox 694 2746 722 2801; x_wconf 92' lang='lat' dir='ltr'><strong>in</strong></span> <span class='ocrx_word' id='word_1_271' title='bbox 740 2745 888 2800; x_wconf 90' lang='lat' dir='ltr'><strong>Florentini</strong></span> <span class='ocrx_word' id='word_1_272' title='bbox 906 2744 1042 2815; x_wconf 89' lang='lat' dir='ltr'><strong>scriptura</strong></span> <span class='ocrx_word' id='word_1_273' title='bbox 1061 2743 1208 2814; x_wconf 86' lang='lat' dir='ltr'><strong>primitius.</strong></span> <span class='ocrx_word' id='word_1_274' title='bbox 1238 2741 1329 2798; x_wconf 89' lang='lat' dir='ltr'><strong>hiatus</strong></span> <span class='ocrx_word' id='word_1_275' title='bbox 1353 2741 1436 2813; x_wconf 75' lang='lat' dir='ltr'><strong>igitur</strong></span> <span class='ocrx_word' id='word_1_276' title='bbox 1459 2740 1663 2812; x_wconf 85' lang='lat' dir='ltr'><strong>antiquissimus</strong></span> <span class='ocrx_word' id='word_1_277' title='bbox 1681 2745 1724 2797; x_wconf 87' lang='lat' dir='ltr'><strong>est</strong></span> 
     </span>
     <span class='ocr_line' id='line_1_25' title="bbox 294 2846 1723 2924; baseline -0.004 -14"><span class='ocrx_word' id='word_1_278' title='bbox 294 2869 382 2924; x_wconf 88' lang='lat' dir='ltr'><strong>neque</strong></span> <span class='ocrx_word' id='word_1_279' title='bbox 400 2855 516 2924; x_wconf 87' lang='lat' dir='ltr'><strong>primunr</strong></span> <span class='ocrx_word' id='word_1_280' title='bbox 534 2853 672 2910; x_wconf 89' lang='lat' dir='ltr'><strong>admissus</strong></span> <span class='ocrx_word' id='word_1_281' title='bbox 690 2852 770 2923; x_wconf 89' lang='lat' dir='ltr'><strong>culpa</strong></span> <span class='ocrx_word' id='word_1_282' title='bbox 787 2850 889 2907; x_wconf 90' lang='lat' dir='ltr'><strong>librarii</strong></span> <span class='ocrx_word' id='word_1_283' title='bbox 906 2851 1069 2921; x_wconf 80' lang='lat' dir='ltr'><strong>FlorentIni,</strong></span> <span class='ocrx_word' id='word_1_284' title='bbox 1093 2849 1143 2906; x_wconf 90' lang='lat' dir='ltr'><strong>sed</strong></span> <span class='ocrx_word' id='word_1_285' title='bbox 1166 2847 1254 2906; x_wconf 80' lang='lat' dir='ltr'><strong>adfuit</strong></span> <span class='ocrx_word' id='word_1_286' title='bbox 1276 2849 1330 2904; x_wconf 91' lang='lat' dir='ltr'><strong>iam</strong></span> <span class='ocrx_word' id='word_1_287' title='bbox 1354 2855 1428 2906; x_wconf 89' lang='lat' dir='ltr'><strong>certe</strong></span> <span class='ocrx_word' id='word_1_288' title='bbox 1450 2849 1479 2904; x_wconf 90' lang='lat' dir='ltr'><strong>in</strong></span> <span class='ocrx_word' id='word_1_289' title='bbox 1497 2846 1647 2920; x_wconf 86' lang='lat' dir='ltr'><strong>archetypo</strong></span> <span class='ocrx_word' id='word_1_290' title='bbox 1665 2848 1723 2904; x_wconf 86' lang='lat' dir='ltr'><strong>eius</strong></span> 
     </span>
     <span class='ocr_line' id='line_1_26' title="bbox 293 2953 1724 3032; baseline -0.005 -15"><span class='ocrx_word' id='word_1_291' title='bbox 293 2960 355 3018; x_wconf 87' lang='lat' dir='ltr'><strong>libri</strong></span> <span class='ocrx_word' id='word_1_292' title='bbox 372 2961 466 3032; x_wconf 89' lang='lat' dir='ltr'><strong>itaque</strong></span> <span class='ocrx_word' id='word_1_293' title='bbox 488 2959 552 3016; x_wconf 89' lang='lat' dir='ltr'><strong>inde</strong></span> <span class='ocrx_word' id='word_1_294' title='bbox 573 2959 711 3016; x_wconf 86' lang='lat' dir='ltr'><strong>emendari</strong></span> <span class='ocrx_word' id='word_1_295' title='bbox 734 2974 788 3016; x_wconf 92' lang='lat' dir='ltr'><strong>non</strong></span> <span class='ocrx_word' id='word_1_296' title='bbox 812 2957 911 3030; x_wconf 90' lang='lat' dir='ltr'><strong>potuit.</strong></span> <span class='ocrx_word' id='word_1_297' title='bbox 943 2973 1029 3029; x_wconf 91' lang='lat' dir='ltr'><strong>quare</strong></span> <span class='ocrx_word' id='word_1_298' title='bbox 1051 2957 1178 3029; x_wconf 87' lang='lat' dir='ltr'><strong>quamuis</strong></span> <span class='ocrx_word' id='word_1_299' title='bbox 1198 2957 1334 3028; x_wconf 84' lang='lat' dir='ltr'><strong>explicare</strong></span> <span class='ocrx_word' id='word_1_300' title='bbox 1351 2971 1500 3027; x_wconf 85' lang='lat' dir='ltr'><strong>nequeam,</strong></span> <span class='ocrx_word' id='word_1_301' title='bbox 1524 2969 1573 3010; x_wconf 91' lang='lat' dir='ltr'><strong>cnr</strong></span> <span class='ocrx_word' id='word_1_302' title='bbox 1590 2955 1638 3025; x_wconf 93' lang='lat' dir='ltr'><strong>qui</strong></span> <span class='ocrx_word' id='word_1_303' title='bbox 1654 2953 1724 3010; x_wconf 89' lang='lat' dir='ltr'><strong>haec</strong></span> 
     </span>
     <span class='ocr_line' id='line_1_27' title="bbox 294 3060 1723 3140; baseline -0.006 -15"><span class='ocrx_word' id='word_1_304' title='bbox 294 3070 404 3140; x_wconf 85' lang='lat' dir='ltr'><strong>explere</strong></span> <span class='ocrx_word' id='word_1_305' title='bbox 421 3068 518 3139; x_wconf 88' lang='lat' dir='ltr'><strong>potuit,</strong></span> <span class='ocrx_word' id='word_1_306' title='bbox 537 3083 592 3123; x_wconf 89' lang='lat' dir='ltr'><strong>nou</strong></span> <span class='ocrx_word' id='word_1_307' title='bbox 610 3066 725 3139; x_wconf 87' lang='lat' dir='ltr'><strong>explerit</strong></span> <span class='ocrx_word' id='word_1_308' title='bbox 743 3067 796 3122; x_wconf 90' lang='lat' dir='ltr'><strong>alia</strong></span> <span class='ocrx_word' id='word_1_309' title='bbox 812 3081 868 3122; x_wconf 94' lang='lat' dir='ltr'><strong>non</strong></span> <span class='ocrx_word' id='word_1_310' title='bbox 885 3065 976 3121; x_wconf 88' lang='lat' dir='ltr'><strong>minus</strong></span> <span class='ocrx_word' id='word_1_311' title='bbox 993 3065 1105 3134; x_wconf 89' lang='lat' dir='ltr'><strong>hiantia,</strong></span> <span class='ocrx_word' id='word_1_312' title='bbox 1123 3069 1216 3120; x_wconf 84' lang='grc' dir='ltr'>ιιιιιιι</span> <span class='ocrx_word' id='word_1_313' title='bbox 1234 3064 1322 3134; x_wconf 72' lang='lat' dir='ltr'><strong>magis</strong></span> <span class='ocrx_word' id='word_1_314' title='bbox 1340 3061 1500 3124; x_wconf 86' lang='lat' dir='ltr'><strong>crediderim</strong></span> <span class='ocrx_word' id='word_1_315' title='bbox 1520 3060 1723 3118; x_wconf 85' lang='lat' dir='ltr'><strong>emendatorem</strong></span> 
     </span>
     <span class='ocr_line' id='line_1_28' title="bbox 294 3171 1141 3246; baseline -0.008 -14"><span class='ocrx_word' id='word_1_316' title='bbox 294 3175 452 3232; x_wconf 88' lang='lat' dir='ltr'><strong>adhibuisse</strong></span> <span class='ocrx_word' id='word_1_317' title='bbox 470 3176 609 3246; x_wconf 83' lang='lat' dir='ltr'><strong>exemplar</strong></span> <span class='ocrx_word' id='word_1_318' title='bbox 626 3190 644 3230; x_wconf 88' lang='lat' dir='ltr'><strong>a</strong></span> <span class='ocrx_word' id='word_1_319' title='bbox 660 3173 809 3244; x_wconf 82' lang='lat' dir='ltr'><strong>Florentini</strong></span> <span class='ocrx_word' id='word_1_320' title='bbox 826 3171 975 3244; x_wconf 87' lang='lat' dir='ltr'><strong>archetypo</strong></span> <span class='ocrx_word' id='word_1_321' title='bbox 994 3171 1141 3227; x_wconf 90' lang='lat' dir='ltr'><strong>diuersum.</strong></span> 
     </span>
    </p>

    <p class='ocr_par' dir='ltr' id='par_1_5' title="bbox 131 3270 1723 3348">
     <span class='ocr_line' id='line_1_29' title="bbox 131 3270 1723 3348; baseline -0.007 -7"><span class='ocrx_word' id='word_1_322' title='bbox 131 3299 275 3346; x_wconf 78' lang='lat' dir='ltr'><strong>unandstio-</strong></span> <span class='ocrx_word' id='word_1_323' title='bbox 347 3283 408 3340; x_wconf 84' lang='lat' dir='ltr'><strong>lion</strong></span> <span class='ocrx_word' id='word_1_324' title='bbox 432 3297 493 3338; x_wconf 92' lang='lat' dir='ltr'><strong>raro</strong></span> <span class='ocrx_word' id='word_1_325' title='bbox 512 3282 540 3338; x_wconf 88' lang='lat' dir='ltr'><strong>in</strong></span> <span class='ocrx_word' id='word_1_326' title='bbox 558 3282 627 3339; x_wconf 93' lang='lat' dir='ltr'><strong>libro</strong></span> <span class='ocrx_word' id='word_1_327' title='bbox 644 3280 800 3337; x_wconf 79' lang='lat' dir='ltr'><strong>Florentino</strong></span> <span class='ocrx_word' id='word_1_328' title='bbox 818 3279 1023 3336; x_wconf 88' lang='lat' dir='ltr'><strong>emendationes</strong></span> <span class='ocrx_word' id='word_1_329' title='bbox 1040 3279 1211 3348; x_wconf 87' lang='lat' dir='ltr'><strong>reperiuntur</strong></span> <span class='ocrx_word' id='word_1_330' title='bbox 1228 3279 1303 3332; x_wconf 89' lang='lat' dir='ltr'><strong>reete</strong></span> <span class='ocrx_word' id='word_1_331' title='bbox 1320 3280 1448 3348; x_wconf 89' lang='lat' dir='ltr'><strong>coeptae,</strong></span> <span class='ocrx_word' id='word_1_332' title='bbox 1470 3275 1520 3332; x_wconf 90' lang='lat' dir='ltr'><strong>ssd</strong></span> <span class='ocrx_word' id='word_1_333' title='bbox 1537 3270 1723 3346; x_wconf 85' lang='lat' dir='ltr'><strong>imperfectae.</strong></span> 
     </span>
    </p>

    <p class='ocr_par' dir='ltr' id='par_1_6' title="bbox 144 3362 1723 3470">
     <span class='ocr_line' id='line_1_30' title="bbox 144 3362 1723 3470; baseline -0.006 -24"><span class='ocrx_word' id='word_1_334' title='bbox 144 3362 269 3470; x_wconf 55' lang='lat' dir='ltr'><strong>ffissffi,</strong></span> <span class='ocrx_word' id='word_1_335' title='bbox 294 3389 334 3446; x_wconf 89' lang='lat' dir='ltr'><strong>ita</strong></span> <span class='ocrx_word' id='word_1_336' title='bbox 356 3391 382 3460; x_wconf 89' lang='lat'><strong>1,</strong></span> <span class='ocrx_word' id='word_1_337' title='bbox 402 3390 466 3460; x_wconf 87' lang='lat'><strong>103,</strong></span> <span class='ocrx_word' id='word_1_338' title='bbox 485 3391 521 3445; x_wconf 82' lang='grc'><strong>20</strong></span> <span class='ocrx_word' id='word_1_339' title='bbox 543 3397 567 3445; x_wconf 84' lang='grc' dir='ltr'><strong>ιι</strong></span> <span class='ocrx_word' id='word_1_340' title='bbox 589 3398 614 3443; x_wconf 86' lang='grc' dir='ltr'><strong>ιι·</strong></span> <span class='ocrx_word' id='word_1_341' title='bbox 633 3397 723 3461; x_wconf 83' lang='lat' dir='ltr'><strong>postea</strong></span> <span class='ocrx_word' id='word_1_342' title='bbox 747 3387 858 3458; x_wconf 62' lang='lat' dir='ltr'><strong>[iubata</strong></span> <span class='ocrx_word' id='word_1_343' title='bbox 884 3387 936 3442; x_wconf 79' lang='lat' dir='ltr'><strong>riti</strong></span> <span class='ocrx_word' id='word_1_344' title='bbox 956 3386 1055 3458; x_wconf 76' lang='lat' dir='ltr'><strong>postca]</strong></span> <span class='ocrx_word' id='word_1_345' title='bbox 1082 3384 1242 3440; x_wconf 89' lang='lat' dir='ltr'><strong>emendator</strong></span> <span class='ocrx_word' id='word_1_346' title='bbox 1263 3399 1318 3440; x_wconf 90' lang='lat' dir='ltr'><strong>non</strong></span> <span class='ocrx_word' id='word_1_347' title='bbox 1341 3399 1376 3439; x_wconf 87' lang='lat' dir='ltr'><strong>aa</strong></span> <span class='ocrx_word' id='word_1_348' title='bbox 1402 3382 1521 3454; x_wconf 89' lang='lat' dir='ltr'><strong>addidit,</strong></span> <span class='ocrx_word' id='word_1_349' title='bbox 1548 3395 1619 3453; x_wconf 86' lang='lat' dir='ltr'><strong>quae</strong></span> <span class='ocrx_word' id='word_1_350' title='bbox 1645 3380 1723 3436; x_wconf 91' lang='lat' dir='ltr'><strong>uncis</strong></span> 
     </span>
    </p>

    <p class='ocr_par' dir='ltr' id='par_1_7' title="bbox 131 3486 1725 4192">
     <span class='ocr_line' id='line_1_31' title="bbox 131 3486 1724 3568; baseline -0.008 -13"><span class='ocrx_word' id='word_1_351' title='bbox 131 3486 276 3546; x_wconf 57' lang='lat' dir='ltr'><strong>impfflffl&#39;</strong></span> <span class='ocrx_word' id='word_1_352' title='bbox 294 3495 564 3568; x_wconf 81' lang='lat' dir='ltr'><strong>comprehendimus,</strong></span> <span class='ocrx_word' id='word_1_353' title='bbox 582 3495 632 3550; x_wconf 89' lang='lat' dir='ltr'><strong>sed</strong></span> <span class='ocrx_word' id='word_1_354' title='bbox 649 3505 674 3550; x_wconf 87' lang='grc' dir='ltr'><strong>ιι·</strong></span> <span class='ocrx_word' id='word_1_355' title='bbox 691 3499 797 3552; x_wconf 86' lang='lat' dir='ltr'><strong>tanturn</strong></span> <span class='ocrx_word' id='word_1_356' title='bbox 817 3492 934 3549; x_wconf 79' lang='lat' dir='ltr'><strong>numnis</strong></span> <span class='ocrx_word' id='word_1_357' title='bbox 950 3493 979 3548; x_wconf 89' lang='lat' dir='ltr'><strong>iu</strong></span> <span class='ocrx_word' id='word_1_358' title='bbox 996 3495 1061 3548; x_wconf 85' lang='lat' dir='ltr'><strong>ribi:</strong></span> <span class='ocrx_word' id='word_1_359' title='bbox 1084 3493 1125 3548; x_wconf 81' lang='lat' dir='ltr'><strong>iio</strong></span> <span class='ocrx_word' id='word_1_360' title='bbox 1141 3492 1162 3562; x_wconf 94' lang='lat' dir='ltr'><strong>I,</strong></span> <span class='ocrx_word' id='word_1_361' title='bbox 1175 3493 1218 3562; x_wconf 87' lang='grc'><strong>61,</strong></span> <span class='ocrx_word' id='word_1_362' title='bbox 1230 3492 1265 3548; x_wconf 82' lang='grc'><strong>33</strong></span> <span class='ocrx_word' id='word_1_363' title='bbox 1282 3500 1306 3547; x_wconf 85' lang='lat' dir='ltr'><strong>ri</strong></span> <span class='ocrx_word' id='word_1_364' title='bbox 1324 3512 1341 3547; x_wconf 86' lang='grc' dir='ltr'><strong>ιι</strong></span> <span class='ocrx_word' id='word_1_365' title='bbox 1359 3497 1442 3564; x_wconf 84' lang='lat' dir='ltr'><strong>sopita</strong></span> <span class='ocrx_word' id='word_1_366' title='bbox 1460 3490 1562 3560; x_wconf 78' lang='lat' dir='ltr'><strong>[edatur</strong></span> <span class='ocrx_word' id='word_1_367' title='bbox 1578 3508 1638 3543; x_wconf 85' lang='grc' dir='ltr'>ιιιιιιι</span> <span class='ocrx_word' id='word_1_368' title='bbox 1654 3495 1724 3544; x_wconf 84' lang='lat' dir='ltr'><strong>ratio</strong></span> 
     </span>
     <span class='ocr_line' id='line_1_32' title="bbox 294 3593 1724 3675; baseline -0.006 -17"><span class='ocrx_word' id='word_1_369' title='bbox 294 3611 346 3659; x_wconf 81' lang='lat' dir='ltr'><strong>aiei</strong></span> <span class='ocrx_word' id='word_1_370' title='bbox 368 3625 385 3658; x_wconf 86' lang='lat' dir='ltr'><strong>o</strong></span> <span class='ocrx_word' id='word_1_371' title='bbox 408 3603 500 3675; x_wconf 83' lang='lat' dir='ltr'><strong>eapite]</strong></span> <span class='ocrx_word' id='word_1_372' title='bbox 529 3609 681 3674; x_wconf 71' lang='lat' dir='ltr'><strong>inspiciatur</strong></span> <span class='ocrx_word' id='word_1_373' title='bbox 704 3601 863 3657; x_wconf 80' lang='lat' dir='ltr'><strong>emendator</strong></span> <span class='ocrx_word' id='word_1_374' title='bbox 885 3615 920 3656; x_wconf 86' lang='lat' dir='ltr'><strong>ex</strong></span> <span class='ocrx_word' id='word_1_375' title='bbox 941 3599 976 3656; x_wconf 84' lang='lat' dir='ltr'><strong>iia</strong></span> <span class='ocrx_word' id='word_1_376' title='bbox 996 3613 1067 3668; x_wconf 80' lang='lat' dir='ltr'><strong>quse</strong></span> <span class='ocrx_word' id='word_1_377' title='bbox 1090 3599 1167 3654; x_wconf 82' lang='lat' dir='ltr'><strong>uncis</strong></span> <span class='ocrx_word' id='word_1_378' title='bbox 1190 3597 1444 3669; x_wconf 80' lang='lat' dir='ltr'><strong>comprehendimus</strong></span> <span class='ocrx_word' id='word_1_379' title='bbox 1466 3610 1521 3652; x_wconf 86' lang='lat' dir='ltr'><strong>non</strong></span> <span class='ocrx_word' id='word_1_380' title='bbox 1538 3593 1650 3652; x_wconf 76' lang='lat' dir='ltr'><strong>addidit</strong></span> <span class='ocrx_word' id='word_1_381' title='bbox 1670 3594 1724 3650; x_wconf 84' lang='lat' dir='ltr'><strong>nisi</strong></span> 
     </span>
     <span class='ocr_line' id='line_1_33' title="bbox 294 3701 1725 3780; baseline -0.007 -14"><span class='ocrx_word' id='word_1_382' title='bbox 294 3710 386 3780; x_wconf 85' lang='lat' dir='ltr'><strong>priora</strong></span> <span class='ocrx_word' id='word_1_383' title='bbox 408 3711 499 3765; x_wconf 76' lang='lat' dir='ltr'><strong>edatur</strong></span> <span class='ocrx_word' id='word_1_384' title='bbox 520 3729 580 3764; x_wconf 82' lang='lat' dir='ltr'><strong>nam</strong></span> <span class='ocrx_word' id='word_1_385' title='bbox 603 3701 681 3764; x_wconf 80' lang='lat' dir='ltr'><strong>ratio&#39;</strong></span> <span class='ocrx_word' id='word_1_386' title='bbox 695 3717 722 3763; x_wconf 82' lang='lat' dir='ltr'><strong>ni</strong></span> <span class='ocrx_word' id='word_1_387' title='bbox 744 3707 854 3764; x_wconf 90' lang='lat' dir='ltr'><strong>omissis</strong></span> <span class='ocrx_word' id='word_1_388' title='bbox 877 3704 984 3775; x_wconf 88' lang='lat' dir='ltr'><strong>uerbis,</strong></span> <span class='ocrx_word' id='word_1_389' title='bbox 1011 3720 1082 3776; x_wconf 89' lang='lat' dir='ltr'><strong>quae</strong></span> <span class='ocrx_word' id='word_1_390' title='bbox 1106 3719 1190 3760; x_wconf 87' lang='lat' dir='ltr'><strong>causa</strong></span> <span class='ocrx_word' id='word_1_391' title='bbox 1216 3705 1314 3761; x_wconf 89' lang='lat' dir='ltr'><strong>erroris</strong></span> <span class='ocrx_word' id='word_1_392' title='bbox 1341 3703 1451 3760; x_wconf 86' lang='lat' dir='ltr'><strong>fuerunt</strong></span> <span class='ocrx_word' id='word_1_393' title='bbox 1472 3711 1496 3758; x_wconf 91' lang='grc' dir='ltr'><strong>ιι·</strong></span> <span class='ocrx_word' id='word_1_394' title='bbox 1518 3724 1536 3759; x_wconf 87' lang='grc' dir='ltr'><strong>ιι</strong></span> <span class='ocrx_word' id='word_1_395' title='bbox 1560 3709 1658 3775; x_wconf 78' lang='lat' dir='ltr'><strong>capita:</strong></span> <span class='ocrx_word' id='word_1_396' title='bbox 1684 3701 1725 3756; x_wconf 85' lang='lat' dir='ltr'><strong>ita</strong></span> 
     </span>
     <span class='ocr_line' id='line_1_34' title="bbox 295 3809 1724 3888; baseline -0.006 -17"><span class='ocrx_word' id='word_1_397' title='bbox 295 3816 331 3886; x_wconf 92' lang='lat' dir='ltr'><strong>II,</strong></span> <span class='ocrx_word' id='word_1_398' title='bbox 348 3817 392 3886; x_wconf 83' lang='lat'><strong>46,</strong></span> <span class='ocrx_word' id='word_1_399' title='bbox 411 3817 446 3871; x_wconf 93' lang='grc'><strong>22</strong></span> <span class='ocrx_word' id='word_1_400' title='bbox 469 3819 574 3871; x_wconf 72' lang='lat' dir='ltr'><strong>ederim</strong></span> <span class='ocrx_word' id='word_1_401' title='bbox 599 3815 677 3885; x_wconf 83' lang='lat' dir='ltr'><strong>[serui</strong></span> <span class='ocrx_word' id='word_1_402' title='bbox 697 3835 746 3888; x_wconf 83' lang='lat' dir='ltr'><strong>par</strong></span> <span class='ocrx_word' id='word_1_403' title='bbox 769 3817 874 3870; x_wconf 57' lang='lat' dir='ltr'><strong>odeum</strong></span> <span class='ocrx_word' id='word_1_404' title='bbox 897 3833 999 3868; x_wconf 80' lang='grc' dir='ltr'>ιινιιιιιι</span> <span class='ocrx_word' id='word_1_405' title='bbox 1023 3813 1133 3884; x_wconf 80' lang='lat' dir='ltr'><strong>adquiro</strong></span> <span class='ocrx_word' id='word_1_406' title='bbox 1155 3813 1262 3884; x_wconf 82' lang='lat' dir='ltr'><strong>perinde</strong></span> <span class='ocrx_word' id='word_1_407' title='bbox 1285 3831 1316 3867; x_wconf 83' lang='lat' dir='ltr'><strong>oc</strong></span> <span class='ocrx_word' id='word_1_408' title='bbox 1339 3819 1363 3866; x_wconf 86' lang='lat' dir='ltr'><strong>si</strong></span> <span class='ocrx_word' id='word_1_409' title='bbox 1384 3830 1439 3866; x_wconf 83' lang='lat' dir='ltr'><strong>meo</strong></span> <span class='ocrx_word' id='word_1_410' title='bbox 1462 3817 1486 3866; x_wconf 81' lang='lat' dir='ltr'><strong>si</strong></span> <span class='ocrx_word' id='word_1_411' title='bbox 1508 3809 1621 3879; x_wconf 72' lang='grc' dir='ltr'>ιὶιιιὶιιι]</span> <span class='ocrx_word' id='word_1_412' title='bbox 1648 3827 1724 3864; x_wconf 71' lang='lat' dir='ltr'><strong>aeuo</strong></span> 
     </span>
     <span class='ocr_line' id='line_1_35' title="bbox 295 3914 1724 3994; baseline -0.006 -16"><span class='ocrx_word' id='word_1_413' title='bbox 295 3923 355 3994; x_wconf 87' lang='lat' dir='ltr'><strong>ipse</strong></span> <span class='ocrx_word' id='word_1_414' title='bbox 372 3921 498 3978; x_wconf 87' lang='lat' dir='ltr'><strong>librarius</strong></span> <span class='ocrx_word' id='word_1_415' title='bbox 518 3926 591 3989; x_wconf 87' lang='lat' dir='ltr'><strong>(nam</strong></span> <span class='ocrx_word' id='word_1_416' title='bbox 609 3921 770 3978; x_wconf 88' lang='lat' dir='ltr'><strong>emendator</strong></span> <span class='ocrx_word' id='word_1_417' title='bbox 786 3922 875 3977; x_wconf 88' lang='lat' dir='ltr'><strong>locum</strong></span> <span class='ocrx_word' id='word_1_418' title='bbox 893 3933 948 3976; x_wconf 94' lang='lat' dir='ltr'><strong>non</strong></span> <span class='ocrx_word' id='word_1_419' title='bbox 966 3919 1069 3990; x_wconf 80' lang='lat' dir='ltr'><strong>attigit)</strong></span> <span class='ocrx_word' id='word_1_420' title='bbox 1087 3918 1190 3975; x_wconf 87' lang='lat' dir='ltr'><strong>omissa</strong></span> <span class='ocrx_word' id='word_1_421' title='bbox 1208 3918 1317 3988; x_wconf 88' lang='lat' dir='ltr'><strong>quidem</strong></span> <span class='ocrx_word' id='word_1_422' title='bbox 1336 3933 1391 3974; x_wconf 91' lang='lat' dir='ltr'><strong>non</strong></span> <span class='ocrx_word' id='word_1_423' title='bbox 1407 3916 1558 3988; x_wconf 88' lang='lat' dir='ltr'><strong>suppleuit,</strong></span> <span class='ocrx_word' id='word_1_424' title='bbox 1582 3914 1632 3972; x_wconf 88' lang='lat' dir='ltr'><strong>sed</strong></span> <span class='ocrx_word' id='word_1_425' title='bbox 1649 3933 1724 3970; x_wconf 77' lang='grc' dir='ltr'>ιιιιιι</span> 
     </span>
     <span class='ocr_line' id='line_1_36' title="bbox 296 4019 1725 4106; baseline -0.006 -21"><span class='ocrx_word' id='word_1_426' title='bbox 296 4029 414 4085; x_wconf 89' lang='lat' dir='ltr'><strong>mutauit</strong></span> <span class='ocrx_word' id='word_1_427' title='bbox 435 4029 463 4084; x_wconf 85' lang='lat' dir='ltr'><strong>ln</strong></span> <span class='ocrx_word' id='word_1_428' title='bbox 486 4039 563 4085; x_wconf 80' lang='grc' dir='ltr'>ιιιιιι.</span> <span class='ocrx_word' id='word_1_429' title='bbox 600 4029 698 4086; x_wconf 86' lang='lat' dir='ltr'><strong>similia</strong></span> <span class='ocrx_word' id='word_1_430' title='bbox 722 4043 805 4100; x_wconf 88' lang='lat' dir='ltr'><strong>saepe</strong></span> <span class='ocrx_word' id='word_1_431' title='bbox 828 4026 1035 4097; x_wconf 79' lang='lat' dir='ltr'><strong>obseruantnr1,</strong></span> <span class='ocrx_word' id='word_1_432' title='bbox 1062 4030 1094 4081; x_wconf 89' lang='lat' dir='ltr'><strong>nt</strong></span> <span class='ocrx_word' id='word_1_433' title='bbox 1120 4027 1158 4106; x_wconf 86' lang='lat' dir='ltr'><strong>in</strong></span> <span class='ocrx_word' id='word_1_434' title='bbox 1175 4026 1236 4096; x_wconf 88' lang='lat' dir='ltr'><strong>ipsa</strong></span> <span class='ocrx_word' id='word_1_435' title='bbox 1261 4025 1359 4081; x_wconf 91' lang='lat' dir='ltr'><strong>erroris</strong></span> <span class='ocrx_word' id='word_1_436' title='bbox 1381 4023 1571 4080; x_wconf 84' lang='lat' dir='ltr'><strong>emendations</strong></span> <span class='ocrx_word' id='word_1_437' title='bbox 1597 4019 1725 4078; x_wconf 77' lang='lat' dir='ltr'><strong>facillime</strong></span> 
     </span>
     <span class='ocr_line' id='line_1_37' title="bbox 293 4135 517 4192; baseline 0.004 -1"><span class='ocrx_word' id='word_1_438' title='bbox 293 4135 384 4191; x_wconf 92' lang='lat' dir='ltr'><strong>denuo</strong></span> <span class='ocrx_word' id='word_1_439' title='bbox 402 4139 517 4192; x_wconf 87' lang='lat' dir='ltr'><strong>erratur.</strong></span> 
     </span>
    </p>

    <p class='ocr_par' dir='ltr' id='par_1_8' title="bbox 132 4235 1725 4528">
     <span class='ocr_line' id='line_1_38' title="bbox 175 4235 1725 4309; baseline -0.005 -10"><span class='ocrx_word' id='word_1_440' title='bbox 175 4263 236 4309; x_wconf 59' lang='lat' dir='ltr'><strong>Lissi</strong></span> <span class='ocrx_word' id='word_1_441' title='bbox 347 4243 405 4298; x_wconf 87' lang='lat' dir='ltr'><strong>Iam</strong></span> <span class='ocrx_word' id='word_1_442' title='bbox 430 4241 465 4300; x_wconf 93' lang='lat' dir='ltr'><strong>ab</strong></span> <span class='ocrx_word' id='word_1_443' title='bbox 489 4242 724 4299; x_wconf 89' lang='lat' dir='ltr'><strong>emendationibus</strong></span> <span class='ocrx_word' id='word_1_444' title='bbox 748 4241 821 4298; x_wconf 87' lang='lat' dir='ltr'><strong>ueris</strong></span> <span class='ocrx_word' id='word_1_445' title='bbox 842 4239 890 4298; x_wconf 91' lang='lat' dir='ltr'><strong>ubi</strong></span> <span class='ocrx_word' id='word_1_446' title='bbox 912 4254 963 4297; x_wconf 88' lang='lat' dir='ltr'><strong>nos</strong></span> <span class='ocrx_word' id='word_1_447' title='bbox 985 4239 1169 4296; x_wconf 86' lang='lat' dir='ltr'><strong>conuertimns</strong></span> <span class='ocrx_word' id='word_1_448' title='bbox 1187 4239 1223 4294; x_wconf 93' lang='lat' dir='ltr'><strong>ad</strong></span> <span class='ocrx_word' id='word_1_449' title='bbox 1241 4237 1477 4309; x_wconf 87' lang='lat' dir='ltr'><strong>interpolationes,</strong></span> <span class='ocrx_word' id='word_1_450' title='bbox 1500 4235 1552 4292; x_wconf 87' lang='lat' dir='ltr'><strong>bae</strong></span> <span class='ocrx_word' id='word_1_451' title='bbox 1569 4250 1679 4308; x_wconf 90' lang='lat' dir='ltr'><strong>qnoque</strong></span> <span class='ocrx_word' id='word_1_452' title='bbox 1696 4235 1725 4292; x_wconf 88' lang='lat' dir='ltr'><strong>in</strong></span> 
     </span>
     <span class='ocr_line' id='line_1_39' title="bbox 132 4325 1725 4446; baseline -0.006 -39"><span class='ocrx_word' id='word_1_453' title='bbox 132 4325 277 4446; x_wconf 52' lang='lat' dir='ltr'><strong>,ffgffio</strong></span> <span class='ocrx_word' id='word_1_454' title='bbox 295 4349 491 4422; x_wconf 88' lang='lat' dir='ltr'><strong>posterioribus</strong></span> <span class='ocrx_word' id='word_1_455' title='bbox 509 4350 681 4406; x_wconf 88' lang='lat' dir='ltr'><strong>Florentinae</strong></span> <span class='ocrx_word' id='word_1_456' title='bbox 699 4347 861 4406; x_wconf 86' lang='lat' dir='ltr'><strong>lectionibus</strong></span> <span class='ocrx_word' id='word_1_457' title='bbox 879 4351 981 4420; x_wconf 90' lang='lat' dir='ltr'><strong>quanto</strong></span> <span class='ocrx_word' id='word_1_458' title='bbox 999 4361 1113 4403; x_wconf 90' lang='lat' dir='ltr'><strong>numero</strong></span> <span class='ocrx_word' id='word_1_459' title='bbox 1131 4350 1160 4402; x_wconf 92' lang='lat' dir='ltr'><strong>et</strong></span> <span class='ocrx_word' id='word_1_460' title='bbox 1177 4345 1265 4418; x_wconf 89' lang='lat' dir='ltr'><strong>qualia</strong></span> <span class='ocrx_word' id='word_1_461' title='bbox 1276 4345 1437 4402; x_wconf 85' lang='lat' dir='ltr'><strong>temeritatis</strong></span> <span class='ocrx_word' id='word_1_462' title='bbox 1449 4344 1627 4416; x_wconf 88' lang='lat' dir='ltr'><strong>reperiantur,</strong></span> <span class='ocrx_word' id='word_1_463' title='bbox 1643 4342 1725 4398; x_wconf 89' lang='lat' dir='ltr'><strong>buius</strong></span> 
     </span>
     <span class='ocr_line' id='line_1_40' title="bbox 138 4448 1725 4528; baseline -0.005 -15"><span class='ocrx_word' id='word_1_464' title='bbox 138 4448 274 4495; x_wconf 65' lang='lat' dir='ltr'><strong>⁸⁰¹¹⁰¹⁸⁸fi⁰²</strong></span> <span class='ocrx_word' id='word_1_465' title='bbox 295 4457 423 4514; x_wconf 85' lang='lat' dir='ltr'><strong>editionis</strong></span> <span class='ocrx_word' id='word_1_466' title='bbox 441 4462 590 4528; x_wconf 86' lang='lat' dir='ltr'><strong>apparatus</strong></span> <span class='ocrx_word' id='word_1_467' title='bbox 608 4457 741 4513; x_wconf 87' lang='lat' dir='ltr'><strong>sescentis</strong></span> <span class='ocrx_word' id='word_1_468' title='bbox 757 4457 825 4512; x_wconf 91' lang='lat' dir='ltr'><strong>locis</strong></span> <span class='ocrx_word' id='word_1_469' title='bbox 843 4455 1026 4511; x_wconf 85' lang='lat' dir='ltr'><strong>demonstrat:</strong></span> <span class='ocrx_word' id='word_1_470' title='bbox 1045 4469 1107 4510; x_wconf 90' lang='lat' dir='ltr'><strong>nam</strong></span> <span class='ocrx_word' id='word_1_471' title='bbox 1120 4453 1293 4510; x_wconf 89' lang='lat' dir='ltr'><strong>Taurelliana</strong></span> <span class='ocrx_word' id='word_1_472' title='bbox 1309 4454 1376 4508; x_wconf 89' lang='lat' dir='ltr'><strong>item</strong></span> <span class='ocrx_word' id='word_1_473' title='bbox 1394 4467 1448 4508; x_wconf 92' lang='lat' dir='ltr'><strong>non</strong></span> <span class='ocrx_word' id='word_1_474' title='bbox 1464 4466 1553 4523; x_wconf 83' lang='lat' dir='ltr'><strong>pauca</strong></span> <span class='ocrx_word' id='word_1_475' title='bbox 1564 4450 1725 4523; x_wconf 85' lang='lat' dir='ltr'><strong>suppressit,</strong></span> 
     </span>
    </p>

    <p class='ocr_par' dir='ltr' id='par_1_9' title="bbox 297 4558 1724 4634">
     <span class='ocr_line' id='line_1_41' title="bbox 297 4558 1724 4634; baseline -0.004 -15"><span class='ocrx_word' id='word_1_476' title='bbox 297 4564 414 4619; x_wconf 81' lang='lat' dir='ltr'><strong>maxime</strong></span> <span class='ocrx_word' id='word_1_477' title='bbox 438 4564 580 4620; x_wconf 90' lang='lat' dir='ltr'><strong>euidenter</strong></span> <span class='ocrx_word' id='word_1_478' title='bbox 601 4563 684 4634; x_wconf 87' lang='lat' dir='ltr'><strong>falsa,</strong></span> <span class='ocrx_word' id='word_1_479' title='bbox 708 4561 758 4620; x_wconf 91' lang='lat' dir='ltr'><strong>sed</strong></span> <span class='ocrx_word' id='word_1_480' title='bbox 775 4563 811 4619; x_wconf 93' lang='lat' dir='ltr'><strong>ad</strong></span> <span class='ocrx_word' id='word_1_481' title='bbox 830 4562 1027 4619; x_wconf 87' lang='lat' dir='ltr'><strong>emendationis</strong></span> <span class='ocrx_word' id='word_1_482' title='bbox 1045 4563 1178 4618; x_wconf 88' lang='lat' dir='ltr'><strong>rationem</strong></span> <span class='ocrx_word' id='word_1_483' title='bbox 1196 4565 1269 4617; x_wconf 91' lang='lat' dir='ltr'><strong>recte</strong></span> <span class='ocrx_word' id='word_1_484' title='bbox 1288 4559 1485 4616; x_wconf 86' lang='lat' dir='ltr'><strong>aestimandam</strong></span> <span class='ocrx_word' id='word_1_485' title='bbox 1504 4558 1614 4615; x_wconf 88' lang='lat' dir='ltr'><strong>omnino</strong></span> <span class='ocrx_word' id='word_1_486' title='bbox 1632 4571 1724 4614; x_wconf 86' lang='lat' dir='ltr'><strong>neees-</strong></span> 
     </span>
    </p>
   </div>
   <div class='ocr_carea' id='block_1_5' title="bbox 296 4812 1725 5064">
    <p class='ocr_par' dir='ltr' id='par_1_10' title="bbox 296 4812 1725 5064">
     <span class='ocr_line' id='line_1_42' title="bbox 353 4812 1724 4880; baseline 0.002 -16"><span class='ocrx_word' id='word_1_487' title='bbox 353 4815 360 4849; x_wconf 89' lang='lat'><strong>¹</strong></span> <span class='ocrx_word' id='word_1_488' title='bbox 385 4813 427 4865; x_wconf 85' lang='lat' dir='ltr'><strong>Sic</strong></span> <span class='ocrx_word' id='word_1_489' title='bbox 444 4814 465 4877; x_wconf 94' lang='grc' dir='ltr'><strong>Ι,</strong></span> <span class='ocrx_word' id='word_1_490' title='bbox 487 4813 544 4877; x_wconf 85' lang='grc'><strong>158,</strong></span> <span class='ocrx_word' id='word_1_491' title='bbox 562 4815 610 4877; x_wconf 85' lang='grc'><strong>35,</strong></span> <span class='ocrx_word' id='word_1_492' title='bbox 637 4815 680 4865; x_wconf 89' lang='lat' dir='ltr'><strong>ubi</strong></span> <span class='ocrx_word' id='word_1_493' title='bbox 704 4814 836 4880; x_wconf 86' lang='lat' dir='ltr'><strong>requiritur</strong></span> <span class='ocrx_word' id='word_1_494' title='bbox 859 4817 964 4869; x_wconf 77' lang='lat' dir='ltr'><strong>citerirm</strong></span> <span class='ocrx_word' id='word_1_495' title='bbox 987 4832 1060 4868; x_wconf 83' lang='lat' dir='ltr'><strong>mora</strong></span> <span class='ocrx_word' id='word_1_496' title='bbox 1084 4816 1171 4878; x_wconf 80' lang='lat' dir='ltr'><strong>elteri,</strong></span> <span class='ocrx_word' id='word_1_497' title='bbox 1197 4813 1313 4865; x_wconf 88' lang='lat' dir='ltr'><strong>librarius</strong></span> <span class='ocrx_word' id='word_1_498' title='bbox 1336 4812 1420 4866; x_wconf 87' lang='lat' dir='ltr'><strong>omisit</strong></span> <span class='ocrx_word' id='word_1_499' title='bbox 1441 4813 1520 4864; x_wconf 85' lang='lat' dir='ltr'><strong>uerba</strong></span> <span class='ocrx_word' id='word_1_500' title='bbox 1545 4830 1619 4866; x_wconf 81' lang='lat' dir='ltr'><strong>mora</strong></span> <span class='ocrx_word' id='word_1_501' title='bbox 1643 4813 1724 4878; x_wconf 80' lang='lat' dir='ltr'><strong>citeri,</strong></span> 
     </span>
     <span class='ocr_line' id='line_1_43' title="bbox 297 4901 1725 4978; baseline 0 -24"><span class='ocrx_word' id='word_1_502' title='bbox 297 4901 444 4955; x_wconf 87' lang='lat' dir='ltr'><strong>emendator</strong></span> <span class='ocrx_word' id='word_1_503' title='bbox 461 4903 521 4954; x_wconf 83' lang='lat' dir='ltr'><strong>fecit</strong></span> <span class='ocrx_word' id='word_1_504' title='bbox 538 4905 644 4958; x_wconf 73' lang='lat' dir='ltr'><strong>adarim</strong></span> <span class='ocrx_word' id='word_1_505' title='bbox 655 4909 738 4957; x_wconf 67' lang='lat' dir='ltr'><strong>*moro</strong></span> <span class='ocrx_word' id='word_1_506' title='bbox 749 4905 871 4958; x_wconf 57' lang='lat' dir='ltr'><strong>alteriue.</strong></span> <span class='ocrx_word' id='word_1_507' title='bbox 897 4903 956 4956; x_wconf 89' lang='lat' dir='ltr'><strong>item</strong></span> <span class='ocrx_word' id='word_1_508' title='bbox 977 4903 1035 4968; x_wconf 91' lang='grc'><strong>150,</strong></span> <span class='ocrx_word' id='word_1_509' title='bbox 1048 4904 1080 4955; x_wconf 91' lang='grc'><strong>21</strong></span> <span class='ocrx_word' id='word_1_510' title='bbox 1101 4919 1132 4955; x_wconf 86' lang='lat' dir='ltr'><strong>or</strong></span> <span class='ocrx_word' id='word_1_511' title='bbox 1141 4904 1239 4978; x_wconf 83' lang='lat' dir='ltr'><strong>feeerit</strong></span> <span class='ocrx_word' id='word_1_512' title='bbox 1256 4902 1402 4955; x_wconf 87' lang='lat' dir='ltr'><strong>emendator</strong></span> <span class='ocrx_word' id='word_1_513' title='bbox 1419 4901 1479 4954; x_wconf 78' lang='lat' dir='ltr'><strong>feeit</strong></span> <span class='ocrx_word' id='word_1_514' title='bbox 1487 4903 1624 4974; x_wconf 77' lang='lat' dir='ltr'><strong>seraperii,</strong></span> <span class='ocrx_word' id='word_1_515' title='bbox 1641 4903 1725 4955; x_wconf 83' lang='lat' dir='ltr'><strong>tacere</strong></span> 
     </span>
     <span class='ocr_line' id='line_1_44' title="bbox 296 4990 1278 5064; baseline 0.002 -22"><span class='ocrx_word' id='word_1_516' title='bbox 296 4990 375 5044; x_wconf 87' lang='lat' dir='ltr'><strong>uoluit</strong></span> <span class='ocrx_word' id='word_1_517' title='bbox 391 4999 521 5064; x_wconf 80' lang='lat' dir='ltr'><strong>receperit.</strong></span> <span class='ocrx_word' id='word_1_518' title='bbox 548 4991 598 5044; x_wconf 88' lang='lat' dir='ltr'><strong>alia</strong></span> <span class='ocrx_word' id='word_1_519' title='bbox 615 4993 669 5044; x_wconf 88' lang='lat' dir='ltr'><strong>eius</strong></span> <span class='ocrx_word' id='word_1_520' title='bbox 687 4992 786 5059; x_wconf 75' lang='lat' dir='ltr'><strong>generis</strong></span> <span class='ocrx_word' id='word_1_521' title='bbox 804 4993 918 5046; x_wconf 86' lang='lat' dir='ltr'><strong>inuenies</strong></span> <span class='ocrx_word' id='word_1_522' title='bbox 935 4993 956 5057; x_wconf 90' lang='lat'><strong>1,</strong></span> <span class='ocrx_word' id='word_1_523' title='bbox 969 4993 1029 5058; x_wconf 85' lang='grc'><strong>259,</strong></span> <span class='ocrx_word' id='word_1_524' title='bbox 1043 4993 1067 5046; x_wconf 83' lang='grc'><strong>8.</strong></span> <span class='ocrx_word' id='word_1_525' title='bbox 1082 4993 1116 5044; x_wconf 85' lang='grc'><strong>14</strong></span> <span class='ocrx_word' id='word_1_526' title='bbox 1133 5001 1159 5044; x_wconf 93' lang='lat' dir='ltr'><strong>et</strong></span> <span class='ocrx_word' id='word_1_527' title='bbox 1176 4991 1278 5059; x_wconf 85' lang='lat' dir='ltr'><strong>passim.</strong></span> 
     </span>
    </p>
   </div>
   <div class='ocr_carea' id='block_1_6' title="bbox 0 0 1867 5544">
    <p class='ocr_par' dir='ltr' id='par_1_11' title="bbox 0 0 1867 5544">
     <span class='ocr_line' id='line_1_45' title="bbox 0 0 1867 5544; baseline 0 0"><span class='ocrx_word' id='word_1_528' title='bbox 0 0 1867 5544; x_wconf 95' lang='lat' dir='ltr'><strong> </strong></span> 
     </span>
    </p>
   </div>
  </div>
 </body>
</html>
