3734 5578
178 289 490 349 cusronrmmoonn
511 291 626 340 rssru
852 267 936 348 741
1440 279 1530 350 XXV
1551 285 1606 350 41

147 433 161 480 i
177 429 249 496 Quid
267 444 347 500 ergo,
371 430 395 484 si
413 431 511 500 inspici
528 445 559 485 se
576 445 631 486 non
648 429 768 500 patietur
785 428 830 484 uei
849 427 884 484 ed
903 427 1013 486 domum
1037 445 1093 487 non
1115 433 1229 490 uenisti
1254 436 1341 506 seque
1364 439 1497 508 praeteris
1515 444 1608 497 uncto

147 519 242 574 tritus
260 519 431 574 interueniet.
468 518 498 574 Si
515 533 609 575 omnes
626 520 673 574 uei
685 519 776 588 piures
787 519 1192 591 renuntiauerintprsegnstem
1205 538 1341 597 nonense,
1360 541 1396 582 ιιι
1413 528 1509 584 mniier
1519 529 1609 598 possit

176 608 333 663 iniurisrum
352 609 468 678 experiri
486 624 521 664 ex
538 609 590 664 bsc
608 607 713 663 censs?
739 612 768 661 et
786 608 874 676 magis
892 613 959 678 puto
978 623 1061 678 egere
1078 625 1139 666 esm
1158 611 1316 669 Iniuriarum
1333 629 1428 686 posse,
1450 617 1489 672 sic
1507 623 1608 690 tumen,

176 697 200 752 si
217 697 331 753 iniuriae
348 696 490 753 iaciendas
508 713 592 752 oense
609 697 638 752 id
655 696 770 751 meritus
787 694 968 751 desiderauit:
987 703 1108 753 ceterum
1126 699 1149 754 si
1164 716 1218 756 non
1230 701 1343 758 iniurius
1355 703 1496 761 inciendse
1508 707 1607 778 animo,

175 786 224 841 sed
243 787 307 856 quis
324 787 396 842 iuste
414 785 529 841 credidit
546 787 590 840 uei
609 785 691 841 nimio
714 789 780 840 uoto
803 783 948 840 liberorum
972 786 1206 856 suscipiendorum
1230 789 1329 846 ductus
1347 797 1390 848 est
1405 796 1450 850 uei
1468 795 1528 865 ipss
1545 811 1606 850 eum
1627 805 1640 848 t

174 875 298 930 illexerat
315 879 347 930 ut
365 876 501 946 crederet,
525 875 599 946 qnod
622 877 763 929 oomtsnte
785 874 957 930 matrimonio
979 875 1032 932 boe
1053 874 1188 948 lingebat,
1212 880 1407 948 nequissimum
1431 883 1483 937 erit
1503 883 1608 952 ignosci

144 964 280 1019 emerito.
317 964 473 1020 lleminisse
496 969 588 1019 sutem
614 967 722 1033 oportet
745 967 854 1030 tempus
877 977 933 1018 uon
957 978 1019 1019 osse
1042 967 1234 1035 praestitutum
1257 971 1402 1042 rescripto,
1431 973 1557 1042 quemuis
1579 971 1608 1027 in

174 1059 287 1109 senstus
305 1054 437 1109 consuitis
462 1053 496 1107 de
519 1051 612 1107 liberis
635 1049 817 1121 agnoscendis
842 1051 955 1120 uiginte
978 1053 1037 1110 dies
1061 1057 1276 1124 praestitunntnr
1298 1059 1413 1114 mulieri.
1439 1059 1505 1128 quid
1523 1060 1609 1129 ergo?

174 1157 283 1212 semper
300 1142 422 1197 dicemus
440 1141 539 1197 merito
556 1140 637 1195 licere
656 1153 769 1194 uxorem
787 1138 823 1194 ud
840 1144 993 1208 praetorem
1012 1157 1142 1213 succure,
1165 1159 1200 1199 ιιι
1219 1161 1285 1201 uero
1303 1147 1401 1218 stipsi
1419 1149 1532 1217 triginta
1549 1149 1608 1204 dies
1627 1159 1640 1200 ι

172 1231 415 1302 preciistitnimus?
440 1237 469 1286 et
485 1235 579 1300 putem
602 1232 758 1299 praetorem
782 1243 866 1283 oeuss
888 1229 999 1297 cognite
1022 1229 1123 1286 debere
1147 1233 1275 1288 meritum
1294 1239 1321 1289 et
1338 1241 1402 1305 post
1419 1237 1533 1307 triginta
1550 1237 1608 1293 dies
1626 1245 1697 1292 tete

130 1327 157 1372 10
173 1321 277 1376 sudire.
314 1321 357 1376 De
374 1319 544 1390 inspiciendo
561 1323 658 1373 nenne
676 1315 909 1386 custodiendoque
928 1322 1010 1386 pertn
1033 1319 1074 1374 sic
1090 1325 1201 1390 praetor
1224 1322 1276 1378 sit:
1301 1321 1337 1378 'Sl
1355 1325 1453 1381 mulier
1464 1323 1607 1409 ’[ιῖιιῖιζῑ

174 1410 289 1466 'mortuo
308 1409 405 1464 merito
422 1411 601 1478 praegnatem
613 1421 643 1460 ιι
656 1419 716 1460 esse
729 1405 810 1475 dicet,
829 1405 873 1459 his
890 1404 928 1460 ed
939 1421 1008 1476 quos
1022 1423 1056 1462 ιι
1067 1423 1111 1463 res
1123 1409 1270 1480 pertinebit
1280 1401 1607 1481 procuratorium—eorum

174 1497 270 1553 bisin
289 1495 615 1552 mensedenuntisndnm
639 1499 728 1564 curet,
752 1498 784 1549 ut
806 1494 930 1564 mitent,
953 1495 977 1550 si
1000 1497 1098 1567 uelint,
1123 1513 1194 1568 quoe
1217 1504 1342 1555 uentrem
1365 1502 1518 1574 inspicient.
1546 1505 1608 1560 mit-

172 1587 275 1642 tentur
293 1591 384 1642 sutem
403 1587 529 1641 mulieres
546 1583 648 1640 linense
667 1584 810 1639 dumtsxst
828 1584 947 1653 quinque
965 1583 1071 1655 bosque
1089 1587 1169 1642 simui
1193 1602 1289 1643 omnes
1307 1589 1465 1661 inspicient,
1490 1593 1555 1647 dum
1573 1608 1608 1648 ne

173 1676 237 1748 ‘qus
258 1691 352 1732 esrum
375 1675 441 1730 dnm
464 1674 574 1744 inspicit
593 1673 681 1728 inuito
704 1672 815 1728 muliere
839 1677 964 1727 uentrem
987 1679 1092 1743 iunget.
1124 1675 1221 1731 mulier
1243 1679 1271 1732 in
1295 1677 1377 1734 domu
1401 1680 1608 1737 honestissimae
1627 1691 1655 1734 rt

173 1764 298 1820 ‘feminee
315 1765 412 1835 pariat,
432 1781 513 1834 quem
532 1778 584 1832 ego
604 1761 776 1818 constituam.
805 1760 902 1816 mulier
920 1765 984 1816 unte
1001 1762 1061 1818 dies
1078 1764 1199 1836 triginta,
1218 1781 1299 1836 qusm
1314 1768 1462 1836 perituram
1477 1775 1607 1842 sepsisti,

172 1853 324 1910 'denuntiet
340 1853 383 1908 bis
402 1853 438 1908 sd
456 1868 525 1922 quos
543 1866 577 1906 ιι
593 1867 637 1906 res
655 1851 774 1921 pertinet
791 1850 1048 1920 procuratoribusue
1067 1867 1173 1924 eorum,
1198 1859 1230 1910 ut
1251 1856 1372 1926 mittent,
1397 1857 1421 1912 si
1438 1859 1536 1930 uelint,
1561 1861 1608 1928 qui

171 1943 304 1999 'nentem
323 1942 487 1998 onsmdisnt.
513 1941 541 1995 in
559 1955 614 2011 qno
632 1939 755 1995 concinui
773 1939 870 1994 mulier
891 1940 1013 2010 peritum
1035 1942 1100 2011 erit,
1126 1940 1165 1997 ibi
1183 1958 1217 1998 ne
1235 1944 1326 2014 piures
1345 1945 1435 2001 editus
1453 1948 1508 2002 sint
1525 1964 1607 2017 quam

171 2031 266 2088 'unusz
289 2032 312 2086 si
336 2036 429 2101 erunt,
453 2045 488 2085 ex
510 2033 626 2098 ubsque
649 2033 727 2098 perte
751 2027 852 2083 tubulis
875 2027 1068 2098 praefigantur.
1097 2035 1161 2086 unte
1180 2033 1279 2088 ostium
1298 2035 1357 2089 eins
1375 2036 1512 2091 concinnis
1530 2037 1608 2093 liberi

171 2121 237 2176 'tres
255 2125 284 2176 et
301 2125 358 2175 tres
375 2119 477 2175 liberae
496 2133 557 2174 cnm
575 2117 647 2172 binis
665 2115 811 2172 comitibus
829 2117 994 2173 custodient
1022 2119 1266 2191 quotienscumque
1287 2137 1320 2178 ιι
1338 2123 1435 2178 mulier
1452 2123 1480 2178 in
1497 2123 1526 2179 id
1544 2139 1606 2180 oon·
1625 2136 1655 2176 so

170 2209 258 2266 'clauc
277 2208 386 2264 sliudue
404 2207 478 2279 qnod
497 2207 601 2263 sinsin
619 2207 757 2262 babucum
775 2203 838 2276 ibit,
861 2205 1004 2276 custodes,
1028 2208 1051 2262 si
1070 2209 1174 2280 nolent,
1197 2209 1226 2265 id
1248 2215 1312 2266 ente
1329 2213 1497 2284 prospiciant
1514 2219 1542 2268 et
1560 2229 1607 2269 eos

171 2299 227 2369 'qui
244 2297 397 2354 introierint
414 2297 563 2352 excutiunt.
591 2295 733 2365 custodes,
751 2296 799 2366 qni
817 2299 881 2351 unte
900 2296 1030 2351 concione
1048 2297 1131 2366 positi
1150 2305 1243 2370 erunt,
1267 2301 1291 2357 si
1309 2303 1430 2368 uolunt¹,
1449 2317 1543 2357 omnes
1561 2303 1607 2372 qui

171 2388 311 2444 'concisus
329 2391 377 2442 out
394 2385 505 2442 domum
524 2386 676 2442 introierint
693 2385 841 2439 excutient.
869 2385 965 2439 mulier
983 2400 1045 2440 oum
1064 2388 1199 2456 parturire
1216 2389 1340 2461 incipiet,
1364 2391 1407 2446 bis
1430 2391 1467 2446 ed
1487 2407 1556 2461 quos
1575 2407 1608 2446 ιι

170 2475 223 2532 'res
241 2477 361 2546 pertinet
382 2475 639 2546 pmourstoribusue
663 2488 756 2529 eorum
781 2472 937 2544 denuntiet,
960 2477 993 2528 ut
1015 2474 1138 2545 mittent,
1157 2476 1274 2547 ⁸quibus
1296 2479 1487 2550 praesentibus
1509 2480 1606 2550 periet

171 2565 323 2621 'mitantur
341 2565 467 2620 mulieres
483 2562 585 2620 iiberse
604 2563 747 2618 dumtsxst
765 2561 897 2632 quinque,
922 2561 962 2616 its
985 2566 1017 2618 ut
1038 2569 1147 2633 praeter
1168 2565 1330 2624 obstetrices
1354 2568 1423 2625 dnus
1447 2570 1475 2624 in
1493 2584 1526 2625 eo
1544 2585 1607 2625 con·
1625 2583 1654 2623 ιι

171 2655 250 2709 'cisui
275 2669 309 2709 ne
330 2655 422 2724 piures
445 2653 572 2708 mulieres
593 2652 695 2708 iibersc
718 2653 773 2706 sint
795 2666 877 2720 quum
901 2649 1010 2722 decem,
1035 2653 1149 2708 sncssiee
1173 2670 1254 2724 quum
1278 2671 1335 2712 sex.
1364 2658 1416 2712 ime
1439 2672 1510 2728 quse
1534 2659 1608 2714 intus

171 2741 288 2798 'iuturse
312 2747 392 2798 emnt
420 2743 592 2798 excutiantur
615 2756 709 2797 omnes
733 2740 761 2794 in
784 2755 818 2794 eo
840 2739 977 2810 concioni,
1000 2755 1036 2796 ne
1058 2756 1114 2811 qus
1137 2759 1273 2814 prcegnes
1296 2746 1339 2801 sit
1365 2745 1424 2802 ‘tris
1446 2748 1550 2803 iumine
1571 2763 1607 2804 ne

170 2831 269 2888 ‘minus
291 2831 330 2886 ibi
352 2830 423 2901 sint',
447 2831 551 2886 sedicet
572 2831 637 2900 quis
659 2827 789 2884 tenebrae
811 2828 846 2883 ud
870 2828 1059 2885 subiciendum
1084 2832 1204 2902 aptiores
1228 2837 1300 2889 sunt.
1330 2834 1410 2905 'quod
1433 2841 1527 2892 netum
1546 2837 1605 2908 erit,

170 2919 220 2976 bis
239 2919 275 2975 sd
293 2935 362 2990 quos
380 2935 414 2976 es
431 2935 475 2974 res
493 2919 613 2988 pertinet
629 2915 887 2988 procuratoribusue
905 2933 1008 2988 eorum,
1028 2919 1051 2974 si
1069 2920 1203 2991 inspicere
1215 2924 1317 2992 nolent,
1337 2924 1504 2980 ostendetur.
1532 2925 1605 2994 apud

169 3009 241 3065 'eum
259 3009 418 3079 educeturi,
440 3008 514 3079 upud
538 3022 619 3077 quem
641 3021 741 3078 parens
763 3006 881 3061 iusserit.
908 3006 931 3060 si
956 3011 1047 3062 eutem
1070 3009 1136 3064 nihii
1160 3025 1260 3079 psrens
1278 3011 1387 3067 iusserit
1404 3018 1453 3068 sut
1470 3014 1508 3084 is,
1532 3014 1653 3084 spudeo

170 3099 260 3170 'quem
278 3098 396 3155 uoluerit
414 3097 532 3166 educari,
551 3111 644 3152 curem
662 3111 717 3152 non
730 3095 856 3165 recipiet:
875 3094 948 3165 spud
960 3111 1041 3166 quem
1054 3097 1193 3168 educetur,
1213 3114 1296 3155 ιιιιι
1307 3101 1418 3170 cognitu
1430 3103 1603 3160 constituam.

170 3188 200 3243 ‘is
219 3188 294 3257 apud
311 3202 392 3257 quem
411 3185 573 3242 educabitur
590 3185 664 3254 quod
683 3189 776 3239 netum
795 3185 854 3254 erit,
873 3184 964 3254 quoad
982 3186 1063 3242 tuum
1082 3201 1206 3242 mensum
1225 3189 1268 3258 sit,
1286 3188 1329 3245 bis
1348 3190 1376 3245 in
1394 3205 1496 3261 mense,
1517 3206 1553 3246 ex
1570 3207 1603 3247 eo

169 3275 301 3347 ‘tempore
319 3276 410 3347 quoed
428 3291 478 3331 sex
496 3289 619 3330 mensum
639 3273 687 3343 sit,
711 3273 794 3328 semei
819 3273 847 3328 in
870 3288 978 3345 meuse,
1002 3291 1020 3329 ι
1043 3290 1092 3330 ιιι
1114 3276 1254 3332 mensibus
1272 3278 1363 3348 quosd
1387 3281 1529 3336 anniculus
1547 3279 1603 3352 tat,

169 3365 291 3421 ‘alternis
309 3364 457 3434 mensibus,
475 3361 511 3419 ub
529 3363 655 3418 anniculo
672 3361 764 3431 quosd
782 3360 833 3417 ieri
850 3363 946 3432 possit,
965 3365 1049 3418 semei
1067 3365 1095 3419 in
1109 3379 1159 3420 ιιι
1171 3366 1311 3423 mensibus
1322 3366 1370 3422 nbi
1380 3369 1456 3424 uolet
1468 3369 1603 3427 ostendet.

169 3455 200 3511 'si
219 3454 263 3508 cui
282 3459 405 3509 uenuem
423 3453 521 3523 inspici
539 3451 706 3508 custodiriue
724 3451 838 3506 edesse‘
856 3453 947 3522 partui
967 3452 1070 3508 lieitrrm
1089 3469 1143 3509 non
1161 3455 1213 3510 etit
1230 3453 1368 3512 iuctumue
1387 3457 1453 3528 quid
1470 3459 1530 3529 erit,
1549 3474 1604 3529 qno
1622 3471 1650 3512 ιι

169 3544 268 3599 ‘minus
287 3557 320 3597 ιι
337 3543 376 3597 its
393 3539 469 3612 fient,
488 3542 529 3597 uti
547 3557 631 3611 supro
648 3541 874 3611 comprehensum
891 3545 947 3596 est:
971 3543 996 3597 ei
1019 3543 1093 3612 quod
1116 3547 1210 3598 netum
1230 3545 1282 3600 erit
1299 3547 1502 3616 possessionem
1520 3563 1604 3603 ιιιιι

170 3630 289 3701 'cognite
307 3645 362 3686 non
380 3630 460 3686 dubo.
488 3631 547 3686 siue
565 3630 639 3701 quod
657 3636 751 3685 netum
769 3630 832 3699 erit,
851 3634 882 3684 ut
899 3645 981 3700 supru
1000 3637 1110 3688 cautum
1129 3636 1185 3704 est,
1209 3633 1306 3704 inspici
1325 3649 1379 3690 non
1397 3635 1514 3706 licuerit,
1534 3652 1603 3706 quus

169 3721 273 3790 'utique
291 3720 413 3776 actiones
435 3735 478 3775 me
502 3719 627 3775 dotorum
650 3720 780 3789 polliceor
797 3717 839 3773 bis
863 3717 962 3788 quibus
986 3734 1021 3774 er
1045 3721 1135 3776 edicto
1153 3737 1214 3778 meo
1232 3721 1363 3779 bonorum
1381 3725 1520 3795 possessio
1538 3725 1603 3780 dete

123 3821 149 3864 ιι
169 3809 225 3880 bit,
245 3825 307 3879 ees,
326 3810 349 3864 si
367 3808 432 3864 mihi
451 3809 525 3864 iustu
543 3823 627 3864 ιιιιι
649 3807 787 3864 uidebitur
809 3819 884 3878 esse,
905 3809 931 3862 ei
953 3823 1009 3864 non
1032 3809 1120 3866 debo’.
1157 3810 1287 3877 Quamuis
1311 3813 1347 3872 sit
1370 3811 1532 3869 manifestis·
1551 3811 1601 3898 [(Ῑῆ

124 3910 152 3954 ιι
169 3899 269 3954 simum
288 3898 407 3953 edictum
424 3898 566 3967 praetoris,
586 3901 708 3952 stamen
725 3913 779 3953 uon
798 3903 841 3952 est
858 3897 1030 3967 neglegendo
1040 3899 1228 3970 interpretatio
1240 3901 1307 3956 cius.
1334 3902 1502 3958 Denuntisre
1519 3903 1603 3974 igitur
1621 3916 1650 3956 ιι

168 3987 310 4042 mulierem
328 3990 437 4056 oportet
454 3986 496 4041 bis
514 3985 626 4056 scilicet,
645 4001 760 4056 quorum
778 3986 892 4041 interest
908 3991 1018 4055 partum
1036 4003 1090 4043 non
1108 3988 1161 4060 edi,
1182 3989 1226 4044 nel
1244 3994 1330 4046 totum
1347 3989 1480 4046 habituris
1497 3991 1602 4048 heredi·

123 4087 151 4132 13
169 4081 255 4132 tatem
273 4076 319 4130 uei
336 4079 442 4145 psrtem
460 4075 520 4130 eius
538 4075 597 4130 siue
615 4073 651 4130 ub
668 4075 799 4130 intestato
817 4075 876 4130 siue
894 4089 929 4130 ex
945 4079 1119 4133 testamento.
1156 4078 1212 4134 Sed
1230 4083 1258 4134 et
1276 4079 1299 4133 ri
1317 4093 1413 4134 seruus
1430 4079 1510 4136 heres
1527 4082 1602 4136 insti·

168 4169 246 4220 tutus
264 4162 355 4234 inerit,
374 4165 398 4220 si
415 4179 496 4220 nemo
514 4167 595 4219 notus
614 4165 658 4236 sit,
677 4163 771 4220 Aristo
788 4163 891 4234 scribit,
908 4162 972 4219 huic
984 4177 1093 4236 quoqne
1105 4183 1185 4223 seruo
1198 4169 1323 4238 quemuis
1334 4183 1390 4224 non
1402 4171 1501 4241 omniu,
1520 4185 1602 4241 quse·

168 4271 319 4342 ι’(ιιιι)

172 4413 476 4485 ¹proenrstoribusue‘i
529 4415 672 4471 ¹uoienti
724 4413 778 4469 ⁸si
794 4414 882 4470 uelim
899 4423 946 4470 ιι.
1000 4415 1276 4484 ⁴edncet1u(edd)?
1328 4418 1491 4476 ‘edesseno
1504 4422 1603 4490 (edulii

171 4555 862 4626 1mquse(sequ‘s'eclterclece)...2interueniet
914 4557 997 4612 stium
1015 4559 1061 4625 Fi
1080 4556 1158 4613 liberi
1169 4563 1243 4614 *tres
1261 4564 1290 4615 et
1306 4565 1361 4616 tres
1379 4562 1418 4615 Ρ
1471 4564 1505 4619 23
1523 4564 1602 4634 quos]

170 4625 345 4690 (interuenist
363 4648 409 4683 ιιι.
423 4629 459 4680 Ρ
477 4631 556 4682 altero
575 4629 640 4696 ioco)
660 4629 699 4681 bis
716 4627 754 4681 Ρ
802 4628 861 4683 4ιί
915 4628 988 4699 quod
1007 4629 1043 4682 Ρ
1096 4631 1131 4686 25
1149 4629 1377 4687 obstetricenr'
1392 4635 1396 4701 Ι
1413 4636 1553 4690 concinui
1565 4636 1603 4688 Ρ

169 4698 301 4754 iniuriae
319 4697 357 4752 Ρ
402 4701 560 4755 teostnnte
577 4700 604 4752 F
645 4699 679 4753 12
698 4697 775 4768 quos]
795 4715 861 4770 quo·
915 4701 949 4756 26
967 4699 1053 4770 qu‘s'e
1072 4702 1109 4754 Ρ
1161 4703 1195 4756 27
1214 4699 1340 4758 futurus⁴
1353 4703 1389 4756 Ρ
1410 4707 1415 4772 i
1435 4705 1481 4791 sit]
1505 4712 1547 4760 set
1566 4708 1601 4760 Ρ

170 4785 228 4824 nrm
248 4770 284 4824 Ρ
340 4770 373 4825 13
395 4769 448 4841 bis]
473 4771 516 4824 nis
540 4771 575 4823 Ρ
630 4770 664 4825 14
683 4776 791 4824 sutem
811 4770 861 4823 F⁶¹
914 4771 949 4826 34
968 4773 1102 4843 anniculo]
1126 4773 1244 4830 indiculo
1267 4775 1302 4830 Ρ
1357 4777 1391 4830 36
1414 4777 1521 4831 os‘dite
1540 4775 1602 4844 ΡΙ

171 4841 206 4896 15
234 4840 445 4896 honestissime
481 4840 526 4906 Ρ,
560 4840 787 4896 honestissimum
824 4842 861 4894 Ρ
914 4842 1171 4912 compr'e'ebensum
1184 4847 1221 4898 Ρ
1264 4847 1298 4901 33
1311 4846 1400 4902 siu'r'e
1413 4847 1451 4902 Ρ
1498 4849 1532 4902 38
1545 4847 1601 4916 poi·

172 4913 206 4966 16
223 4913 373 4968 constituet
392 4915 428 4967 Ρ
482 4912 729 4968 reconstruit*
777 4913 811 4968 19
826 4928 861 4968 ιι
913 4913 1031 4969 lice'h'or
1052 4917 1115 4984 ΡΙ
1136 4917 1345 4972 edicto's‘meo
1370 4919 1405 4971 Ρ
1462 4919 1497 4972 40
1520 4919 1601 4972 inter·

171 4989 286 5054 unoque
304 4989 382 5054 perte
400 4983 454 5072 cet]
480 4983 527 5039 ric
549 4983 579 5038 ιὲ
603 4983 693 5038 toruis
716 4982 861 5055 (εἰιόιιγι)
912 4985 1063 5056 pr'u’etutio
1074 4987 1111 5040 Ρ
1150 4989 1185 5044 41
1195 4989 1280 5044 edi'oi'
1290 4990 1334 5044 uei
1344 4989 1381 5040 Ρ
1396 4991 1400 5057 Ι
1417 4987 1601 5044 babiturosF·

173 5056 268 5110 eunium
292 5055 416 5128 ἑκάτεροι
442 5055 616 5127 occepimus
639 5055 720 5128 nepot:
743 5057 795 5124 B'i
815 5055 861 5112 ho·
913 5057 948 5113 43
966 5057 1048 5113 h*u⁴io
1064 5061 1102 5113 Ρ
