3814 5542
612 517 1102 615 ADDITAMENTA.

848 757 867 826 1

243 883 526 950 DIGESTORUM
547 883 663 946 LIBRI
684 885 837 948 DEOIblI
857 885 1127 947 FRAGMENTA
1148 885 1470 948 NEAPOLITANA.

498 1003 550 1074 (tie
570 1007 595 1070 a,
614 1001 718 1061 3-16=
737 1005 779 1060 rie.
800 1008 826 1072 ³,
845 1005 967 1065 23-29:
988 1003 1027 1060 tia
1047 999 1074 1072 t,
1096 1005 1223 1076 12-19.)

200 1156 318 1252 Codex
345 1185 542 1246 bibliothecae
567 1187 705 1264 publicae
726 1185 946 1265 Neapolitanae
966 1185 1022 1248 IV.
1044 1188 1083 1247 A.
1107 1186 1126 1246 8
1151 1189 1203 1264 qui
1225 1187 1309 1248 solus
1330 1189 1417 1248 nobis
1440 1189 1573 1248 seruauit

138 1269 276 1332 Charisii
303 1277 398 1330 artem
425 1271 648 1348 grammaticam
675 1271 799 1330 adiectis
827 1271 937 1330 libellis
960 1269 1058 1332 Seruii
1087 1271 1124 1330 de
1151 1278 1269 1330 eentum
1294 1273 1399 1332 metris
1427 1279 1457 1332 et
1477 1271 1574 1332 Fron·

137 1355 222 1412 tonis
243 1353 296 1430 qui
317 1353 425 1412 dicitur
445 1351 482 1412 de
503 1353 687 1426 differentiis,
709 1354 953 1412 membranaceus
973 1354 1087 1414 formae
1108 1353 1268 1426 maximae,
1291 1355 1421 1431 scriptus
1443 1362 1490 1414 est
1506 1373 1574 1416 sae-

138 1437 211 1495 culo
238 1443 345 1495 octauo
371 1437 492 1496 ineunte
518 1437 568 1494 uel
589 1443 717 1496 exeunte
738 1437 864 1512 septimo
886 1437 974 1496 Bobii
995 1437 1028 1494 in
1047 1437 1228 1496 monasterio
1251 1433 1282 1498 S.
1306 1433 1499 1510 Columbani,
1521 1437 1575 1497 aad
1623 1457 1631 1486 ν

139 1520 274 1594 scriptus
302 1520 333 1577 in
361 1519 473 1578 chartis
494 1518 648 1578 deletieiie.
692 1537 818 1595 quarum
845 1538 912 1579 cum
934 1519 1094 1597 pleraeque
1115 1519 1275 1578 bibliorum
1296 1517 1490 1594 Latinorum,
1512 1527 1574 1580 tres

140 1599 177 1678 (f.
195 1601 333 1678 33-35)
354 1601 469 1661 Lucani
489 1602 634 1678 reliquias
657 1603 833 1674 exhibeant,
860 1602 935 1662 solia
956 1621 992 1661 ea
1013 1621 1091 1680 quae
1111 1621 1191 1660 nunc
1210 1610 1404 1662 numerantur
1425 1603 1476 1662 uel
1496 1611 1575 1663 certe

139 1685 294 1744 numerari
315 1683 423 1744 dehent
443 1683 582 1756 36-39,
609 1684 680 1744 olim
702 1693 802 1744 autem
822 1685 900 1744 inter
920 1684 1030 1744 codicis
1051 1684 1072 1744 i.
1089 1685 1128 1742 24
1143 1693 1173 1744 at
1188 1684 1226 1744 25
1244 1685 1344 1746 locum
1365 1685 1509 1746 habuisse
1528 1705 1575 1746 ree

140 1769 232 1826 sidua
260 1787 298 1826 ex
319 1775 427 1843 quarto
448 1769 642 1844 quaternione
662 1766 857 1840 Charisiano,
886 1768 972 1828 cuius
993 1768 1135 1844 perierint
1154 1768 1228 1828 solia
1248 1768 1346 1843 prima
1364 1774 1575 1844 postremaque

140 1852 224 1921 bina,
251 1851 353 1910 docuit
378 1851 431 1927 qui
452 1851 488 1909 de
510 1869 545 1908 eo
567 1851 643 1910 libro
665 1851 796 1909 omnium
819 1850 1046 1928 diligentissime
1068 1851 1210 1928 exposuit
1229 1849 1380 1910 Henrious
1401 1849 1523 1910 Keilius
1542 1851 1575 1910 in

140 1933 326 2010 praefatione
347 1933 511 1992 uoluminis
532 1933 549 1990 1
575 1933 835 2012 grammaticorum
856 1933 1032 1993 Latinorum
1060 1953 1089 2010 p.
1112 1933 1176 1992 VII
1187 1951 1248 2010 sq.,
1276 1941 1419 2010 quattuor
1446 1952 1482 1992 ea
1501 1933 1575 1993 solia

141 2017 252 2075 auulsa
280 2023 350 2076 aaut
374 2035 414 2076 ex
443 2015 624 2094 digestorum
650 2016 884 2076 Iustinianorum
912 2015 989 2076 libro
1017 2023 1115 2076 aetate
1143 2024 1173 2075 et
1201 2017 1377 2076 auctoritato
1398 2015 1574 2076 Florentino

142 2099 264 2157 omnino
286 2099 399 2176 pari*).
432 2107 503 2158 suut
524 2106 623 2157 autem
644 2099 783 2158 loliorum
804 2099 890 2176 paria
903 2099 975 2158 bina
987 2099 1064 2158 inter
1078 2117 1111 2158 se
1127 2099 1326 2172 cohaerentia,
1347 2117 1473 2176 quorum
1489 2099 1575 2176 priua

141 2182 162 2240 l.
181 2181 231 2239 37.
254 2181 305 2256 36,
331 2199 399 2240 cum
426 2182 503 2241 inter
531 2189 689 2259 utrumque
713 2182 819 2242 folium
840 2183 915 2241 nihil
936 2181 1069 2254 deficiat,
1094 2181 1165 2240 olim
1186 2181 1324 2240 intimum
1344 2182 1402 2240 fuit
1422 2181 1575 2258 compagis

143 2279 226 2323 suae.
269 2271 373 2324 contra
400 2265 477 2323 inter
504 2265 630 2323 alterum
657 2264 796 2324 foliorum
822 2285 878 2341 par
906 2263 955 2325 39.
985 2264 1023 2325 38
1055 2282 1110 2324 sex
1136 2263 1210 2325 lolia
1235 2265 1442 2324 intercessisse
1468 2264 1575 2340 spatiis

142 2347 324 2428 computatis
350 2345 502 2406 intellexi:
532 2365 660 2424 quocum
679 2355 759 2406 recte
781 2348 919 2408 conuenit
939 2354 1011 2406 nota
1031 2347 1194 2426 compagis,
1220 2345 1285 2406 sius
1305 2345 1354 2406 IX
1375 2366 1413 2406 aa
1431 2347 1489 2407 suit
1509 2348 1576 2406 eiua

144 2430 221 2502 alia,
248 2448 338 2506 quam
366 2431 399 2488 in
418 2430 439 2489 f.
461 2429 500 2490 39
522 2431 655 2507 margine
680 2431 819 2490 inferiora
840 2431 941 2490 uidere
970 2430 1028 2489 sibi
1049 2429 1134 2488 uisus
1157 2436 1203 2488 est
1225 2428 1453 2507 Ganppius”).
1497 2431 1576 2490 unde

142 2513 203 2570 nisi
224 2513 304 2572 oculi
325 2532 393 2572 eum
414 2513 503 2590 plane
523 2512 694 2572 fefellerunt
714 2521 869 2591 praeterea
889 2513 1034 2589 sequitur,
1055 2519 1089 2571 ut
1109 2530 1268 2590 compages
1284 2511 1375 2571 huius
1389 2511 1501 2572 codicis
1514 2531 1576 2571 non

143 2595 299 2671 quinariae
319 2595 440 2667 suerint,
465 2595 517 2654 sed
540 2597 757 2672 quaternarias,
779 2597 870 2672 idque
890 2595 1081 2656 confirmatur
1103 2595 1200 2672 spatio
1222 2595 1303 2670 quod
1323 2595 1478 2654 intercedit
1498 2595 1576 2654 inter

144 2677 163 2736 i.
181 2677 219 2736 36
242 2685 272 2736 et
294 2678 350 2750 39,
377 2685 447 2755 apte
473 2677 616 2754 replendo
642 2679 723 2736 loliis
746 2677 926 2738 admodum
946 2677 1216 2753 Neapolitanorum
1238 2677 1358 2753 scriptis
1379 2677 1576 2753 undeuiginti,

145 2760 198 2820 sed
222 2760 303 2836 quod
329 2761 384 2820 uix
409 2767 490 2820 recte
517 2768 601 2836 aptes
631 2759 668 2818 ad
695 2761 840 2819 rationem
868 2760 1044 2838 quinariam.
1094 2768 1223 2818 ceterum
1251 2759 1277 2818 ai
1303 2759 1335 2818 in
1359 2759 1433 2820 folio
1458 2759 1575 2820 511039

145 2862 215 2902 uere
236 2851 284 2902 eet
303 2851 376 2904 nota
396 2843 599 2920 quaternionis
621 2843 702 2913 noni,
724 2843 865 2902 uolumen
885 2863 926 2902 ex
947 2861 1007 2919 quo
1028 2843 1102 2900 haec
1122 2841 1196 2901 folia
1217 2849 1379 2918 supersunt
1398 2860 1460 2900 non
1478 2843 1577 2918 potnit

145 2925 274 3001 incipere
301 2926 340 2985 ab
361 2927 428 3003 ipso
450 2925 632 3002 digestorum
653 2925 816 3002 principio,
842 2945 910 2984 cum
931 2944 1033 2986 eorum
1055 2925 1123 2984 libri
1143 2925 1232 3002 primi
1253 2943 1362 2984 nouem
1382 2924 1455 2984 lolia
1476 2923 1515 2984 ad
1536 2925 1576 2984 ai·

144 3007 340 3068 militudinem
353 3008 623 3086 Neapolitanorum
644 3009 812 3085 perscripta
831 3009 986 3085 requirant
1005 3007 1109 3084 paullo
1130 3008 1230 3068 minua
1252 3008 1388 3069 ducenta.
1431 3014 1499 3068 utut
1519 3007 1576 3070 hoo

145 3099 200 3166 est,
221 3092 417 3170 probabiliter
436 3092 511 3151 solia
531 3099 672 3168 quattuor
693 3111 771 3169 quaa
792 3093 937 3154 habemus
958 3091 1151 3167 disponemus
1173 3091 1232 3170 ita:

961 3275 990 3336 q.
1007 3255 1056 3332 9i,
1085 3258 1100 3315 1
1130 3280 1165 3308 =
1191 3257 1211 3314 f.
1228 3257 1267 3318 39

187 3918 356 3978 Particulas
384 3919 440 3977 has
468 3921 651 3997 digestorum
679 3919 842 3979 secuudum
869 3939 938 3980 sum
967 3919 1097 3980 codicem
1124 3919 1193 3998 ipsa
1218 3917 1396 3996 paginarum
1421 3916 1486 3978 eius
1509 3937 1575 3977 uer·

149 4019 293 4078 suumque
314 4001 521 4061 distributione
542 4011 657 4062 retentu
676 4003 734 4061 hoc
754 4003 820 4061 loco
842 4021 1008 4080 proponere
1030 4004 1128 4062 uisum
1150 4010 1196 4062 est
1210 4001 1393 4073 coniunctas,
1415 4019 1481 4060 cum
1496 4019 1574 4077 quae

149 4087 188 4144 ibi
210 4086 258 4145 uel
278 4085 415 4164 legerunt
436 4088 484 4143 uel
507 4086 605 4162 legere
628 4086 685 4144 sibi
704 4086 762 4144 uisi
778 4093 848 4144 sunt
862 4086 918 4144 uiri
934 4085 1023 4158 docti,
1043 4086 1075 4144 in
1088 4084 1185 4162 ipsius
1200 4083 1339 4144 editionis
1354 4083 1574 4142 adnotationem

149 4175 266 4245 recepta
287 4168 453 4244 etreliqua
474 4187 569 4244 eaque
591 4169 708 4245 potiora
729 4168 925 4228 obscuratura
945 4167 1074 4228 fuissent
1094 4187 1149 4226 nec
1169 4169 1237 4244 ipsa
1252 4166 1325 4226 satis
1339 4165 1420 4226 sacili
1435 4174 1575 4242 certaque

149 4251 260 4309 ratione
281 4251 531 4328 intellegerentur.
573 4252 631 4310 hoc
653 4251 761 4310 uellem
783 4251 901 4310 taudem
924 4251 1084 4327 aliquando
1105 4252 1142 4309 de
1162 4249 1288 4309 lectione
1302 4255 1461 4320 constaret,
1483 4267 1574 4326 quam

149 4333 297 4393 latendum
319 4342 366 4392 est
380 4335 477 4394 adhuc
494 4335 609 4412 aliquot
622 4335 696 4394 locis
711 4335 852 4394 incertam
867 4351 944 4408 ease,
965 4334 1035 4394 licet
1049 4341 1190 4411 quattuor
1203 4333 1266 4446 uirq
1276 4331 1355 4391 docti
1368 4332 1399 4390 in
1414 4351 1451 4390 ea
1464 4329 1574 4390 consti·

184 4519 207 4586 ⁸)
237 4522 303 4572 Naar
329 4529 459 4574 extremus
478 4519 578 4572 codicia
598 4519 732 4590 quaternio
752 4519 783 4582 (l.
799 4509 934 4588 lio-lt),
958 4520 1032 4572 cuiue
1051 4518 1183 4590 antiquior
1201 4517 1328 4589 scriptura
1347 4516 1464 4570 continet
1482 4513 1573 4584 Gargi-

152 4592 212 4646 lium
229 4591 391 4659 Martialem,
417 4592 546 4646 recentior
564 4594 675 4646 aiterum
699 4592 852 4665 pontificum
876 4593 1054 4646 recensionem
1079 4592 1194 4646 omnium
1219 4589 1441 4664 antiquissimam,
1463 4605 1516 4642 non
1540 4585 1573 4640 ah

152 4665 246 4737 origine
266 4665 383 4719 eiusdem
403 4665 503 4720 codicis
521 4684 581 4738 perr
600 4665 657 4719 luit.

184 4739 219 4807 ⁹⁶)
239 4737 318 4807 Quod
335 4739 362 4792 iu
381 4739 440 4812 ipsa
459 4739 575 4793 editione
594 4738 666 4807 (naor
684 4738 712 4791 in
730 4737 836 4792 schedia
854 4747 917 4798 nota
935 4736 1022 4804 deest)
1042 4755 1175 4792 numerum
1195 4754 1254 4790 eum
1273 4732 1414 4808 adscripsit
1431 4731 1484 4786 imo
1503 4731 1520 4786 ἱ
1537 4733 1573 4792 39

151 4829 200 4865 non
219 4821 303 4877 recto,
326 4811 372 4865 eed
392 4829 467 4865 nereo
487 4813 545 4866 siue
564 4831 591 4883 p.
608 4811 655 4878 8⁸,
673 4811 730 4866 sine
757 4811 837 4865 dubio
856 4811 953 4865 iactum
973 4819 1014 4864 eat
1032 4828 1130 4865 errore:
1156 4807 1286 4864 eiusmodi
1306 4809 1374 4862 euim
1393 4824 1513 4860 numerus
1532 4804 1572 4859 lo·

153 4902 206 4938 cum
230 4903 284 4938 non
308 4883 387 4938 hebet
409 4885 461 4939 nisi
486 4886 513 4939 in
538 4885 633 4958 pagina
657 4885 835 4957 quaternionis
854 4894 900 4938 aut
916 4883 1000 4956 prima
1019 4894 1064 4937 ant
1081 4892 1220 4957 postrema
1258 4881 1319 4936 inde
1338 4897 1442 4953 quoque
1461 4877 1572 4952 explico,

152 4957 218 5028 quod
238 4960 363 5032 lllayerus
383 4957 444 5012 data
466 4977 544 5032 opera
563 4976 690 5032 quaerens
708 4976 843 5014 numerum
861 4975 914 5012 non
933 4957 1033 5012 inuenit
1049 4957 1111 5012 loco
1130 4955 1254 5012 indicato.
