3812 5598
281 221 400 288 XXVII
420 223 441 288 4
460 229 477 282 3
497 256 529 267 -
549 223 570 287 5
591 228 605 281 1
955 213 1041 294 802
1269 238 1315 285 88
1337 210 1382 285 ιιο
1406 237 1467 296 our
1489 234 1558 283 sno
1580 233 1721 284 eunoun

282 382 341 433 erat
359 381 482 432 ornator:
504 377 554 432 sed
573 377 642 433 etsi
661 391 717 432 non
733 391 783 445 pro
800 380 892 431 tutore
910 375 1022 443 negotia
1040 373 1162 444 gerebat,
1182 373 1265 432 debet
1282 375 1375 432 uenire
1394 374 1469 444 quod
1486 379 1550 429 ante
1567 373 1723 442 impensum

281 472 336 522 est:
356 466 530 521 deducuntur
547 467 619 521 euim
638 465 666 520 in
685 465 786 520 tutelae
805 464 936 518 iudicium
954 469 1094 533 sumptus,
1114 478 1301 532 quoscumque
1320 462 1416 518 iecerit
1433 463 1461 517 in
1477 477 1536 518 rem
1553 461 1663 532 pupilli,
1682 461 1724 514 sic

248 565 262 609 9
281 561 387 623 temen,
412 555 436 608 si
460 570 496 608 ex
515 554 589 610 bona
606 553 661 610 fids
679 552 753 610 iecit.
789 553 868 608 Hanc
886 553 1022 606 actionem
1040 557 1201 621 perpetuam
1220 567 1282 607 esse
1300 553 1390 621 palam
1409 557 1466 620 est,
1491 554 1519 606 el
1536 549 1631 606 heredi
1648 553 1678 604 et
1694 550 1723 604 iu

281 643 409 698 heredem
428 642 487 698 dari
506 650 667 712 ceterosque
685 657 859 698 successores
877 643 920 695 et¹
940 640 976 694 ad
994 655 1063 711 quos
1082 655 1116 694 ea
1133 656 1177 696 res
1196 640 1315 711 pertinet
1333 648 1361 696 et
1378 642 1406 696 in
1425 656 1482 696 eos.
1742 652 1756 690 ι

244 732 263 788 4
333 731 476 787 qursuus
495 730 564 786 libro
583 731 715 786 uicesimo
733 731 821 800 primo
839 729 1019 798 digestorum.
1052 729 1079 785 Δ
1097 730 1185 786 tutela
1201 734 1323 784 remotus
1342 744 1374 784 eo
1392 729 1453 784 loco
1471 727 1565 782 baberi
1584 719 1723 808 [8.’38Τ,]
1743 733 1762 786 S

281 818 371 888 debet,
390 834 445 887 quo
464 825 538 874 esset
556 817 633 874 finita
651 820 745 889 tutela,
768 823 796 874 et
814 819 886 872 sicut
904 819 1027 873 actiones
1045 819 1148 888 patitur
1164 817 1279 887 perinde
1297 833 1330 872 ac
1348 818 1371 872 si
1389 817 1508 888 pupillus
1525 815 1614 886 pubes
1631 813 1723 870 iactus

281 913 364 975 esset,
381 909 422 962 ite
434 908 569 962 contrario
582 907 691 977 iudicio,
711 909 733 962 si
747 907 813 976 quid
825 906 851 960 ei
863 905 960 976 aberit,
978 907 1105 976 persequi
1118 905 1243 960 debebit:
1263 906 1330 960 nibil
1342 907 1413 962 enim
1426 905 1553 976 prohibet
1563 911 1723 974 suspectum

280 1002 399 1052 tutorem
418 1010 488 1065 esse,
507 997 633 1065 quamuis
652 997 792 1065 complura
809 996 837 1050 in
856 1011 912 1050 rem
931 995 1028 1065 pupilli
1046 995 1216 1064 impenderit,
1235 1009 1306 1064 quae
1324 1010 1386 1050 eum
1399 996 1524 1050 amittere
1536 1009 1591 1050 non
1604 997 1722 1062 oportet.

244 1085 262 1143 5
334 1085 485 1142 Uermuus
509 1085 578 1140 libro
602 1085 689 1154 primo
708 1099 909 1153 responsorum.
946 1083 1083 1138 Heredem
1101 1084 1213 1154 tutoris,
1236 1084 1260 1138 si
1278 1099 1339 1140 eam
1357 1099 1492 1140 summam
1511 1083 1563 1138 sol·
1582 1077 1723 1165 QZ}
1742 1089 1762 1141 S

280 1175 364 1243 uerit,
386 1174 414 1228 in
437 1189 519 1243 quam
544 1173 657 1244 obligati
679 1173 775 1243 pupilli
797 1171 921 1243 fuerunt,
946 1173 1083 1228 actionem
1107 1173 1272 1228 contrariam
1295 1173 1429 1230 aduersum
1453 1187 1501 1228 eos
1519 1171 1621 1228 babere
1638 1187 1723 1242 posse
1743 1183 1770 1223 ro

280 1261 419 1330 respondi.

244 1353 262 1410 6
333 1350 452 1405 Prunus
474 1349 544 1406 libro
567 1350 662 1420 quinto
685 1348 721 1404 ad
739 1350 885 1404 Plautium.
921 1349 951 1406 Si
974 1354 1051 1406 tutor
1071 1365 1121 1421 pro
1139 1350 1243 1422 pupillo
1261 1365 1292 1406 se
1310 1348 1457 1420 obligauit,
1480 1347 1565 1406 babet
1583 1343 1724 1434 Q
1741 1353 1768 1409 Β

280 1440 445 1496 condamm
464 1439 599 1496 actionem
617 1443 646 1496 et
663 1443 811 1510 antequem
829 1440 928 1496 soluat.

1742 1645 1770 1686 u

279 1763 317 1840 R
359 1761 424 1839 DE
459 1761 521 1839 EO
559 1761 638 1854 QUI
670 1761 762 1839 PRO
800 1626 1183 1840 TUTOREV·PROUE
1220 1759 1475 1840 CURATORE
1508 1760 1722 1840 NEGOTIA
1740 1781 1789 1835 ss

881 1886 1046 1965 GESSIT
1087 1888 1125 1965 R

243 2047 258 2102 1
332 2041 484 2098 Unrrsuus
506 2041 575 2097 libro
599 2041 742 2112 trigesimo
760 2046 840 2099 sesto
858 2042 893 2098 ad
912 2043 1042 2099 edictum.
1078 2043 1235 2098 Protutelae
1253 2043 1388 2098 actionem
1406 2043 1564 2098 necessario
1583 2037 1761 2126 [lb-{effus

279 2136 390 2200 praetor
407 2131 565 2200 proposuit:
584 2148 647 2186 nam
666 2133 732 2201 quia
748 2133 908 2202 plerumque
927 2132 1060 2188 incertum
1080 2137 1130 2200 est,
1149 2137 1241 2187 utrum
1259 2132 1321 2200 quis
1339 2137 1414 2186 tutor
1429 2148 1464 2187 an
1476 2147 1543 2188 uero
1556 2133 1636 2202 quasi
1648 2137 1724 2188 tutor

278 2234 328 2289 pro
347 2220 454 2274 tutore²
472 2219 706 2275 administranerit
723 2221 852 2288 tutelam,
874 2221 976 2276 idcirco
994 2221 1023 2276 in
1041 2224 1187 2289 utrumque
1206 2236 1300 2276 casum
1319 2221 1455 2277 actionem
1473 2221 1596 2292 scripsit,
1615 2226 1647 2276 ut
1664 2221 1724 2276 siue

279 2312 356 2363 tutor
373 2312 417 2362 est
435 2307 494 2363 siue
512 2323 566 2363 non
586 2309 622 2363 sit
640 2310 688 2378 qui
705 2310 800 2380 gessit,
820 2310 926 2366 actione
944 2313 1037 2364 tamen
1056 2315 1202 2364 teneretur.
1230 2309 1319 2364 solent
1332 2309 1404 2364 enim
1417 2310 1510 2380 magni
1522 2325 1629 2365 errores
1641 2310 1723 2364 inter·
1741 2322 1768 2361 sc

280 2395 392 2465 cedere,
411 2400 443 2451 ut
460 2396 579 2450 discerni
597 2395 677 2454 facile
695 2413 750 2454 non
767 2400 871 2470 possit,
889 2403 982 2454 utrum
1000 2397 1062 2467 quis
1080 2403 1154 2453 tutor
1172 2395 1254 2454 fuerit
1272 2405 1301 2452 et
1319 2398 1359 2454 sic
1376 2399 1509 2468 gesserit,
1528 2415 1564 2454 an
1583 2413 1649 2454 uero
1668 2413 1723 2454 uon

248 2498 259 2540 1
280 2482 380 2554 fuerit,
397 2500 447 2554 pro
465 2489 555 2540 tutore
574 2489 666 2541 tamen
685 2502 797 2542 munere
815 2485 926 2542 iunctus
945 2487 989 2542 sit.
1025 2487 1077 2542 Pro
1095 2492 1186 2542 tutore
1204 2491 1296 2542 autem
1315 2487 1427 2557 negotia
1444 2487 1524 2558 gerit,
1543 2488 1591 2558 qni
1609 2501 1723 2543 munere

279 2571 379 2628 tutoris
403 2571 526 2643 iungitur
543 2575 571 2629 in
590 2589 619 2629 re
637 2574 802 2646 impuberis,
826 2575 886 2630 sius
904 2591 935 2631 se
953 2579 1032 2646 putet
1049 2580 1181 2646 tutorem,
1204 2575 1263 2630 siue
1282 2576 1335 2632 seit
1352 2592 1408 2633 non
1426 2591 1501 2646 esse,
1524 2574 1612 2646 finget
1629 2581 1722 2630 88888

248 2674 262 2718 a
280 2677 351 2718 esse.
378 2661 495 2717 Proinde
514 2663 585 2717 etsi
603 2678 700 2719 seruus
718 2665 798 2734 quasi
816 2668 891 2720 tutor
909 2666 1004 2735 egerit,
1022 2663 1104 2720 diuus
1122 2663 1241 2720 Seuerus
1253 2665 1393 2736 rescripsit
1406 2664 1527 2720 dandum
1540 2665 1568 2720 in
1582 2664 1722 2720 dominum

247 2762 261 2806 8
279 2750 410 2806 iudicium
429 2751 504 2806 utile.
542 2750 611 2806 (lum
630 2767 677 2823 eo,
703 2753 750 2822 qui
768 2767 818 2823 pro
835 2757 926 2808 tutore
945 2754 1057 2824 negotia
1074 2753 1174 2824 gessit,
1199 2754 1282 2808 etiam
1301 2760 1364 2810 ante
1382 2753 1557 2823 pubertatem
1577 2753 1622 2823 agi
1640 2767 1722 2822 posse
1742 2767 1771 2806 ss

246 2850 262 2895 4
279 2840 353 2895 nulla
371 2838 507 2896 dubitatio
526 2847 577 2910 cst,
596 2841 661 2910 quia
678 2845 754 2896 tutor
772 2855 827 2897 nou
845 2845 896 2898 est
925 2842 1032 2908 Quare³
1050 2843 1075 2897 si
1092 2841 1154 2911 quis
1171 2839 1249 2896 linita
1266 2843 1353 2897 tutela
1371 2858 1420 2913 pro
1438 2847 1530 2898 tutore
1549 2842 1662 2912 negotia
1673 2843 1723 2896 im·

247 2939 261 2984 t
278 2927 390 2998 puberis
415 2930 515 3000 gessit,
538 2929 684 2986 tenebitur.
721 2928 824 2985 Sedet
842 2931 865 2985 si
883 2931 959 3000 prius
977 2945 1026 3002 pro
1044 2933 1135 2986 tutore
1153 2929 1399 3000 administrauerit,
1423 2930 1523 2986 deinde
1542 2931 1621 3000 quasi
1639 2937 1723 3000 tutor,

279 3033 367 3086 aeque
391 3016 529 3072 tenebitur
552 3033 587 3073 es
610 3033 643 3074 8ο
666 3018 741 3087 quod
761 3033 812 3089 pro
835 3023 927 3076 tutore
951 3019 1167 3089 administrauit,
1190 3021 1317 3089 quamuis
1334 3019 1500 3076 deuoluatur
1517 3019 1562 3074 lric
1580 3024 1676 3088 gestus
1695 3019 1723 3074 in

246 3117 260 3162 8
279 3105 382 3160 tutelae
401 3106 546 3161 actionem.
583 3105 691 3176 Siquis
709 3108 788 3177 quasi
805 3111 882 3165 tutor
898 3108 1010 3178 negotia
1027 3107 1145 3178 gesserit
1163 3107 1174 3180 ΙΙ
1193 3109 1253 3163 sius
1271 3107 1319 3177 qui
1336 3109 1391 3162 iam
1408 3107 1497 3178 pubes
1515 3113 1560 3162 est
1577 3123 1667 3178 neque
1680 3112 1723 3162 tu·
1741 3118 1813 3165 uass

279 3199 367 3251 torem
385 3193 487 3249 habere
505 3200 605 3266 potest,
624 3197 778 3266 protutelac
796 3197 868 3253 actio
887 3202 990 3252 cessat:
1010 3197 1090 3252 simili
1109 3195 1190 3252 modo
1209 3201 1242 3252 et·
1254 3197 1278 3252 si
1295 3197 1363 3265 eius,
1381 3197 1428 3266 qui
1441 3197 1563 3252 nondum
1576 3201 1723 3252 natusest
1742 3211 1771 3250 ss

280 3299 344 3338 uam
363 3287 394 3338 ut
411 3298 462 3353 pro
479 3287 571 3338 tutore
588 3285 650 3354 quis
668 3292 755 3354 gerat,
774 3299 836 3340 eam
855 3299 916 3340 csse
933 3301 1079 3356 personam
1097 3289 1213 3356 oportet,
1233 3285 1311 3340 cuius
1330 3291 1407 3340 aetas
1419 3285 1537 3355 recipiat
1547 3288 1675 3354 tutorem,
1695 3285 1724 3341 id

248 3381 262 3428 7
280 3377 325 3428 888
346 3371 517 3441 impuberem
541 3389 602 3428 esse
621 3378 737 3443 oportet.
769 3373 820 3429 sed
837 3374 889 3428 erit
906 3375 1079 3444 negotiorum
1097 3380 1237 3443 gestorum
1257 3375 1339 3430 actio.
1376 3373 1405 3428 Si
1424 3379 1534 3430 curator
1551 3373 1724 3444 impuberis

280 3467 407 3532 praetore
425 3461 507 3516 datus
524 3463 637 3532 negotia
654 3463 785 3532 gesserit,
804 3477 854 3532 an,
872 3463 951 3531 qussi
969 3477 1019 3532 pro
1037 3467 1128 3519 tutore
1145 3463 1273 3532 gesserit,
1292 3467 1433 3532 teneatur,
1452 3464 1601 3533 quaeritur.
1633 3467 1662 3518 et
1680 3467 1725 3518 cst

280 3550 373 3605 uerius
392 3563 500 3604 cessare
518 3550 588 3606 banc
607 3552 752 3621 actionem,
770 3549 836 3621 quia
854 3549 945 3607 officio
964 3551 1099 3606 curatoris
1117 3549 1227 3606 functus
1246 3556 1297 3606 est.
1325 3552 1348 3606 si
1367 3551 1428 3622 quis
1445 3555 1548 3620 88888,
1567 3566 1630 3606 cum
1648 3555 1724 3608 tutor

280 3653 336 3692 non
354 3641 441 3708 esset,
466 3639 624 3710 compulsus
643 3655 661 3693 a
677 3645 803 3710 praetore
822 3640 866 3694 uel
885 3655 903 3694 a
920 3639 1060 3709 praeside,
1081 3639 1148 3694 dum
1166 3654 1196 3694 se
1214 3643 1294 3710 putat
1312 3645 1445 3710 tutorem,
1463 3636 1587 3710 gesserst
1598 3641 1724 3710 tutelam,
1743 3653 1772 3694 ss

281 3725 444 3794 uidendum,
469 3741 572 3795 supro
591 3731 681 3781 tutore
699 3731 834 3783 teneatur.
868 3732 896 3782 et
914 3729 1002 3798 magis
1020 3733 1076 3798 est,
1100 3732 1145 3797 ut,
1163 3729 1290 3798 quamuis
1309 3729 1466 3800 compulsus
1484 3729 1617 3798 gesserit,
1636 3729 1725 3784 teneri

280 3818 373 3869 tamur
391 3813 506 3884 debeat,
530 3815 596 3884 quia
614 3815 704 3870 animo
722 3815 822 3870 tutoris
839 3815 940 3886 gessit,
964 3831 1027 3871 cum
1045 3821 1120 3871 tutor
1137 3831 1192 3872 uon
1210 3823 1292 3872 esset.
1324 3821 1353 3872 at
1370 3817 1423 3872 iste
1442 3822 1552 3873 curator
1569 3831 1625 3872 non
1644 3817 1725 3887 quasi

217 3912 262 3959 88
280 3905 363 3972 tutor,
385 3902 435 3956 sed
454 3903 533 3974 quasi
551 3907 661 3959 curator
678 3903 774 3974 gessit.
810 3902 842 3958 Iu
860 3903 1012 3972 protutelae
1031 3903 1132 3959 iudicio
1150 3920 1249 3960 usurae
1268 3921 1377 3975 888888
1395 3905 1519 3961 ueniunt.
1556 3904 1612 3960 Sed
1630 3913 1723 3960 utrum

280 3990 453 4048 solummodo
471 3993 499 4046 in
517 3991 545 4046 id
564 3992 638 4062 quod
656 3991 744 4060 gessit
761 3989 899 4046 tenebitur
918 4008 953 4046 an
971 4006 1037 4046 uero
1055 3991 1083 4046 in
1100 3991 1129 4046 id
1147 3993 1230 4048 etiam
1249 3993 1322 4062 quod
1335 4009 1430 4063 gerere
1443 3993 1560 4050 debuit?
1586 3998 1615 4048 et
1627 3995 1652 4049 si
1664 3996 1725 4064 qui·

281 4079 343 4135 dem
363 4081 472 4134 omniuo
490 4093 545 4134 non
564 4079 657 4150 attigit
673 4079 797 4148 tutelam,
815 4094 870 4134 non
888 4079 1039 4154 tenebitur:
1057 4095 1147 4150 neque
1166 4081 1238 4137 enim
1256 4081 1392 4150 attingere
1410 4081 1507 4138 debuit
1520 4083 1568 4153 qui
1580 4087 1656 4139 tutor
1667 4099 1724 4138 non
1743 4097 1773 4136 so

280 4165 341 4224 fuit.
369 4167 443 4237 quod
461 4167 486 4221 si
504 4166 639 4236 quaedam
658 4167 753 4238 gessit,
772 4166 929 4237 uidendum,
949 4185 984 4224 sn
1002 4168 1084 4223 etiam
1103 4182 1197 4225 eorum
1209 4185 1280 4239 quae
1292 4184 1347 4225 non
1359 4170 1448 4239 gessit
1460 4175 1600 4226 teneatur:
1619 4177 1648 4226 et
1659 4171 1723 4228 bac·

280 4259 361 4312 tenus
379 4253 525 4324 tenebitur,
544 4255 567 4310 si
585 4255 655 4311 alius
672 4261 801 4326 gesturus
819 4253 879 4312 fuit.
908 4255 959 4314 sed
976 4261 1005 4312 et
1023 4257 1046 4312 si
1064 4257 1184 4330 cognito,
1202 4257 1277 4330 quod
1294 4262 1369 4314 tutor
1387 4256 1521 4330 nonfuit,
1540 4259 1674 4318 abstinuit
1693 4277 1723 4318 88

281 4359 475 4430 mwosrc)

282 4493 291 4528 ¹
311 4497 472 4561 ceterosque
490 4507 664 4548 successores
682 4494 719 4563 st]
739 4493 892 4564 ceterisque
911 4495 1056 4568 (Kraeperr
1071 4495 1150 4569 eflD.
1159 4497 1202 4560 50,
1212 4495 1254 4560 16,
1262 4497 1306 4560 70,
1317 4495 1365 4562 Il?
1417 4497 1430 4533 ¹
1452 4502 1545 4554 uuum
1563 4499 1626 4570 quis
1644 4503 1726 4572 qumi

280 4565 356 4620 tutor
373 4581 409 4618 an
427 4577 492 4618 uero
510 4577 559 4633 pro
577 4569 668 4620 tutore
686 4568 731 4641 (cs.
744 4565 790 4636 §5
802 4565 981 4633 stlat.t3)?
1050 4568 1185 4638 ’firmant
1201 4567 1266 4621 Rs.-
1283 4581 1369 4636 quars
1386 4569 1433 4624 dd.

281 4692 446 4764 ilpupilli's'
465 4694 505 4748 sic
528 4694 565 4748 F*
622 4697 655 4752 15
677 4711 764 4768 proue
788 4696 974 4766 curatorellj
1027 4712 1090 4753 men
1167 4713 1221 4803 pro
1243 4699 1455 4755 8888881811·
1508 4701 1545 4756 24
1568 4717 1666 4758 seruos
1684 4703 1726 4758 F·

280 4779 331 4833 pro
352 4766 397 4820 uel
421 4769 546 4820 curatore
570 4766 621 4820 ind.
639 4769 673 4830 F,
700 4767 745 4822 uel
771 4783 821 4837 pro
849 4773 974 4823 curatore
1027 4771 1062 4823 36
1075 4769 1166 4824 a*u⁴F
1219 4769 1254 4824 37
1267 4769 1341 4840 quia]
1354 4769 1724 4838 F’QEIchmle'errerbir

282 4837 334 4888 lad.
348 4835 427 4901 PW,
446 4837 489 4892 uel
508 4841 632 4892 curatore
649 4838 697 4902 10,
739 4841 930 4894 recuratoreuc
947 4838 976 4894 E
1027 4839 1156 4902 ιιιιτεῨωιι
1174 4837 1270 4902 tarsos
1289 4842 1353 4896 cissr
1369 4839 1657 4915 ὲιιιτροιιοιιιιῴιιιιοε),
1676 4846 1725 4915 qui

281 4906 315 4959 21
328 4907 417 4976 possit
480 4923 612 4964 ueronon
627 4909 702 4963 181
756 4911 974 4980 (postertonlaco
1027 4910 1110 4965 F¹W
1157 4911 1194 4966 40
1211 4909 1339 4982 atti'n‘git
1356 4913 1406 4967 1⁸²:
1429 4912 1464 4968 sui
1484 4911 1570 4978 ιἰγιτο
1587 4915 1638 4972 BS
1656 4915 1725 4986 (ιιι.)

281 4973 334 5030 luit
348 4997 398 5048 pro
417 4975 499 5034 luent
522 4985 546 5034 ιι
563 4984 628 5036 tuuc
642 4998 694 5052 pro
712 4979 753 5034 sic
777 4979 826 5047 W)
881 4981 916 5036 22
934 4987 974 5036 ta-
1027 4981 1062 5038 41
1075 4981 1227 5040 *hacteuus
1244 4981 1281 5036 F⁸
