3734 5578
166 265 504 316 srnrumuausunrue
520 265 655 315 nouum
836 241 923 322 743
1306 249 1395 318 XXV
1415 253 1436 319 5
1454 261 1472 314 ι
1490 288 1523 298 -
1543 253 1599 320 61

165 406 367 476 possessionem
384 405 540 460 uenientem
565 420 619 460 nou
641 404 781 476 prohibet,
805 405 854 460 sed
877 421 949 476 qnae
972 407 1212 464 circumscribendi
1235 407 1349 464 alicuius
1372 424 1457 464 causa
1479 410 1550 465 clam
1572 414 1601 465 ιι

136 505 146 548 1
165 509 214 565 per
232 494 369 564 quandam
388 494 615 550 machinationem
634 495 663 550 in
680 495 883 564 possessiouem
900 495 1065 551 introducet.
1102 495 1131 552 Si
1150 501 1179 552 et
1195 497 1282 566 patris
1300 503 1329 552 ct
1345 495 1417 552 filiae
1436 496 1538 553 factum
1557 513 1599 552 ar-

165 587 279 652 guetur,
303 584 331 637 in
350 583 465 638 alterum
489 599 569 654 quem
589 589 666 640 actor
683 585 750 639 uelit
767 583 907 640 reddenda
925 588 968 640 est
985 585 1066 640 actio.
1093 585 1158 656 quia
1175 585 1204 641 iu
1222 586 1250 640 id
1268 585 1342 656 quod
1360 587 1469 656 agentis
1486 587 1600 642 interest

165 671 259 740 detrun,
282 670 358 741 ideo,
382 671 407 726 si
429 672 457 726 id
479 672 554 741 quod
578 673 603 728 ei
626 672 706 728 abest
729 672 764 727 ab
788 687 822 728 eo
840 673 887 742 qni
905 673 933 727 iu
951 677 1103 742 potestate¹
1123 677 1167 730 est
1185 675 1290 730 seruari
1303 676 1403 745 possit,
1421 681 1529 746 praeter
1547 671 1598 759 [(ἰ)

165 767 291 830 sumptus
309 761 364 816 litis
382 775 467 816 causa
484 760 574 818 factos
591 763 694 818 inutilis
712 762 765 818 erit
782 762 808 816 el
825 760 894 816 haec
912 761 992 818 actio.
1617 771 1631 814 ι

162 1095 200 1174 lt
228 1095 270 1172 SI
287 1095 464 1172 MULIER
487 1094 689 1172 UENTRIS
714 958 967 1170 Noffllgffl
991 1095 1303 1174 POSSESSIONE
1326 1094 1598 1174 OALUMNIAE

580 1219 736 1296 CAUSA
760 1218 876 1296 ESSE
904 1219 1112 1296 DICETUR
1150 1223 1188 1299 ll

127 1389 141 1444 1
217 1385 368 1441 Unerauus
389 1383 458 1440 libro
481 1385 622 1454 trigesimo
641 1389 738 1454 quarto
756 1383 792 1440 ad
811 1383 940 1440 edictum.
977 1383 1007 1440 Si
1025 1385 1060 1440 de
1077 1401 1140 1456 pos·
1172 1397 1198 1444 e.
1212 1398 1285 1452 aue,
1301 1382 1390 1443 fes.
1404 1399 1441 1452 ιι,
1455 1399 1476 1452 ι,
1493 1399 1506 1443 ι
1523 1395 1639 1449 nehus

161 1476 285 1530 sessione
304 1475 408 1530 ιιιιιιιιι
426 1474 535 1530 nornine
553 1477 701 1543 quaeratur
718 1478 747 1528 et
763 1471 903 1528 deferente
921 1472 1021 1529 herede
1040 1475 1136 1530 mulier
1147 1461 1282 1530 iurauerit
1284 1461 1598 1545 prmindtmnffisq
1618 1491 1647 1530 no

161 1564 328 1618 seruandum
347 1568 390 1618 ost
408 1563 595 1618 iusiurandum
619 1578 670 1618 nec
687 1562 825 1618 tenebitur
843 1563 952 1631 mulier,
976 1563 1055 1632 quasi
1072 1563 1224 1618 calumniae
1242 1578 1328 1618 causa
1345 1561 1427 1618 fuerit
1444 1565 1472 1618 in
1490 1579 1598 1634 posses·

161 1653 267 1708 sionem
286 1653 383 1722 missa,
407 1667 458 1706 nce
477 1653 519 1707 ιιιι
537 1650 706 1708 olfacienda
724 1656 768 1706 est
783 1656 848 1721 post
865 1649 1061 1706 iusiurandum.
1089 1652 1114 1706 ιι
1135 1657 1228 1708 tamen
1245 1652 1364 1722 peperit,
1388 1657 1535 1722 quaeretur
1551 1667 1598 1707 ue·

161 1741 244 1810 ritae,
264 1741 274 1810 ΙΙ
295 1757 331 1796 ιιι
348 1755 383 1796 ex
401 1755 434 1796 eo
451 1755 588 1810 praegnas
611 1740 705 1796 fuerit:
729 1741 807 1796 alteri
831 1740 904 1794 euim
928 1753 979 1794 nec
1001 1739 1115 1808 prodest
1136 1755 1188 1796 uec
1212 1745 1294 1796 uocet
1316 1740 1506 1796 iusiurandum
1527 1741 1599 1795 inter
1616 1747 1689 1796 teet

129 1841 140 1886 1
160 1831 230 1886 alios
248 1828 360 1898 factum,
379 1845 430 1885 neo
442 1833 534 1900 partui
545 1829 629 1898 igitur
641 1828 775 1886 nocebit¹.
811 1830 848 1884 Et
865 1829 917 1884 boc
934 1829 1055 1884 edictum
1074 1843 1109 1884 ex
1126 1829 1223 1885 eadem
1241 1845 1326 1886 cauea
1337 1828 1525 1900 proficiscitur,
1544 1844 1599 1898 qua

161 1919 303 1990 superius:
328 1917 412 1973 debet
429 1919 501 1974 cuim
518 1923 636 1988 praetor,
655 1918 885 1987 quemcdmodum
903 1916 991 1972 facilis
1009 1921 1053 1972 ιιι
1069 1917 1143 1974 circa
1159 1917 1294 1975 bonorum
1312 1919 1513 1990 possessiouem
1532 1919 1599 1974 dan·
1618 1930 1647 1971 ιι

128 2009 225 2064 adam
246 2009 352 2064 nrulieri
370 2007 474 2062 uentris
491 2007 609 2076 nomino,
627 2007 667 2062 ita
684 2008 846 2062 calumniam
860 2007 919 2064 eius
931 2007 1092 2076 impunitam
1107 2023 1162 2063 uon
1174 2008 1334 2078 relinquero.
1370 2009 1598 2064 Percalumuiam

160 2104 253 2153 autern
272 2098 301 2152 iu
318 2096 492 2166 possessione
509 2093 595 2152 fuisse
613 2096 729 2166 uidetur,
747 2111 819 2166 quae
837 2095 926 2151 aciens
943 2095 1119 2166 prudensque
1137 2111 1167 2151 ee
1180 2102 1358 2166 praegnatem
1372 2113 1426 2153 nou
1438 2113 1500 2153 esse
1513 2097 1599 2153 uoluit

128 2198 141 2244 ι
160 2188 189 2242 iu
208 2187 410 2257 possessiouem
428 2185 530 2240 uenire.
567 2185 645 2240 Hauc
663 2189 755 2240 autem
773 2186 909 2240 actionem
928 2189 1038 2255 praetor
1054 2186 1127 2240 iutra
1138 2201 1238 2241 annum
1251 2187 1345 2241 utilem
1358 2187 1509 2256 pollicetur,
1527 2187 1599 2242 ultra

126 2288 230 2344 enon,
254 2275 383 2331 uidelicet
399 2275 479 2343 quasi
495 2274 648 2344 poenalem.
684 2272 771 2330 Simili
788 2279 879 2329 autem
899 2273 981 2330 modo
999 2279 1028 2330 et
1045 2273 1089 2329 hio
1109 2275 1205 2344 quanti
1223 2277 1331 2345 agentis
1349 2274 1472 2332 interfuit
1489 2281 1599 2346 praetor

128 2365 299 2422 sectionem
324 2365 474 2434 pollicetur.
509 2364 542 2419 ln
565 2367 707 2433 parentem
731 2363 814 2418 etiam
837 2366 948 2434 praetor
971 2364 1107 2418 actionem
1131 2364 1287 2434 pollicetur,
1311 2364 1439 2421 simodo
1462 2380 1512 2436 per
1530 2353 1598 2440 [ιιξι
1618 2377 1647 2417 ιι

128 2467 225 2512 ceum
249 2451 352 2508 factum
377 2454 426 2523 sit,
449 2458 481 2508 ut
503 2453 531 2508 in
549 2453 752 2523 possessionem
773 2467 824 2523 per
846 2451 1008 2506 calumniam
1033 2453 1148 2508 ueniret
1185 2451 1324 2523 Competit
1346 2459 1438 2510 autem
1460 2453 1528 2510 baec
1547 2451 1598 2538 [(ι)

160 2543 234 2598 actio
253 2543 291 2612 ei,
317 2543 395 2598 cuius
413 2540 537 2597 interfuit
553 2541 582 2597 in
598 2541 801 2612 possessionem
819 2541 931 2596 missam
954 2555 1009 2596 nou
1031 2555 1106 2596 esse:
1130 2546 1163 2597 ut
1183 2547 1251 2612 puta
1269 2543 1313 2598 uel
1332 2542 1458 2600 coheredi
1476 2545 1599 2613 speranti

159 2637 279 2704 partum,
298 2632 343 2686 uel
361 2639 385 2686 ιι
402 2631 449 2701 qui
467 2630 633 2686 substitutus
651 2629 717 2700 fuit,
740 2631 786 2686 uel
804 2630 852 2700 qui
869 2628 904 2684 ab
922 2629 1064 2700 intestato,
1087 2629 1111 2684 ei
1128 2634 1224 2700 partus
1242 2646 1297 2686 non
1315 2629 1426 2701 fuisset,
1450 2633 1598 2688 succedere

128 2735 142 2780 7
159 2721 260 2792 potuit.
295 2721 433 2776 interesse
451 2725 544 2775 autern
561 2719 672 2780 uidetur
689 2720 807 2790 primurn
825 2717 860 2774 de
879 2718 1023 2788 alimentis,
1041 2731 1113 2788 qnae
1131 2718 1159 2772 in
1177 2725 1300 2775 uentrem
1320 2726 1385 2776 suut
1402 2727 1529 2792 erogata:
1548 2738 1600 2779 uec

159 2811 234 2865 enim
253 2809 321 2864 alias
339 2809 407 2864 baec
424 2815 599 2880 repetuntur,
617 2809 670 2864 uisi
687 2825 735 2879 per
753 2807 917 2863 calumniam
934 2807 962 2862 in
980 2807 1182 2876 possessiouem
1200 2809 1291 2864 uenit:
1309 2815 1431 2865 ceterum
1450 2812 1473 2866 si
1490 2827 1535 2866 res
1553 2827 1598 2868 ca·
1616 2820 1646 2861 ιι

128 2899 265 2958 alumnia
282 2904 364 2968 caret,
383 2898 448 2954 nihil
466 2897 618 2970 praestabit
635 2899 740 2968 mulier,
759 2913 828 2966 quae
845 2896 904 2952 siue
923 2911 1008 2950 causa
1026 2896 1081 2950 elta
1099 2903 1142 2952 ιιι
1154 2896 1206 2952 ιιι
1218 2902 1364 2968 praetextu
1376 2899 1488 2955 uentris.
1525 2901 1597 2956 Non·

159 3003 310 3057 numquam
329 2986 475 3057 augebitur
492 2987 566 3057 quod
583 2987 711 3056 interest,
736 2987 759 3042 ιι
777 2985 839 3056 quis
856 2982 928 3040 forte
952 2983 1095 3055 dubitans,
1118 3001 1154 3040 an
1174 3001 1313 3057 praegnas
1336 2989 1386 3057 sit,
1410 2988 1538 3043 exclusus
1562 2989 1598 3044 sit

159 3076 343 3132 hereditate⁸r
362 3092 425 3131 nam
443 3075 537 3130 heredi
554 3076 614 3131 eius
632 3076 679 3145 qui
696 3076 825 3131 exclusus
843 3080 886 3130 est
900 3073 1019 3130 dandam
1030 3074 1102 3130 hanc
1114 3076 1250 3130 actionem
1263 3075 1383 3132 lulianus
1396 3078 1443 3147 ait,
1461 3077 1596 3147 siquidem

158 3167 222 3221 eius
239 3181 348 3236 quoque
366 3162 489 3220 interfuit
506 3179 562 3219 uon
579 3162 665 3218 fuisse
683 3165 835 3220 calumniae
853 3179 937 3218 cause
954 3163 983 3218 in
1000 3165 1177 3232 possessione
1195 3164 1341 3236 mulierem,
1360 3166 1488 3236 quiahoc
1501 3168 1524 3222 si
1541 3183 1597 3223 non

158 3253 271 3323 fuisset,
297 3254 424 3310 adeundo
442 3253 620 3310 hereditatem
639 3253 782 3308 institutus
806 3251 898 3308 heredi
921 3267 971 3307 euo
993 3253 1198 3323 locupletiorem
1221 3252 1401 3310 hereditatem
1420 3271 1499 3312 suam
1517 3256 1596 3312 relin·
1615 3267 1644 3308 ιι

66 3375 73 3392 ·
158 3349 265 3414 queret
294 3344 343 3398 sed
362 3349 391 3398 et
409 3343 460 3399 hoc
477 3343 627 3412 imputetur
645 3341 764 3411 mulieri,
789 3341 863 3410 quod
887 3341 1028 3396 deminuta
1048 3346 1113 3398 suut
1130 3342 1216 3396 multa
1233 3343 1262 3398 in
1280 3342 1443 3414 hereditate,
1468 3344 1534 3398 dum
1552 3344 1596 3402 hic

126 3447 140 3492 e
158 3433 390 3504 contemplatione
408 3432 512 3487 uentris
531 3447 585 3486 uon
604 3431 697 3499 attigit
714 3429 902 3486 hereditatem.
938 3429 1015 3485 ldem
1028 3429 1149 3484 lulianus
1161 3429 1230 3486 libro
1242 3431 1349 3488 decimo
1368 3447 1440 3488 nono
1459 3421 1596 3509 [ιιι-ᾗῇ

158 3523 329 3591 digestorum
354 3521 394 3576 sic
414 3521 466 3576 ait:
491 3520 515 3575 si
537 3519 703 3574 substitutus
726 3525 853 3576 manente
878 3521 990 3575 muliere
1013 3520 1041 3574 iu
1064 3520 1238 3590 possessione
1262 3520 1422 3593 decesserit,
1446 3522 1525 3578 heres
1544 3519 1595 3606 [(ιῑ)

113 3626 141 3671 ιι
159 3612 219 3666 eius
237 3611 334 3667 eadem
353 3611 460 3666 actione
478 3609 596 3678 pretium
615 3607 775 3668 hereditatis
789 3625 807 3664 a
820 3610 933 3665 muliere
945 3609 1046 3680 exiget
1082 3607 1138 3664 Sed
1151 3625 1186 3663 au
1198 3609 1334 3666 decedant
1346 3610 1438 3681 legata
1448 3597 1596 3682 ceteraque

159 3715 244 3755 onera
267 3700 438 3767 hereditatis,
466 3697 623 3752 uidendum.
654 3697 771 3752 etmihi
795 3698 905 3753 uidetur
928 3713 1010 3767 posse
1034 3697 1087 3754 dici
1109 3698 1256 3767 legatarios
1279 3701 1370 3770 potius
1394 3716 1456 3756 cum
1481 3701 1594 3757 muliere
1613 3713 1643 3754 ιι

112 3803 139 3848 11
158 3804 258 3844 muros
275 3789 327 3843 hac
345 3787 461 3855 actione,
479 3787 545 3856 quin
562 3791 591 3842 et
608 3787 729 3856 ipsorum
747 3785 871 3842 interfuit
887 3785 956 3841 adiri
973 3785 1162 3842 hereditatem.
1193 3788 1327 3844 Libertats¹
1339 3791 1418 3860 plane
1431 3789 1595 3846 subuenien-

158 3879 225 3932 dum
244 3877 296 3932 erit
313 3875 446 3930 aduerms
464 3889 535 3944 eum,
554 3875 601 3943 qui
618 3881 731 3946 propter
748 3874 928 3931 hereditatem
946 3875 998 3930 hac
1016 3875 1124 3932 actione
1143 3877 1214 3948 egit,
1233 3878 1337 3933 scillcet
1353 3884 1386 3934 ut
1403 3877 1594 3934 fideicommis-

158 3967 246 4022 sariae
264 3971 379 4034 cogetur
396 3965 420 4018 is
437 3967 590 4034 praestare,
614 3964 661 4033 qui
679 3964 796 4034 pretium
814 3965 908 4034 utique
931 3964 1014 4020 etiam
1032 3979 1127 4020 eorum
1145 3966 1333 4036 consequitur:
1358 3967 1408 4022 sed
1431 3973 1460 4023 et
1483 3967 1594 4024 directis

113 4071 141 4114 ιι
158 4055 241 4110 credo
253 4061 408 4124 praetorem
421 4067 579 4108 succurrere
591 4057 725 4122 oportere,
738 4059 770 4108 ut
780 4053 936 4109 interuentu
945 4068 996 4108 suo
1008 4058 1119 4110 tueatur
1127 4069 1220 4110 eorum
1232 4055 1395 4111 libertatem.
1414 4055 1443 4112 Si
1456 4051 1593 4134 [maij]

158 4145 238 4200 dolus
255 4141 327 4198 filiae
345 4141 462 4197 familias
479 4142 656 4198 interueuerit
673 4147 701 4198 ιι
718 4143 856 4212 particeps
874 4140 930 4197 doli
946 4139 1030 4198 fuerit
1045 4147 1132 4215 pater,
1151 4159 1201 4200 ιιιο
1220 4145 1329 4200 nornine
1346 4131 1592 4202 tenebitur—”⁸
1613 4157 1641 4199 so

158 4249 307 4319 FfDElO)

160 4392 361 4463 *possessione
380 4390 491 4458 (Drm‘l
561 4390 701 4446 ¹nocebit
722 4392 768 4446 det
839 4391 957 4447 ⁸morte
975 4401 1022 4447 ιιι.

158 4535 258 4588 dest
272 4533 344 4588 actio
359 4531 439 4587 'nihil'
454 4533 518 4601 quia
540 4530 578 4584 ps
630 4530 787 4588 dabbest
810 4534 848 4587 F’
902 4534 935 4588 18
953 4533 1042 4589 *hunc
1061 4534 1098 4588 Ρ
1152 4533 1187 4588 23
1205 4533 1238 4603 ιι]
1256 4533 1329 4599 Beel,
1347 4535 1371 4590 ιι
1393 4535 1426 4599 F,
1449 4537 1475 4591 ei
1497 4535 1596 4591 DEIO

158 4603 273 4660 diaetis
292 4605 327 4658 F¹
374 4604 611 4673 'lpossessioueru
625 4605 675 4658 lod.
689 4606 715 4658 F
756 4606 848 4660 8eese
901 4607 935 4661 26
958 4605 1038 4674 quae]
1063 4605 1127 4670 1⁶0,
1154 4621 1209 4674 qua
1232 4606 1265 4670 F,
1292 4607 1370 4674 quasi
1393 4607 1475 4662 DEl⁰
1497 4609 1501 4674 Ι
1522 4606 1592 4662 sub*

158 4676 271 4744 dicetur]
285 4677 337 4741 FO,
356 4674 441 4730 fuisse
460 4675 566 4729 dicatur
579 4677 629 4728 tad.
644 4675 668 4726 F
675 4675 713 4740 D,
732 4691 793 4730 esse
808 4675 847 4730 di·
900 4683 1044 4747 praetextu
1057 4677 1095 4730 Ρ)
1147 4677 1181 4732 ιι
1201 4677 1237 4731 ιιι
1249 4675 1414 4732 'hereditatis
1431 4675 1503 4734 nam'
1515 4678 1592 4734 here·

158 4752 236 4802 catur
253 4748 297 4802 El
349 4749 381 4801 11
395 4746 600 4801 iusiurandum
612 4747 650 4799 F'
704 4747 737 4801 12
756 4748 849 4802 missa
901 4747 987 4802 ditate
1010 4765 1073 4803 nam
1096 4749 1134 4802 ι’
1192 4749 1227 4804 29
1250 4749 1363 4804 muliere
1389 4750 1415 4803 F
1462 4751 1497 4804 32
1519 4764 1592 4806 nouo

158 4827 217 4873 ιιι
235 4820 272 4873 F*
333 4819 367 4874 14
389 4819 555 4888 partuigitur
577 4817 622 4884 ΕΙ
642 4817 760 4887 ιιιιιιι]
786 4819 848 4880 cire
900 4818 1007 4874 decimo
1017 4821 1053 4873 ι’
1088 4820 1334 4888 33posseseionem
1345 4820 1435 4876 sollo
1468 4822 1503 4875 34
1516 4826 1591 4876 ente·

158 4889 228 4956 ιιιφ
247 4888 309 4951 cire
321 4891 360 4956 τῷ
377 4890 479 4956 τικετῷ
492 4889 659 4953 cubitalem·
675 4889 847 4953 ιιιγιιιίιετιι
901 4889 1001 4945 cedant
1019 4890 1056 4943 F·
1104 4891 1138 4946 36
1156 4891 1218 4962 hac]
1236 4891 1287 4948 hoc
1299 4893 1336 4946 F¹
1353 4894 1357 4959 Ι
1373 4892 1500 4960 libertati]
1514 4892 1590 4957 DIG,

160 4959 289 5032 ὸέτὲρογ
313 4960 391 5033 ὅρκοι
420 4963 445 5015 Β
469 4961 506 5028 (Τ
504 4964 580 5032 ipae.)
644 4961 676 5016 17
699 4968 788 5030 quae
810 4963 849 5014 ι’)
901 4961 1059 5018 hereditatis
1068 4962 1114 5028 1⁴⁹²,
1123 4962 1257 5020 libertatis
1266 4964 1312 5027 F’,
1330 4963 1417 5018 emb
1437 4962 1589 5019 tedoloffl
