3738 5548
928 251 1014 332 336
1262 277 1309 322 ne
1331 273 1685 323 musnnoonrroumus

744 1005 892 1080 LIBER
917 1006 1206 1082 minuemus.
1708 1021 1780 1072 tru'
1867 1030 1869 1051 ¹

261 1364 299 1442 e
337 1363 401 1440 os
432 1360 925 1439 ursneoonuouueus
956 1227 1004 1438 rlu
1030 1361 1140 1438 runs
1167 1357 1415 1437 ssomunrs
1430 1333 1504 1434 'ur
1531 1354 1693 1433 uren.
1711 1366 1799 1422 usn

643 1486 929 1565 eoonronus
956 1486 1239 1564 norroumus
1279 1486 1317 1564 re

226 1658 242 1714 1
316 1621 551 1718 Cermrsresrus
572 1660 641 1717 libro
663 1662 784 1717 seeundo
802 1661 885 1716 edieti
902 1661 1047 1717 monitorii.
1084 1662 1197 1717 Totiens
1219 1659 1298 1715 heros
1321 1659 1350 1714 in
1372 1657 1431 1713 iure
1453 1657 1535 1712 inter·
1555 1649 1695 1738 [Q
1712 1661 1749 1717 Ε·
1848 1675 1854 1685 ·

262 1750 401 1820 rogandus
424 1755 479 1820 est,
503 1766 558 1820 qna
582 1765 616 1805 ex
638 1757 716 1820 perte
734 1751 813 1806 beree
832 1752 881 1821 eit,
905 1751 1031 1820 quotiens
1050 1750 1182 1806 aduersus
1201 1764 1263 1804 enm
1282 1749 1353 1804 aetio
1370 1747 1521 1802 instituitur
1539 1751 1568 1800 et
1585 1743 1726 1798 dubitate

262 1843 346 1909 sotor,
364 1855 420 1909 qua
437 1855 472 1894 ex
489 1845 566 1908 parte
584 1839 616 1910 is,
636 1855 698 1895 eum
716 1855 771 1910 quo
789 1855 871 1910 egere
888 1841 963 1910 uelit,
982 1839 1060 1894 heres
1079 1841 1122 1894 sit
1150 1843 1193 1895 est
1210 1844 1302 1894 autem
1320 1837 1497 1906 interrogatio
1514 1838 1579 1889 tuno
1598 1848 1696 1888 neees-

262 1929 347 1998 saria,
366 1944 428 1983 eum
446 1929 475 1982 in
492 1943 635 1999 personam
653 1931 689 1984 eit
708 1930 779 1985 aetio
797 1930 893 1998 etita,
913 1929 935 1983 ei
954 1933 1057 1983 eertum
1075 1934 1193 2000 petetur,
1211 1943 1254 1998 ne,
1273 1927 1337 1983 dum
1356 1928 1464 1996 ignoret
1482 1929 1565 1994 antor,
1584 1936 1641 1992 qua
1659 1937 1695 1977 ex

262 2022 340 2087 parte
364 2017 538 2072 aduersarius
561 2016 691 2074 defuneto
712 2018 792 2074 heres
810 2019 958 2088 exstiterit,
982 2017 1119 2074 interdum
1136 2019 1199 2089 plus
1215 2016 1334 2086 petendo
1353 2014 1455 2084 aliquid
1472 2013 1565 2069 damni
1583 2013 1695 2067 sentiet

232 2113 243 2156 1
264 2107 481 2175 Interrogatoriis
505 2110 597 2161 autem
621 2108 773 2163 actionibus
796 2108 876 2163 hodie
900 2122 955 2162 non
977 2108 1092 2177 utimur,
1116 2108 1181 2178 quia
1202 2121 1284 2162 nemo
1305 2105 1411 2174 eogitur
1428 2108 1492 2159 ente
1510 2101 1642 2157 iudicium
1661 2101 1697 2156 de
1717 2113 1743 2154 ιο
1854 2102 1867 2140 “r

264 2209 314 2250 suo
331 2195 390 2249 inre
408 2195 511 2264 aliquid
527 2196 702 2266 respondere,
721 2196 838 2266 ideoque
856 2197 944 2252 minus
962 2197 1167 2268 frequentantur
1181 2201 1210 2252 et
1221 2197 1250 2251 in
1261 2194 1470 2251 desuetudinem
1483 2191 1616 2246 abierunt
1646 2189 1699 2246 sed
1852 2193 1867 2212 ”

263 2282 453 2338 tantummodo
477 2283 513 2338 ad
534 2283 709 2353 probationes
730 2286 914 2355 litigatoribus
936 2285 1076 2342 suffitiant
1098 2302 1144 2356 ee,
1172 2299 1242 2356 qnae
1265 2284 1300 2340 ab
1324 2284 1442 2339 eduense
1464 2287 1542 2352 parte
1564 2293 1699 2350 expresse

264 2370 365 2428 fuerint
383 2371 457 2442 apud
474 2371 579 2429 iudiees
597 2374 640 2428 nel
658 2375 687 2429 in
703 2373 900 2430 hereditatibus
916 2375 962 2430 uel
980 2375 1008 2429 in
1026 2375 1086 2429 eliis
1104 2373 1194 2444 rebus,
1213 2388 1283 2444 quae
1301 2373 1329 2428 in
1347 2372 1437 2427 tausis
1455 2375 1606 2426 uertuntur.

228 2458 246 2515 2
318 2461 469 2517 Urr’muus
485 2459 554 2517 libro
571 2463 721 2520 uicensimo
739 2464 861 2520 seeundo
879 2464 914 2519 sd
932 2463 1061 2519 edietum.
1087 2463 1214 2519 Edictum
1232 2462 1267 2517 de
1280 2459 1538 2531 interrogationibus
1557 2449 1701 2542 [Q
1719 2464 1745 2520 E
1845 2451 1864 2500 ’ἴ

264 2550 327 2606 ideo
344 2555 453 2619 praetor
469 2551 624 2622 proposuit,
644 2553 708 2622 quia
725 2552 830 2609 sciebat
848 2552 956 2608 difficile
975 2569 1036 2609 esse
1054 2553 1093 2624 ei,
1112 2553 1159 2624 qui
1176 2551 1303 2607 heredem
1322 2550 1490 2607 honorumue
1507 2563 1701 2620 possessorem
1721 2563 1747 2601 rs
1845 2545 1866 2568 “·

265 2639 400 2708 eonuenit,
418 2639 533 2710 probsre
551 2641 669 2711 aliquem
687 2655 748 2696 esse
765 2640 893 2697 heredem
911 2641 1079 2698 bonornme
1097 2657 1291 2712 possessorem,
1846 2638 1864 2658 '⁸

228 2725 246 2784 3
316 2729 436 2785 Psuuus
455 2727 524 2785 libro
543 2731 659 2800 septimo
677 2729 784 2787 deeimo
801 2731 837 2787 ed
854 2731 983 2788 edietum.
1020 2733 1085 2804 quis
1100 2732 1260 2803 plerumque
1278 2727 1397 2786 diffieilis
1413 2727 1539 2800 probetio
1558 2719 1747 2811 QZ
1851 2744 1864 2780 ,·-

265 2817 357 2874 aditee
374 2817 533 2874 hereditatis
552 2823 602 2874 est.
1847 2819 1855 2858 ἔ

227 2904 247 2963 4
317 2907 469 2963 Utersuus
485 2907 554 2964 libro
570 2908 719 2964 nitemimo
732 2907 852 2966 seeundo
865 2908 1041 2966 edediotum.
1068 2907 1540 2980 Uoluitpreetoredstringereeum
1559 2897 1703 2988 Q
1721 2914 1749 2970 Ε
1850 2895 1859 2952 ὲ

265 2996 312 3067 qni
330 2996 490 3051 oonuenitur
508 3011 542 3052 ex
560 3012 611 3053 sna
627 2997 656 3052 in
672 2998 773 3054 iudieio
791 2999 976 3070 responsione,
994 3005 1026 3054 ut
1043 2999 1087 3053 nel
1105 2997 1260 3055 confitendo
1277 2998 1322 3053 uel
1341 2995 1498 3052 mentiendo
1516 3009 1577 3050 sese
1595 2997 1702 3063 oneret,
1722 3011 1750 3051 se
1847 3005 1855 3037 ⁴
1865 2999 1867 3025 ³

232 3094 245 3139 ι
265 3085 346 3160 simul
363 3085 445 3140 etiem
463 3085 603 3156 portionis,
623 3100 673 3155 pro
690 3102 746 3157 que
762 3088 877 3158 quisque
894 3087 974 3143 heres
992 3087 1089 3158 extitit,
1108 3103 1143 3143 es
1160 3087 1372 3158 interrogatione
1391 3086 1551 3141 certioretur
1559 3085 1578 3138 ¹.
1617 3081 1704 3148 Quod
1853 3093 1857 3102 ⁴

265 3175 305 3229 sit
327 3179 449 3244 preetor:
468 3174 522 3245 ‘qui
543 3174 572 3230 in
593 3174 652 3230 iure
674 3175 858 3246 interrogatus
881 3176 1058 3247 responderit'
1081 3177 1121 3233 sie
1144 3176 1333 3247 eoeipiendnm
1355 3180 1399 3232 est
1421 3174 1496 3245 apud
1518 3171 1704 3241 magistratus

264 3263 359 3333 populi
376 3263 492 3319 Romani
513 3264 557 3318 uel
580 3264 721 3334 praesides
743 3267 944 3336 prouineiarum
968 3267 1012 3322 nel
1036 3266 1103 3322 alios
1126 3267 1245 3322 inditos:
1268 3266 1312 3321 ius
1330 3264 1401 3320 enim
1420 3279 1482 3318 eum
1501 3263 1589 3318 solum
1606 3260 1703 3316 loonm
1853 3303 1860 3315 ,

265 3351 335 3423 es'se,
353 3351 401 3407 ubi
418 3353 485 3408 iuris
503 3352 611 3408 dieendi
629 3354 673 3408 uel
691 3353 829 3410 indicendi
846 3356 935 3426 gretie
952 3355 1092 3425 consistat,
1111 3355 1156 3410 uel
1174 3356 1198 3411 si
1216 3355 1290 3411 domi
1308 3355 1353 3410 nel
1371 3355 1467 3410 itinere
1485 3351 1537 3408 hoo
1555 3353 1629 3419 egat
1723 3367 1752 3408 ιι
1868 3408 1869 3411 ,

228 3439 248 3498 5
319 3440 413 3498 Gerus
429 3441 498 3498 libro
515 3443 597 3498 tertio
614 3443 650 3498 ed
664 3443 783 3498 edietum
795 3444 969 3514 pronineisle.
1000 3443 1051 3510 Qui
1063 3445 1254 3515 interrogatur,
1272 3442 1399 3499 anheres
1417 3433 1705 3526 [fflffffl
1723 3451 1762 3506 Ε·
1846 3459 1852 3484 ι

267 3531 312 3586 uel
330 3535 416 3602 quota
432 3546 467 3587 ex
484 3535 562 3601 perte
580 3531 616 3586 sit
633 3532 678 3587 uel
696 3548 731 3587 an
748 3533 777 3589 in
793 3537 932 3602 potestate
949 3532 1050 3588 babeat
1067 3549 1138 3604 eum,
1157 3535 1235 3591 ouius
1252 3533 1361 3588 nomine
1379 3533 1470 3588 noxali
1487 3531 1586 3586 indicio
1598 3531 1704 3601 agitur,

266 3619 302 3674 ad
319 3619 524 3676 deliberandum
540 3624 650 3690 tempus
668 3621 813 3692 impetrare
831 3621 927 3694 debet,
951 3623 1029 3694 quie,
1052 3623 1077 3678 si
1093 3638 1236 3696 perperam
1254 3620 1396 3678 eonfessus
1414 3619 1507 3692 fuerit,
1525 3619 1704 3676 ineommedo

265 3705 403 3764 adficitur:
772 3715 775 3722 '

230 3795 248 3853 6
318 3797 469 3855 Uurrsrrus
485 3797 554 3855 libro
572 3797 723 3854 nitensimo
741 3799 861 3856 meuudo
879 3800 915 3855 ad
933 3799 1063 3856 edietum.
1096 3805 1125 3857 et
1142 3800 1207 3870 quis
1223 3797 1277 3856 hoo
1294 3797 1485 3856 defunctorum
1503 3798 1543 3853 in·
1560 3791 1705 3881 [Βῖιῐζὲ
1722 3807 1751 3865 Ε
1852 3871 1858 3880 ⁸

265 3889 364 3957 terest,
382 3891 414 3942 ut
430 3887 550 3943 habeant
567 3901 749 3960 subsessores,
766 3889 881 3944 interest
898 3895 927 3944 et
943 3890 1103 3960 uiuentium,
1122 3905 1157 3945 ne
1174 3889 1394 3959 praeeipitentur,
1413 3887 1543 3959 quamdiu
1560 3887 1633 3942 iuste
1653 3887 1704 3942 de-
1724 3904 1754 3944 ιο
1848 3886 1864 3960 ἥ

218 3983 247 4050 ¹1
264 3973 389 4031 liberant
425 3977 566 4032 Interdum
585 3977 769 4048 interrogatus
787 3978 863 4048 quis,
888 3994 924 4033 an
940 3977 1019 4034 heres
1038 3979 1086 4049 sit,
1110 3993 1165 4034 non
1183 3979 1290 4048 tegitur
1307 3977 1486 4048 respondere,
1510 3980 1541 4031 ut
1560 3971 1705 4060 [Q

265 4068 333 4133 puta
356 4064 379 4120 si
402 4067 615 4122 eontrouersiem
637 4065 796 4122 hereditatis
819 4065 854 4123 ab
877 4067 930 4123 alio
953 4066 1087 4137 patiatur:
1112 4068 1197 4123 etita
1213 4068 1295 4124 diuus
1312 4067 1467 4124 Hadrianus
1486 4065 1640 4136 constiutit,
1666 4081 1705 4122 ue

265 4169 447 4244 F[P(V11U)]

267 4321 276 4356 ¹
295 4321 490 4378 nertioremuri

266 4470 338 4541 eet]
357 4471 386 4536 E
405 4475 432 4526 et
449 4471 485 4526 de
503 4474 672 4529 snum&
691 4475 748 4546 περὶ
763 4473 954 4547 &reportetur
1006 4475 1083 4530 xxnii
1099 4475 1128 4530 P
1168 4476 1204 4530 20
1221 4481 1317 4530 oneret
1334 4474 1463 4548 Herus)
1507 4475 1541 4528 22
1557 4473 1707 4542 respondit

267 4541 598 4614 ...ssiiureneperrr'rcemc
612 4547 805 4616 upexosr'cucB
841 4545 953 4617 'iqua'e'
1011 4546 1068 4612 VL,
1082 4547 1101 4596 f
1111 4547 1201 4611 [Line.
1211 4547 1253 4600 1²⁶
1285 4547 1320 4601 23
1333 4547 1377 4600 uel
1387 4545 1619 4615 praesides·..24
1632 4545 1705 4599 iuris

266 4629 301 4670 ex
318 4615 364 4678 Ρ,
386 4629 437 4683 qu·
454 4629 488 4669 ex
506 4615 543 4667 L·
562 4617 567 4682 Ι
588 4615 621 4686 is]
645 4617 688 4672 bis
710 4619 736 4671 F
749 4620 853 4688 (ems)
874 4621 878 4686 Ι
900 4632 954 4687 quo
1007 4615 1116 4672 dicendi
1134 4636 1182 4672 oei.
1197 4618 1228 4681 V,
1247 4626 1295 4672 ine.
1309 4617 1349 4670 P·
1402 4615 1437 4670 24
1458 4617 1487 4671 in
1510 4616 1604 4670 itinere
1624 4615 1707 4670 PLU

265 4686 375 4750 om.P·,
393 4685 829 4756 istumquoagereuelitom.L
864 4693 953 4760 Sper·
1007 4688 1268 4744 etedliberendum
1277 4687 1354 4742 ΡΨ·
1368 4689 1373 4755 Ι
1389 4686 1579 4742 eomiessusF
1610 4687 1655 4740 '30
1669 4691 1705 4741 ut

265 4772 334 4813 sons
349 4757 402 4812 FU
453 4759 486 4811 ll
509 4758 634 4828 adeoque
651 4760 679 4812 F
691 4766 748 4818 iem.
781 4765 804 4827 t:
829 4759 892 4816 iesu
916 4760 954 4815 sic
1007 4758 1070 4815 hab.
1083 4775 1157 4815 suen.
1174 4761 1288 4815 interest
1304 4761 1344 4814 tte
1362 4761 1409 4812 F*
1431 4761 1435 4827 Ι
1457 4758 1706 4828 praecipiterentur

264 4825 419 4892 torniense
437 4825 555 4884 terreos
574 4831 622 4884 BS
676 4833 710 4886 12
785 4833 882 4886 om.F¹
898 4835 903 4900 1
919 4831 954 4887 ab
1011 4831 1055 4896 V⁶,
1083 4831 1327 4901 praecipitarentur
1349 4828 1413 4884 ΡΨ
1437 4833 1442 4898 Ι
1468 4829 1607 4900 quemdiu]
1633 4830 1706 4896 quin

266 4901 402 4955 ornP0U·
446 4900 481 4956 13
499 4901 663 4970 uelinber,]
683 4904 759 4957 utin
777 4902 832 4958 her.
851 4902 959 4958 PVLU
1008 4901 1108 4957 diuP·
1152 4904 1186 4958 31
1205 4902 1387 4972 ronengitur]
1407 4917 1460 4956 non
1473 4898 1704 4970 eogeturP‘VL,

266 4971 300 5025 1⁵
317 4970 495 5044 honorumue]
507 4972 640 5029 bonorum
658 4973 688 5038 V,
707 4982 754 5028 ine.
768 4974 809 5027 P·
844 4977 877 5030 16
892 4990 954 5030 eon·
1007 4975 1053 5028 uel
1070 4974 1206 5044 eogitetur
1223 4976 1264 5029 P·
1279 4975 1283 5041 Ι
1299 4973 1472 5043 responderit
1487 4973 1525 5026 F‘
1576 4973 1611 5026 32
1628 4971 1702 5040 peti·

265 5042 342 5097 uenit
430 5059 618 5115 possessorem
640 5063 688 5100 om.
704 5043 774 5100 ΡΨ
830 5047 864 5102 17
887 5047 955 5102 libro
1008 5050 1054 5101 tur
1070 5045 1194 5115 PVuvr
1210 5045 1266 5101 diu.
1279 5051 1366 5102 oonst
1379 5044 1437 5100 adr.
1455 5043 1511 5100 PV
