3696 5568
958 270 1077 340 LXXX

301 463 372 518 quae
390 447 527 519 philologo
545 447 706 519 probaretur
724 461 778 502 non
796 447 957 518 reciperent,
976 448 1094 503 maxime
1106 451 1217 517 proptor
1229 446 1464 516 interpolationem
1480 448 1555 503 nulla
1572 452 1631 503 arte
1649 448 1732 504 elimi-

302 553 428 626 nandam,
447 554 482 610 de
501 553 637 610 sentemia
648 559 741 610 tamen
758 554 878 610 anoton-is
895 554 924 610 in
941 554 1099 610 uniuersum
1118 554 1186 610 sabs
1198 559 1343 625 constaret,
1363 553 1496 624 adscripsi
1507 554 1536 609 in
1548 553 1733 625 adnotatione,

301 661 366 732 qnid
386 661 421 717 ad
439 662 540 717 iustam
559 661 723 718 sententiam
740 659 912 717 efficiendam
931 661 1031 732 requiri
1049 662 1197 731 uideretur,
1216 661 1301 719 uerba
1319 678 1373 719 non
1391 666 1544 734 praestans.

353 768 411 824 lam
430 767 514 839 igitur
531 783 547 824 e
565 767 691 824 manibus
709 768 844 824 mittenda
862 773 926 824 sunt
944 768 1082 824 uolumina
1099 767 1176 840 haee,
1194 784 1309 840 quornm
1328 771 1404 841 prius
1416 769 1461 825 edi
1473 773 1600 840 ooeptum
1613 772 1732 824 estuare

301 875 365 932 anni
383 876 461 947 1866,
481 873 634 932 absolutum
652 880 716 946 post
733 873 881 946 biennium,
899 875 1014 931 alterum
1033 890 1095 931 oum
1113 877 1202 947 operis
1220 875 1389 948 praefatione
1407 876 1460 932 iam
1478 873 1631 946 perfeetum
1648 876 1732 930 leoto-

300 981 376 1038 ribns
393 982 518 1039 traditur.
545 997 639 1040 sorum
658 986 763 1052 antem,
782 979 881 1052 quibus
899 997 934 1038 ea
950 983 1084 1054 inseripsi,
1103 983 1180 1039 alteri
1199 984 1253 1040 iam
1273 983 1344 1040 tradi
1361 999 1416 1039 non
1434 988 1565 1053 possunt:
1584 998 1646 1039 nam
1666 981 1731 1037 dum

300 1087 441 1146 Rudorilio
457 1091 594 1161 timemus,
613 1088 774 1160 Boeolringii
791 1088 891 1144 summi
909 1087 1004 1145 barum
1022 1090 1173 1146 litterarum
1189 1091 1300 1147 luminis
1312 1106 1406 1147 aarum
1419 1093 1503 1161 eaput
1514 1087 1594 1146 nobis
1606 1093 1730 1160 ereptum

300 1202 352 1279 opt.
378 1195 506 1268 fatigarit
526 1211 571 1253 me
593 1211 677 1268 saepe
699 1194 776 1253 labor
798 1196 926 1252 sexennis
950 1196 1096 1253 oontinuus
1117 1215 1172 1255 non
1195 1198 1336 1270 depositus
1358 1197 1411 1254 nisi
1433 1197 1597 1252 necessitate
1615 1199 1731 1266 nogento

299 1319 350 1374 psr
366 1301 529 1360 breuissima
551 1303 708 1360 interualla:
730 1303 782 1359 boo
805 1303 877 1359 enim
901 1318 1006 1359 meeum
1032 1305 1175 1376 constitui,
1200 1320 1261 1362 oum
1287 1306 1379 1377 coepi,
1402 1309 1433 1360 ut
1450 1302 1634 1376 perfioerernr.
1664 1301 1731 1358 iuris

301 1410 416 1467 Romani
434 1410 546 1483 studiis,
571 1410 671 1481 quibus
695 1410 909 1466 adnleseentiam
934 1410 1011 1482 dedi,
1035 1419 1178 1483 aooeptum
1196 1410 1285 1469 refero
1302 1412 1436 1483 quidquid
1458 1412 1486 1467 in
1503 1411 1601 1467 litteris
1618 1407 1731 1481 proieoi,

299 1516 428 1587 doluique
451 1516 486 1572 ad
509 1531 543 1574 ea
566 1517 606 1573 ita
628 1517 742 1587 reuerti,
767 1522 799 1572 nt
821 1517 895 1588 quod
918 1518 945 1574 in
967 1517 1002 1574 iis
1025 1518 1123 1576 studiis
1141 1520 1201 1591 ipse
1219 1520 1337 1576 mammo
1355 1533 1463 1590 semper
1480 1517 1663 1574 desiderarem
1681 1532 1730 1586 pn-

300 1621 447 1693 tabamque
463 1624 529 1680 item
548 1623 584 1680 ab
602 1624 662 1680 aliis
679 1623 843 1694 desiderari,
868 1639 930 1680 mea
953 1640 1037 1696 opera
1054 1627 1221 1698 expleretur,
1243 1627 1336 1698 itaque
1359 1624 1463 1684 laetum
1485 1631 1536 1682 est
1564 1625 1650 1681 multa
1669 1638 1731 1680 esse

300 1730 328 1786 in
350 1729 393 1785 his
413 1730 612 1802 uoluminibus,
637 1731 749 1802 quaesi
767 1747 840 1787 nuno
858 1731 968 1789 demum
986 1733 1022 1789 ad
1040 1749 1102 1790 eum
1121 1733 1242 1790 laborem
1260 1733 1434 1804 aooederem,
1459 1737 1565 1790 mumta
1581 1731 1731 1803 prodirent,

300 1835 427 1893 addenda
447 1837 649 1894 demonstrant:
671 1837 722 1894 sed
739 1853 858 1910 errores,
881 1854 952 1910 quos
970 1841 1131 1897 oommissos
1148 1856 1211 1898 esse
1227 1839 1319 1897 adhue
1335 1841 1470 1912 intellexi,
1494 1839 1590 1912 pausis
1608 1838 1731 1909 exeeptis

301 1945 360 2002 sius
379 1950 493 2001 naturae
511 1950 584 2016 sunt,
603 1949 635 2001 nt
652 1945 797 2002 utilitatem
815 1944 876 2002 libri
895 1960 949 2002 non
967 1948 1082 2004 multum
1100 1947 1270 2004 imminuant.
1303 1949 1384 2019 longe
1402 1947 1481 2019 plura
1498 1951 1579 2004 erunt
1595 1960 1667 2016 quae
1685 1945 1730 2000 alii

300 2053 348 2123 qui
364 2057 431 2108 sunt
447 2051 586 2122 futurique
604 2057 668 2108 sunt
685 2053 782 2109 mento
800 2051 1007 2125 improbabunt:
1030 2070 1111 2127 spero
1135 2059 1228 2112 tamen
1250 2053 1309 2112 iore
1334 2059 1366 2110 ut
1386 2053 1468 2110 iidem
1488 2053 1554 2109 mihi
1571 2057 1656 2110 testes
1675 2052 1731 2108 sint

300 2174 411 2230 operam
430 2175 475 2216 me
495 2159 523 2215 in
547 2158 661 2230 digestis
682 2160 910 2230 recognoscendis
927 2161 1030 2217 utiliter
1049 2163 1185 2233 posuisse.
1211 2162 1264 2219 boo
1282 2177 1335 2219 non
1354 2162 1450 2234 ignoro
1467 2177 1561 2218 ueram
1583 2159 1729 2216 utilitatem

299 2266 361 2324 libri
384 2266 504 2338 pendere
526 2265 562 2323 ab
585 2267 714 2323 uniuersa
735 2266 831 2324 borum
856 2267 1007 2324 studiorum
1027 2269 1200 2344 eondioione,
1223 2269 1341 2326 maxime
1361 2285 1378 2325 a
1395 2267 1467 2326 iolioi
1484 2269 1550 2324 iuris
1567 2266 1730 2339 prudentiae

299 2375 504 2445 litterarumque
521 2373 680 2430 Latinarum
698 2374 902 2446 eommunione‚
925 2391 996 2445 quae
1013 2375 1095 2433 bodie
1113 2377 1199 2448 iaoet,
1218 2391 1268 2433 neo
1285 2376 1338 2433 iuri
1357 2377 1444 2447 magis
1462 2391 1573 2447 operam
1592 2373 1660 2430 dant
1677 2373 1729 2429 La·

299 2481 356 2538 tine
380 2480 454 2537 dooti
477 2496 558 2552 quam
582 2480 648 2536 iuris
671 2480 820 2552 prudentes
837 2481 934 2538 Latine
958 2483 1057 2539 solunt.
1088 2488 1153 2540 sunt
1175 2483 1221 2554 qui
1245 2483 1310 2539 dnm
1332 2483 1396 2539 hoio
1420 2497 1498 2540 meae
1515 2497 1616 2554 operae
1633 2479 1730 2538 fauent

298 2592 399 2661 putant
420 2586 480 2645 fieri
501 2602 599 2660 posse,
624 2591 656 2644 nt
678 2586 771 2644 studia
793 2589 975 2650 reniresoant:
999 2605 1050 2646 neo
1072 2589 1272 2662 desperandum
1295 2595 1347 2646 est.
1384 2590 1496 2647 uideant
1513 2589 1560 2660 qui
1577 2587 1658 2645 bodie
1676 2587 1729 2644 iuri

299 2711 410 2768 operam
434 2695 502 2751 dant
522 2694 711 2751 adnleseentes
734 2695 859 2766 ingenui:
883 2695 957 2766 apud
980 2711 1028 2753 eos
1052 2697 1124 2753 enim
1145 2703 1215 2769 stat,
1240 2703 1330 2754 utrum
1348 2697 1528 2768 perduratura
1545 2695 1583 2752 sit
1600 2711 1644 2751 ars
1661 2693 1728 2750 iuris

260 2811 261 2815 ’
299 2801 398 2859 noblis
416 2807 444 2859 et
460 2801 579 2858 liberalis
597 2817 632 2858 sn
650 2802 678 2858 in
695 2799 838 2858 arb'lioium
858 2801 997 2859 sordidum
1016 2803 1222 2875 degeneratum.
1249 2805 1292 2861 ius
1308 2805 1460 2861 Romanum
1479 2807 1600 2860 ereetum
1618 2801 1729 2873 ingenio

298 2911 393 2982 populi
405 2910 440 2966 ad
451 2907 481 2964 id
491 2909 581 2980 ipsum
594 2908 661 2980 nati,
678 2909 842 2980 perpolitum
855 2909 972 2967 deoursu
985 2911 1031 2968 illo
1043 2910 1158 2967 mirabili
1170 2927 1219 2982 per
1233 2911 1331 2983 uiginti
1343 2911 1454 2968 saeoula
1466 2909 1645 2980 nationesque
1657 2923 1728 2979 quae

299 3015 409 3074 fuerunt
425 3031 550 3088 quaeque
568 3020 633 3073 sunt
649 3015 771 3073 omnium
789 3017 934 3088 prinsipes,
952 3023 1093 3090 tamquam
1110 3017 1201 3075 nobile
1213 3035 1310 3076 aurum
1322 3018 1471 3075 identidem
1483 3017 1625 3074 deoootum
1639 3015 1728 3088 splen·

299 3124 348 3181 det
369 3123 451 3181 hodie
473 3125 617 3195 splendore
639 3139 694 3182 non
716 3124 858 3182 imminuto
882 3128 985 3196 aetate,
1010 3125 1060 3182 sed
1082 3126 1213 3182 adsumo:
1237 3131 1266 3182 et
1288 3131 1320 3182 ut
1342 3141 1485 3182 oaosmnm
1508 3123 1614 3196 patroni
1635 3122 1729 3179 idonei

299 3231 457 3303 ludioosqne
480 3247 596 3303 sagaoes
619 3237 648 3288 et
668 3231 789 3303 religiosi
813 3231 896 3288 etism
918 3247 951 3288 eo
969 3249 1023 3289 non
1042 3231 1163 3290 adhibito
1181 3233 1287 3290 institui
1304 3233 1425 3304 possint,
1448 3237 1540 3288 tamen
1558 3236 1590 3287 nt
1606 3229 1728 3287 studium

299 3337 433 3395 eifioiatur
450 3338 553 3396 liberali
571 3339 679 3396 bomine
698 3339 825 3410 dignum,
848 3338 877 3394 id
895 3343 938 3396 est
955 3355 988 3396 eo
1006 3340 1053 3410 qui
1071 3339 1124 3397 boo
1141 3339 1275 3396 intellexit
1292 3340 1427 3396 neminem
1445 3339 1525 3409 plene
1543 3338 1637 3394 ninere
1653 3336 1728 3392 diem

298 3451 471 3516 praesentem
493 3447 546 3502 nisi
563 3461 711 3503 memorem
728 3445 833 3502 dierum
856 3446 1078 3518 praeteritorum,
1102 3462 1172 3519 opus
1195 3451 1239 3504 est
1261 3447 1320 3503 iure
1338 3448 1477 3517 Romano,
1498 3444 1643 3501 ooniunoto
1663 3459 1727 3499 oum

234 3623 236 3627 ι
298 3552 420 3624 ipsorum
436 3553 598 3625 populorum
617 3559 673 3610 tam
691 3553 808 3610 Romani
825 3568 907 3623 quam
924 3554 1009 3609 nostri
1021 3555 1159 3610 creatione
1171 3559 1200 3611 et
1212 3552 1381 3625 formatione,
1399 3553 1474 3609 uitae
1486 3551 1624 3608 oommnni
1635 3553 1727 3606 autem

298 3673 388 3730 neque
406 3659 446 3715 its
463 3659 613 3731 applioato,
637 3663 669 3717 ιιι
686 3659 794 3716 animus
812 3658 995 3716 adnleseentia
1013 3659 1132 3718 alibero
1150 3664 1226 3718 motu
1245 3662 1337 3718 statim
1356 3661 1384 3716 in
1402 3659 1522 3716 sordium
1541 3659 1600 3714 eius
1618 3656 1727 3715 mnoula

299 3765 458 3838 abripiatur,
475 3781 564 3837 neque
582 3766 623 3823 ita
639 3766 676 3824 ab
694 3782 728 3823 ea
746 3767 843 3838 alieno,
862 3773 893 3823 ut
910 3782 945 3822 ex
963 3766 1089 3823 tirocinio
1107 3768 1142 3824 ad
1160 3783 1237 3824 arma
1254 3765 1374 3824 difficilis
1391 3767 1523 3823 transitus
1540 3767 1585 3822 sit.

350 3873 452 3928 Paulus
468 3873 607 3944 Xrueger,
631 3874 678 3946 qni
696 3874 815 3930 uniuersi
832 3871 934 3930 laboris
952 3874 1043 3930 sosius
1061 3873 1119 3930 lieri
1136 3873 1236 3946 uoluit,
1260 3889 1322 3931 oum
1345 3874 1412 3930 iuris
1435 3873 1560 3930 doctrina
1580 3886 1663 3943 saepe
1681 3887 1725 3928 me

298 3979 405 4037 adiuuit
420 3982 480 4035 tum
496 3980 525 4035 in
542 3981 620 4037 uaria
636 3980 753 4038 leotione
771 3995 805 4037 ex
821 3979 897 4036 libris
913 3980 1055 4037 ueteribus
1072 3979 1209 4038 enotanda
1230 3986 1258 4037 et
1275 3981 1303 4038 in
1320 3981 1438 4052 plagulis
1457 3979 1625 4051 eorrigendis
1641 3993 1727 4049 opera

298 4086 428 4143 oonbnua
443 4089 473 4142 et
490 4085 572 4144 fideli.
600 4088 628 4144 in
646 4088 724 4144 ouius
742 4087 865 4144 absentis
882 4087 972 4144 looum
988 4103 1038 4160 per
1055 4087 1165 4159 aliquod
1183 4093 1292 4159 tempus
1307 4088 1441 4146 suooessit
1451 4087 1605 4144 Friderions
1617 4086 1724 4156 ilsnge.

297 4208 379 4265 porro
397 4192 510 4250 Graeois
533 4209 605 4264 quae
628 4195 656 4251 in
678 4194 791 4266 digesta
808 4198 920 4266 reoepta
940 4201 1006 4251 sunt
1028 4194 1195 4264 oaetigandis
1218 4209 1328 4265 operam
1352 4195 1466 4252 nauauit
1483 4195 1602 4267 optimus
1620 4192 1726 4248 amiens

298 4297 432 4356 Rudolins
449 4299 572 4356 Herober
589 4300 693 4358 Gnaeos
711 4300 899 4372 doctissimus,
921 4301 1000 4357 ouius
1023 4301 1094 4358 oomi
1117 4300 1252 4358 adiutorio
1274 4307 1303 4359 ot
1325 4300 1394 4358 liber
1417 4307 1446 4358 et
1468 4305 1563 4358 auotor
1579 4299 1725 4371 plurimum

298 4405 408 4462 debent.
435 4421 526 4477 neque
542 4423 672 4478 umquam
695 4406 742 4464 nbi
760 4407 897 4479 appellaui
913 4407 1064 4478 Haupb‘um
1087 4423 1192 4480 meum,
1214 4408 1340 4465 destituit
1363 4424 1408 4465 me
1429 4405 1648 4478 incomparabilis
1665 4405 1725 4462 eins

298 4499 424 4570 eruditio.
453 4513 566 4570 iniuria
583 4512 789 4584 quaestionibus
806 4511 1003 4570 diffieilioribus
1021 4529 1105 4586 saepe
1122 4531 1184 4572 oum
1202 4513 1294 4572 bustu
1311 4515 1444 4588 oonsului,
1462 4515 1528 4571 dum
1546 4517 1640 4571 noster
1656 4518 1724 4584 erat,

298 4620 481 4678 neeessariam
504 4635 595 4678 meum
617 4621 764 4676 Henrionm
787 4620 962 4692 Degenlsolb,
986 4615 1052 4695 item
1074 4623 1218 4694 aliquoties
1242 4623 1436 4680 Zachariaeum
1454 4621 1673 4692 Lingenthalium
1697 4623 1727 4676 et

298 4723 428 4784 Adollam
440 4725 564 4784 Sohmidt
574 4728 628 4784 iam
640 4726 819 4798 Lipsiensem.
845 4743 961 4798 quorum
972 4711 1191 4801 reliquorumque
1207 4729 1328 4786 omnium
1341 4730 1461 4786 uirorum
1473 4728 1501 4786 in
1513 4728 1617 4784 Ladnis
1628 4725 1726 4783 litteris

298 4833 400 4890 iurisne
418 4833 516 4890 studiis
533 4833 681 4904 insignium
699 4833 733 4890 ds
750 4833 803 4890 bae
820 4849 905 4906 opera
921 4834 992 4892 bene
1011 4836 1167 4893 meritorum
1185 4842 1265 4907 grata
1276 4837 1430 4894 recordatio
1442 4853 1505 4893 oum
1524 4835 1566 4892 bis
1583 4834 1650 4906 ipsis
1668 4838 1726 4890 stu·

298 4939 351 4996 diis
368 4939 514 4996 ooniunota
531 4939 560 4996 in
577 4945 739 5012 perpetuum
758 4940 786 4996 in
804 4942 894 4998 animo
911 4941 1049 4998 insidebit.

350 5047 470 5104 Berolini
487 5046 515 5102 d.
527 5047 608 5103 XXX
625 5047 676 5103 inl.
689 5047 896 5104 MDOGCLXX.
