3720 5544
942 251 1031 319 XIIII

271 427 391 498 sentino,
417 426 517 483 deiude
539 441 574 482 ex
596 431 749 497 temporum
773 427 847 482 notis
870 425 952 482 modo
976 428 1069 482 relatis
1091 427 1206 497 Digesta
1230 426 1319 482 denuo
1342 425 1477 496 prodiisse
1499 425 1587 482 videri
1610 429 1701 482 aetate

270 535 417 606 lrneriana,
434 532 499 590 inde
517 533 628 602 colligat
644 547 757 589 necesse
776 537 819 588 est
836 547 870 588 ea
887 535 979 589 aetate
997 533 1141 589 emersisse
1159 533 1248 604 ipsum
1267 547 1330 588 eum
1348 532 1479 588 codicem.

150 643 231 717 Studia
324 641 440 697 Pisanus
461 638 530 696 liber
553 655 616 696 eum
634 641 720 695 semel
737 639 891 710 descriptus
909 644 984 696 esset
1001 645 1030 696 st
1047 640 1107 695 eius
1125 640 1225 695 aetatis
1242 638 1423 710 prudentibus
1440 639 1616 709 innotuisset,
1639 653 1702 708 pss-

128 710 254 766 p⁰⁵t⁰¹¹⁰¹⁸
272 747 324 803 sim
342 763 359 802 a
376 747 469 803 multis
486 748 602 803 collatus
620 753 664 802 est
680 747 798 802 maxime
816 747 947 818 quamdin
967 747 1059 802 studia
1076 761 1111 801 es
1128 744 1260 816 vigebant
1277 747 1387 802 saeculo
1405 745 1471 801 XII:
1492 745 1569 801 cuius
1586 745 1702 801 iteratae

271 854 448 924 inspectionis
471 852 554 910 fidem
578 852 683 910 iaciunt
707 869 761 909 non
785 857 843 909 tam
866 855 1025 911 testimonia
1048 852 1165 908 diserta¹
1184 868 1266 923 quam
1285 853 1346 923 ipsa
1363 853 1548 923 exemplorum
1566 853 1636 908 ratio
1653 866 1703 923 per

272 961 374 1031 gratim
391 965 522 1018 reuocata
539 960 575 1016 sd
593 960 785 1032 archetypum,
808 965 840 1016 ιιι
856 960 905 1016 ubi
922 961 1090 1033 antiquiores
1107 959 1170 1016 libri
1187 959 1223 1016 ab
1241 974 1275 1016 eo
1292 958 1438 1030 recedunt,
1460 960 1625 1015 recentiores
1642 973 1702 1030 per·

272 1083 355 1138 saepe
378 1068 562 1123 Florentinum
586 1067 731 1124 lectionem
754 1073 803 1123 ant
825 1068 854 1123 in
878 1069 1000 1139 margine
1023 1072 1128 1138 ponant
1152 1067 1250 1123 autin
1274 1071 1379 1123 textum
1402 1066 1563 1137 admittent,
1585 1069 1616 1121 ιιι
1633 1065 1703 1121 adeo

272 1173 408 1246 ‘endecas
425 1173 540 1231 litterae'
558 1179 712 1245 opponatur
729 1175 829 1231 Pisana
847 1177 884 1243 (ιι.
898 1175 935 1231 ad
953 1175 987 1246 11,
1000 1175 1061 1246 379,
1073 1175 1129 1242 34).
1162 1173 1230 1230 haec
1255 1189 1339 1245 opera
1361 1189 1410 1244 per
1432 1174 1543 1229 saecula
1562 1174 1591 1229 iu
1608 1172 1703 1230 codice

272 1283 400 1354 primerio
416 1280 639 1352 recognoscendo
656 1283 748 1352 posita
766 1296 828 1338 eum
846 1281 1019 1352 neglegenda
1036 1296 1092 1338 non
1109 1282 1146 1337 sit
1161 1281 1204 1352 iis,
1222 1282 1270 1353 qui
1287 1282 1315 1337 ln
1327 1296 1421 1336 eornm
1434 1287 1586 1351 temporum
1598 1281 1703 1336 litteras

270 1389 411 1460 inquirunt
429 1389 531 1460 quique
547 1389 614 1444 iuris
631 1389 810 1444 ecclesiastici
827 1391 856 1444 et
872 1387 1073 1459 Langobardiei
1089 1387 1230 1444 historiam
1249 1387 1378 1460 madunt,
1396 1388 1433 1444 ad
1446 1388 1527 1444 buius
1539 1388 1629 1458 operis
1640 1402 1702 1459 pro·

271 1496 391 1567 pesitum
415 1512 470 1552 non
492 1510 659 1566 magnopere
682 1496 815 1566 pertinet:
837 1496 890 1551 uisi
912 1495 985 1566 quod
1009 1496 1105 1566 paucis
1126 1495 1194 1551 locis
1217 1510 1289 1566 qnae
1311 1495 1340 1550 in
1362 1494 1457 1550 codice
1474 1495 1630 1551 Florentiae
1647 1495 1702 1550 iam

244 1671 247 1678 ¹
272 1602 403 1660 deficiunt
424 1601 584 1658 membrana
606 1606 655 1658 ant
675 1601 814 1673 perforata
837 1609 886 1659 ιιιιι
905 1607 1012 1659 resecta
1033 1603 1122 1673 repeti
1144 1607 1293 1672 potuerunt
1315 1601 1351 1658 ab
1373 1602 1538 1674 apographis
1556 1601 1702 1672 antiquis²,

270 1710 337 1766 item
356 1709 491 1781 qumdam
509 1708 590 1766 hodie
608 1709 727 1766 euanida
743 1725 805 1766 enm
824 1725 858 1766 ea
874 1708 950 1765 laeta
967 1714 1033 1766 sunt
1043 1708 1160 1765 fortasse
1179 1710 1269 1765 minus
1286 1710 1357 1766 male
1374 1708 1469 1765 habita
1486 1707 1624 1764 luerunt¹.
1652 1707 1702 1763 sed

272 1831 328 1873 non
351 1815 574 1872 committendum
597 1819 654 1889 est,
678 1821 709 1873 ιιι
732 1817 840 1874 silentio
862 1821 1067 1888 praetereamus
1087 1817 1134 1888 qni
1152 1821 1217 1887 post
1234 1822 1343 1872 renams
1360 1817 1465 1872 litteras
1482 1816 1511 1872 in
1529 1815 1624 1872 codice
1641 1815 1702 1872 Flo·

272 1924 378 1980 rentino
396 1923 559 1980 excutiendo
577 1923 644 1980 data
660 1939 744 1995 opera
761 1923 888 1995 bonoque
906 1941 968 1981 curn
986 1922 1077 1980 fructu
1095 1923 1284 1980 elaborarunt:
1302 1939 1365 1980 nam
1383 1928 1519 1979 uteorum
1533 1921 1702 1993 diligentiam

271 2035 367 2088 nostm
383 2031 493 2087 vincere
510 2031 675 2102 studuImns,
692 2031 733 2087 ita
749 2030 859 2086 landem
878 2047 971 2088 eornm
990 2030 1138 2087 obscurare
1155 2031 1208 2087 etsi
1225 2045 1378 2103 possemus,
1397 2035 1471 2086 certe
1487 2030 1629 2086 nollemus.
1658 2043 1703 2084 ae-

272 2137 359 2209 cedit‚
381 2137 457 2208 qnod
480 2153 573 2195 eorum
598 2139 780 2209 antiquissimi
802 2139 905 2209 quique
929 2138 1010 2194 bodie
1030 2139 1167 2208 propriam
1186 2137 1332 2194 utilitatem
1350 2137 1453 2194 habent
1471 2153 1503 2194 eo
1521 2136 1595 2208 quod
1613 2133 1703 2191 adbuc

272 2244 401 2302 uiderunt
422 2243 517 2301 indum
541 2260 624 2301 unum
644 2244 735 2312 (buius
754 2245 797 2301 ed.
809 2262 837 2315 p.
850 2245 985 2300 xxxin*
998 2247 1068 2315 seq.)
1086 2245 1160 2314 quod
1177 2245 1248 2301 inter
1266 2261 1292 2301 a.
1308 2246 1377 2302 1553
1395 2252 1423 2301 et
1442 2247 1512 2301 1680
1529 2243 1640 2315 perierit
1656 2257 1702 2298 ne·

273 2367 351 2408 cesse
369 2355 437 2408 est⁴.
463 2351 576 2408 niterim
594 2356 686 2408 tarum
704 2351 756 2409 hoc
774 2353 884 2409 nomine
902 2367 996 2409 eorum
1014 2351 1119 2408 utilitas
1137 2368 1193 2408 non
1209 2353 1344 2422 peruenit.
1370 2369 1435 2409 nam
1453 2353 1481 2408 in
1499 2351 1614 2422 digestis
1631 2363 1703 2421 quae

272 2457 354 2514 hodie
369 2458 468 2514 litteris
486 2458 530 2515 uel
547 2459 638 2515 exesis
654 2460 700 2516 uel
718 2458 842 2516 euanidis
860 2464 909 2514 aut
925 2474 1008 2530 aegre
1026 2460 1154 2530 leguntur
1172 2463 1221 2514 ant
1237 2459 1292 2530 legi
1309 2461 1420 2516 omnino
1438 2462 1590 2530 nequeunt,
1609 2471 1703 2513 eorum

272 2566 382 2622 saeculo
399 2570 474 2621 certe
491 2566 545 2623 XV
562 2567 701 2622 meliorem
720 2566 908 2623 condicionem
925 2565 1012 2624 luisse
1029 2567 1076 2623 uix
1094 2566 1263 2623 crediderim.
1293 2582 1356 2622 nam
1374 2569 1406 2623 ιιι
1422 2571 1576 2622 extremum
1593 2579 1703 2622 nemum

273 2673 418 2730 uoluminis
435 2673 448 2728 1
466 2670 486 2727 l.
499 2674 516 2728 2
534 2672 625 2740 (buius
643 2673 713 2729 ed.1
731 2691 758 2745 p.
771 2673 930 2744 XXXXV',
942 2675 979 2745 5),
997 2673 1032 2730 de
1051 2688 1105 2744 quo
1123 2673 1241 2745 legendo
1256 2673 1418 2729 aPolitiano
1430 2673 1494 2730 inde
1506 2673 1596 2730 adbuc
1608 2685 1703 2729 omnes

272 2780 465 2851 desperarunt,
489 2782 576 2850 nuper
600 2780 710 2837 demum
734 2785 766 2836 nt
785 2786 860 2836 recte
878 2785 907 2836 et
924 2781 1005 2851 plane
1022 2781 1127 2852 legeret
1144 2781 1287 2852 Kruegsro
1305 2785 1398 2838 nostm
1416 2781 1563 2852 successit,
1586 2781 1625 2836 ita
1642 2779 1703 2836 aliis

272 2901 381 2958 quoqne
397 2886 464 2942 iocis
482 2885 595 2943 Graecis
612 2886 694 2944 hodie
712 2887 864 2944 obscuratis
883 2889 925 2955 (nt
935 2887 957 2958 Ι,
968 2887 1082 2959 783,41.
1096 2888 1156 2959 784,
1166 2889 1212 2955 20)
1231 2888 1333 2944 saeculi
1350 2888 1404 2945 XV
1415 2892 1444 2944 st
1460 2888 1527 2946 XVI
1545 2885 1703 2959 apographa

272 3009 327 3051 non
345 2994 433 3065 magis
451 3008 532 3064 opem
549 2994 678 3050 tulerunt.
705 2995 778 3050 idem
797 2993 872 3050 eadit
888 2994 916 3049 in
934 3009 968 3050 ea
985 3009 1057 3064 quae
1074 2993 1243 3065 marginibus
1261 2995 1458 3064 agintiuatore
1471 2995 1585 3051 resectis
1597 2992 1703 3050 deside·

272 3107 367 3158 rantur
389 3101 418 3158 in
441 3102 638 3172 supplementis
662 3100 698 3158 ab
720 3101 895 3158 emendatore
919 3100 1065 3172 adscriptis
1086 3101 1123 3158 ad
1140 3101 1288 3172 pumordia
1306 3101 1488 3173 digestorum:
1512 3119 1575 3158 narn
1594 3103 1703 3157 constat

272 3223 307 3266 ea
323 3207 445 3266 doluisse
461 3209 516 3264 iam
535 3213 626 3265 aetate
644 3208 795 3265 Politisnii.
825 3223 860 3264 ne
878 3207 930 3264 boc
948 3209 1059 3279 quidem
1076 3209 1247 3280 exploratum
1265 3213 1309 3266 est
1325 3209 1434 3282 integra
1450 3208 1520 3266 baec
1537 3209 1639 3266 uidisse
1657 3207 1704 3277 qui

272 3315 343 3372 Pisis
353 3314 452 3372 librum
469 3320 666 3373 tractamrunt.
693 3331 758 3372 nam
776 3330 838 3372 cnm
856 3315 969 3387 reliqua,
986 3331 1058 3386 qnae
1075 3315 1105 3371 in
1121 3315 1277 3387 primordiis
1289 3316 1458 3388 digestomm
1469 3317 1560 3388 posita
1577 3319 1650 3386 sunt,
1667 3313 1703 3370 ab

273 3511 426 3563 nominatim.
455 3509 597 3579 allegantur
614 3521 698 3565 summ
714 3512 764 3565 ioci
781 3529 812 3564 ex
830 3511 992 3580 Digestorum
1008 3513 1078 3566 libris
1095 3513 1116 3566 1.
1134 3515 1167 3567 IL
1186 3515 1244 3567 HII.
1263 3515 1322 3578 XII,
1339 3515 1401 3566 item
1419 3523 1462 3566 aut
1479 3511 1568 3566 ml
1584 3511 1642 3580 (21)
1661 3519 1705 3564 ant

273 3601 294 3652 L
313 3600 367 3668 (16,
379 3601 433 3668 94).

326 3691 336 3726 ¹
354 3689 459 3741 Praeter
477 3688 527 3742 alia
544 3689 620 3756 uulgo
638 3698 698 3742 uota
716 3689 774 3741 uide
793 3707 857 3758 quae
876 3689 907 3741 de
920 3689 1062 3743 Hemoboni
1075 3691 1248 3745 Cremonensis
1266 3693 1422 3759 inspectione
1435 3690 1573 3745 lilorsntini
1589 3691 1646 3744 libri
1662 3699 1703 3742 at·

271 3779 372 3832 tulimus
391 3779 425 3831 ad
442 3779 463 3841 1,
481 3777 542 3841 817,
560 3778 603 3832 40.
709 3777 862 3846 'intellego
880 3780 959 3832 uerba
976 3781 1053 3832 totius
1071 3781 1154 3848 operis
1173 3790 1300 3848 postrema
1317 3781 1351 3844 11,
1369 3782 1430 3844 969,
1448 3782 1492 3845 27,
1510 3797 1575 3849 quae
1594 3780 1703 3832 defuisse

272 3876 371 3920 constat
387 3868 438 3920 iam
455 3877 539 3920 aetate
551 3867 669 3931 Taurelli,
686 3867 747 3921 item
765 3885 830 3935 qnae
842 3869 1017 3921 desiderantur
1034 3869 1068 3932 II,
1082 3869 1142 3924 734.
1155 3869 1215 3923 735.
1304 3870 1316 3905 ⁸
1334 3871 1400 3923 Uide
1411 3872 1477 3923 inter
1489 3871 1539 3922 slis
1554 3870 1575 3934 1,
1589 3867 1648 3932 137,
1661 3867 1703 3920 22.

272 3955 334 4020 783,
345 3957 388 4009 40.
411 3956 524 4020 11,139:
548 3973 697 4024 quamquam
714 3957 834 4024 pleraque
858 3975 943 4010 eorum
967 3959 1101 4010 difficulter
1120 3959 1233 4026 quidem,
1258 3959 1305 4012 sed
1328 3971 1412 4012 tamen
1434 3960 1560 4026 leguntur.
1586 3959 1704 4024 itaquae

273 4055 440 4108 sumserunt,
464 4063 541 4112 saepe
564 4045 591 4097 in
613 4046 668 4114 ipso
691 4047 777 4098 codiee
795 4055 839 4098 sut
856 4047 890 4098 ad
907 4047 1045 4114 marginem
1063 4049 1171 4115 repetita
1193 4057 1251 4100 sunt
1273 4057 1317 4100 aut
1335 4047 1542 4116 superscribendo
1565 4048 1704 4099 instaurata

272 4153 348 4186 manu
366 4135 459 4187 saeculi
476 4135 534 4187 XV.
561 4143 671 4187 ceterum
689 4137 813 4202 quaedam
829 4136 885 4189 loca
902 4136 978 4189 bodie
995 4137 1061 4189 male
1078 4137 1166 4188 habita
1182 4139 1222 4204 (ut
1239 4137 1260 4200 1,
1278 4137 1339 4200 803,
1357 4138 1400 4189 29.
1418 4137 1452 4201 Π,
1468 4137 1494 4201 2,
1515 4137 1558 4203 17)
1577 4137 1637 4188 satis
1655 4153 1702 4202 ap-

273 4232 346 4290 paret
362 4225 395 4276 ab
414 4223 591 4290 antiquissimis
609 4225 803 4292 descriptoribus
822 4243 872 4278 non
890 4233 942 4277 tem
959 4225 1067 4277 lectione
1084 4225 1186 4293 expleta
1204 4243 1261 4278 esse
1279 4244 1353 4292 quam
1371 4227 1519 4278 coniectura.
1593 4226 1605 4259 ⁴
1623 4224 1702 4278 Uide-

272 4321 331 4362 rnnt
352 4312 379 4363 id
403 4312 637 4381 descripserrmtque
661 4322 762 4381 praeter
779 4315 931 4367 Politisuum
948 4315 1104 4382 Augustinus
1127 4324 1153 4368 et
1173 4315 1317 4369 'Isurellusz
1341 4315 1482 4368 Gronouins
1505 4322 1589 4368 antem
1611 4315 1704 4366 trustra

274 4401 397 4468 quaesiuit
415 4401 451 4453 sic
468 4401 592 4454 adnotans
611 4403 645 4455 ad
661 4404 871 4471 recognitionem:
889 4402 1012 4472 “Epistola
1030 4405 1129 4458 Graeca
1146 4414 1200 4458 tots
1217 4422 1273 4457 cum
1290 4405 1373 4456 indice
1391 4422 1436 4457 sno
1453 4404 1571 4456 librorum
1588 4403 1703 4456 IOtorum

274 4487 363 4542 'soluta
380 4497 436 4542 erat
453 4499 480 4542 et
497 4509 586 4558 sparsa
604 4509 650 4559 per
666 4493 769 4546 librum:
788 4493 897 4561 denique
914 4501 941 4546 et
957 4493 1026 4545 illam
1044 4493 1134 4561 collegi
1152 4503 1178 4546 et
1196 4494 1297 4557 contuli,
1316 4494 1363 4546 sed
1381 4494 1461 4560 prima
1472 4494 1567 4561 pagina
1584 4493 1658 4560 periit
1676 4500 1702 4544 at

274 4577 307 4632 'in
326 4579 436 4632 secunda
453 4579 541 4648 incipit
558 4581 594 4633 sie
611 4591 639 4634 ut
657 4583 722 4634 bene
739 4583 790 4636 iam
807 4582 894 4635 uideo:
913 4601 952 4635 τω
972 4591 1061 4636 Badimo
1080 4601 1127 4637 κιι.
1151 4583 1212 4636 ordo
1231 4583 1284 4656 sinc
1298 4583 1368 4635 locus
1380 4581 1502 4649 epistulae
1515 4582 1629 4635 Graecm
1642 4581 1703 4633 mibi

274 4667 381 4720 'uidetur
397 4667 475 4720 fnisse
493 4670 600 4737 primus:
618 4688 676 4722 nam
694 4672 720 4723 in
738 4671 825 4738 primis
842 4671 908 4724 loliis
925 4671 989 4723 hee
1007 4680 1045 4723 sst
1063 4671 1089 4724 in
1107 4671 1231 4724 aeadbulo
1250 4681 1276 4724 et
1288 4681 1346 4723 ante
1358 4671 1443 4723 titulos
1456 4681 1510 4722 erat
1521 4670 1590 4723 locus
1609 4685 1702 4721 uacuus

273 4753 446 4824 inligatum,
470 4759 513 4824 qui
537 4769 596 4812 ante
618 4761 717 4814 titulum
739 4762 772 4813 de
795 4761 890 4813 institia
912 4769 940 4812 et
960 4761 1014 4812 iure
1031 4776 1082 4812 nen
1104 4771 1225 4829 apparet,
1303 4777 1359 4812 cum
1376 4761 1402 4811 in
1424 4759 1579 4826 frontispicio
1596 4765 1703 4826 apparet

274 4842 373 4898 'lacuna
394 4855 421 4898 et
442 4847 518 4900 etism
540 4849 584 4901 ills
606 4848 703 4903 solnta'.
826 4852 838 4886 ⁸
856 4849 928 4913 Quae
952 4849 1027 4902 hodie
1050 4849 1224 4902 desiderantur
1246 4849 1272 4900 in
1291 4849 1372 4901 indice
1389 4850 1543 4902 rubricarum
1560 4847 1643 4916 (buius
1661 4845 1702 4898 ed.

274 4952 300 5001 p.
313 4934 411 4998 111⁴,e
429 4935 502 4998 1111·,
514 4937 548 4990 33
560 4954 612 5004 seq.
632 4939 679 5001 V',
691 4939 737 5006 25)
754 4947 781 4990 et
798 4938 824 4990 in
841 4940 1018 4992 constimione
1030 4939 1113 4990 Tanta
1129 4939 1166 5005 (p.
1178 4937 1364 5003 xxxxvmt,
1377 4937 1431 5005 27),
1449 4956 1480 4991 ea
1498 4937 1574 5007 pians
1591 4937 1704 4990 similiter

274 5024 370 5076 hiantia
386 5023 504 5091 leguntur
520 5027 586 5079 inter
603 5027 728 5080 Politiana
745 5028 788 5080 ills
806 5028 832 5080 iu
849 5028 936 5081 codice
952 5028 1107 5091 Monacensi,
1125 5027 1189 5080 haec
1206 5027 1232 5080 iu
1250 5027 1313 5080 libro
1332 5028 1474 5080 Gaddiano.
