3734 5578
288 249 391 316 XXVI
412 251 433 315 4
452 255 550 308 3-10
966 238 1053 319 754
1263 261 1309 308 nn
1331 258 1505 308 cromnam
1528 255 1709 306 ruuomnm

256 413 270 458 s
289 406 324 460 ad
342 408 478 474 nepotem.
516 403 613 469 Quaeri
632 406 737 472 potest,
762 403 785 456 si
803 403 910 472 patroni
928 400 1000 455 filius
1019 401 1055 455 ait
1075 403 1196 454 remotus
1219 400 1263 454 uel
1288 403 1450 467 excusatus,
1473 413 1508 452 an
1526 397 1619 466 nepoti
1635 395 1712 450 tutela

289 493 434 549 deferatur.
463 497 493 547 et
509 493 651 547 Marcellus
675 492 702 545 in
727 506 760 546 ea
782 491 918 546 sententia
941 493 996 558 est,
1021 493 1052 543 ut
1075 487 1186 544 succedi
1210 502 1264 542 non
1286 503 1369 557 posse
1393 486 1507 542 scribat:
1532 485 1631 540 idcireo
1647 485 1712 538 enim

255 590 269 634 a
289 582 414 638 abierunt
430 582 524 650 tutela,
545 585 576 635 ut
595 581 640 634 alii
658 581 685 634 in
704 580 793 633 locum
812 593 905 633 eorum
925 578 1031 647 dentur,
1051 593 1105 632 non
1127 581 1158 630 ut
1176 577 1314 631 successio
1332 576 1500 631 admittatur.
1537 575 1599 629 lion
1616 577 1712 627 tantum

289 679 381 726 autem
395 675 499 740 morte,
519 684 614 724 uerum
633 670 716 723 etiam
736 667 832 737 capitis
851 666 1037 722 deminutione
1055 667 1194 722 successio
1212 665 1295 720 debet
1312 666 1339 719 in
1357 665 1480 734 legitima
1497 663 1586 718 tutela
1603 661 1712 716 admitti:

289 776 372 830 quare
391 762 414 815 si
432 759 580 830 proximior
599 757 689 827 capite
708 756 863 811 deminutus
882 760 932 825 est,
952 756 998 825 qui
1016 759 1080 826 post
1097 770 1160 810 eum
1179 758 1222 808 est
1240 753 1362 808 succedit
1380 755 1408 808 in
1425 753 1530 807 tutelae
1552 751 1739 806 administra-s

241 856 270 902 10
289 851 371 904 tione.
408 848 438 904 Si
455 863 554 919 parens
571 846 656 902 filium
675 846 719 901 uel
736 843 819 899 tiliam
838 844 882 898 uel
901 850 1028 913 nepotem
1052 844 1097 898 uel
1115 847 1224 912 neptem
1249 843 1293 897 uel
1311 842 1442 912 deinceps
1459 840 1631 912 impuberes,
1653 852 1714 907 quos

289 939 317 993 in
334 943 473 1008 potestate
492 936 600 1005 habeat,
619 936 780 1004 emancipet,
798 934 888 988 uicem
906 933 1020 1002 legitimi
1038 933 1137 988 tutoris
1156 932 1284 986 sustinet:

251 1025 271 1082 4
342 1028 535 1082 ldonnsumus
559 1025 627 1080 libro
650 1028 748 1094 quarto
772 1022 1091 1090 differentiarumque
1122 1019 1251 1075 defuncto
1279 1019 1303 1075 si
1326 1018 1403 1074 liberi
1426 1015 1567 1089 perfectae
1586 1007 1716 1100 Q
1732 1019 1764 1072 'll

290 1116 390 1170 aetatis
408 1116 550 1182 exsistant,
568 1112 702 1168 fiduciarii
721 1118 826 1167 tutores
843 1111 934 1166 fratris
953 1111 996 1165 uel
1015 1110 1115 1165 sororis
1134 1107 1297 1163 efficiuntur.
1731 1113 1742 1152 ι

252 1203 271 1260 5
345 1204 494 1260 Uurmuus
516 1202 584 1258 libro
607 1202 747 1270 trigesimo
770 1201 865 1271 quinto
890 1200 925 1255 ad
949 1200 1078 1254 edictum.
1115 1198 1265 1268 Legitimos
1288 1201 1393 1251 tutores
1411 1209 1491 1250 nemo
1510 1195 1621 1263 dats
1587 1186 1717 1278 ssa—s
1744 1196 1760 1249 S

257 1293 338 1348 laed
363 1294 406 1348 lex
431 1292 573 1347 duodecim
596 1291 750 1346 tabularum
776 1289 841 1344 iecit
864 1294 977 1344 tutores.
1015 1287 1070 1342 Sed
1092 1287 1174 1342 etiam
1192 1286 1242 1342 bos
1261 1287 1323 1356 cogi
1340 1285 1474 1340 satisdare
1492 1291 1599 1339 eertum
1619 1292 1673 1353 est,
1692 1283 1717 1336 in

289 1387 397 1436 tantum
415 1387 447 1436 ut
463 1381 546 1436 etiam
565 1386 709 1450 patronum
729 1384 758 1434 et
773 1378 883 1448 patroni
900 1375 986 1432 filium
1004 1385 1165 1445 ceterosque
1188 1374 1288 1430 liberos
1307 1375 1366 1429 eius
1385 1383 1448 1442 cogn·
1466 1389 1524 1428 rem
1543 1375 1649 1427 salisam
1666 1371 1719 1426 iore

290 1470 424 1525 satisdare
443 1470 578 1539 plerisque
597 1469 731 1524 uideatur.
760 1467 809 1521 sed
828 1465 880 1521 hoc
898 1481 982 1520 causa
1000 1465 1110 1534 cognita
1126 1471 1280 1534 praetorem
1299 1469 1419 1518 statuere
1439 1461 1540 1517 debere
1559 1462 1658 1516 melina
1674 1464 1719 1527 est,

290 1565 381 1614 utrum
400 1558 499 1613 debeat
517 1558 650 1612 satisdare
669 1563 800 1627 patronus
818 1555 950 1623 liberique
968 1555 1027 1609 eius
1045 1569 1080 1608 an
1099 1568 1167 1623 non,
1186 1558 1230 1623 ut,
1250 1553 1273 1607 si
1291 1567 1409 1622 persona
1426 1550 1545 1606 honesta
1562 1552 1612 1620 sit,
1637 1550 1720 1604 remit

290 1652 365 1702 tatur
382 1648 407 1702 ei
426 1646 569 1702 satisdatio
588 1651 617 1701 et
632 1647 760 1716 maxime,
780 1647 803 1699 si
822 1643 977 1699 substantia
995 1641 1103 1698 modica
1121 1643 1169 1696 sit:
1188 1643 1211 1696 si
1229 1646 1322 1696 autem
1341 1640 1449 1710 patroni
1467 1654 1587 1710 persona
1606 1639 1721 1708 uulgaris
1736 1649 1758 1690 ιι

289 1737 334 1790 ιιι
352 1737 442 1790 minus
461 1736 577 1791 honesta
594 1737 638 1805 sit,
657 1735 695 1790 ibi
713 1734 859 1789 dicendum
879 1737 922 1787 est
940 1731 1145 1786 satisdationem
1163 1731 1253 1786 locum
1272 1730 1387 1785 habere:
1406 1734 1438 1784 ut
1451 1732 1501 1783 ant
1513 1729 1613 1784 modus
1627 1728 1721 1783 tutelas

256 1838 271 1882 ι
290 1830 338 1879 aut
356 1840 473 1894 persona
491 1829 540 1878 aut
557 1840 642 1879 causa
659 1824 788 1879 admittat
806 1820 1021 1877 satisdationem.
1058 1819 1090 1875 In
1107 1820 1236 1889 legitimis
1255 1823 1284 1872 et
1301 1820 1329 1874 in
1347 1817 1398 1886 his,
1418 1818 1465 1888 qui
1484 1833 1502 1872 a
1520 1815 1722 1886 magistratibus

290 1913 398 1983 dantur,
419 1915 572 1983 quaesitum
591 1918 642 1980 est,
661 1929 696 1967 an
714 1912 761 1966 uni
780 1909 889 1965 decerni
907 1910 995 1965 tutela
1012 1911 1108 1978 possit.
1136 1915 1165 1964 et
1183 1910 1222 1964 ait
1233 1907 1326 1964 Labeo
1344 1912 1374 1961 et
1386 1907 1435 1961 uni
1452 1910 1529 1960 recte
1546 1907 1663 1962 tutelam
1681 1905 1723 1959 de·

290 2003 379 2056 cerni:
402 2017 485 2071 posse
504 2002 576 2057 enim
594 2002 717 2070 aliquos¹
737 2001 782 2054 uel
800 1999 929 2054 absentes
948 1999 991 2054 uel
1010 1997 1128 2054 furiosos
1151 2011 1226 2052 esse:
1250 2011 1321 2067 quae
1340 1995 1477 2050 sententia
1494 1996 1623 2050 utilitatis
1641 1993 1723 2064 gratia

258 2104 272 2149 ι
291 2091 461 2146 admittenda
479 2095 533 2160 est,
557 2095 588 2144 ιι
606 2091 652 2144 uni
671 2090 834 2144 decernatur
851 2089 1058 2143 administratio.
1084 2087 1131 2142 An
1148 2099 1214 2155 ergo
1232 2091 1260 2140 et
1277 2099 1428 2155 prouocare
1446 2099 1476 2139 se
1494 2084 1615 2139 inuicem
1634 2097 1723 2138 secun
1738 2092 1761 2132 ιι

292 2179 357 2234 dum
376 2179 543 2249 superiorem
563 2179 712 2233 clausulam
731 2177 857 2247 possint?
883 2183 912 2232 et
930 2178 1018 2247 magis
1036 2181 1093 2246 est,
1117 2180 1162 2244 ut,
1183 2175 1208 2230 si
1225 2189 1320 2230 omnes
1338 2174 1406 2228 satis
1424 2188 1479 2228 non
1498 2173 1628 2228 dederint
1645 2170 1724 2228 uslai

291 2266 369 2322 finita
387 2273 431 2322 ost
449 2268 593 2322 satisdatio
612 2272 825 2336 (nonnumquam
842 2268 913 2320 onim
927 2265 1070 2321 satisdatio
1088 2263 1123 2320 ab
1141 2265 1182 2319 eis
1200 2279 1254 2318 non
1272 2263 1382 2333 petitur,
1401 2268 1450 2317 aut
1468 2263 1536 2316 satis
1548 2261 1653 2316 desinit
1669 2273 1724 2314 ease

292 2363 417 2426 cautum,
443 2362 492 2411 aut
515 2357 693 2426 magistratus
711 2356 889 2426 municipales
908 2354 1003 2410 abhis
1027 2369 1097 2424 quoa
1115 2353 1240 2408 dederint
1262 2356 1383 2408 autnon
1400 2355 1551 2420 potuerunt
1568 2357 1621 2406 aut
1638 2350 1724 2404 nolus·

291 2451 355 2500 runt
373 2445 444 2519 satis·
457 2446 593 2515 exigere),
612 2461 693 2515 posse
712 2445 766 2500 dici
785 2445 867 2500 etiarn
885 2445 913 2498 in
932 2443 987 2512 his,
1009 2458 1064 2513 quo
1082 2457 1148 2497 casu
1167 2448 1277 2497 cautum
1296 2443 1425 2510 nonest,
1450 2439 1653 2495 admittendam
1670 2451 1725 2508 pro

257 2547 274 2594 ι
292 2536 473 2590 uocationem.
501 2534 545 2589 An
564 2549 629 2605 ergo
648 2541 677 2590 et
693 2535 722 2589 in
741 2533 862 2604 patronis
880 2533 953 2588 idem
971 2533 1007 2587 sit
1025 2531 1179 2601 dicendum,
1199 2531 1317 2586 maxime
1334 2528 1382 2584 ubi
1401 2535 1492 2585 cessat
1509 2527 1677 2583 satisdatio?
1701 2529 1726 2580 ιι
1739 2535 1763 2578 ιι

291 2627 358 2693 puto
377 2624 405 2678 in
422 2623 546 2694 patronis
565 2638 619 2678 non
637 2628 762 2694 oportere
781 2623 889 2678 admitti
906 2621 1129 2692 prouocationem
1153 2619 1206 2674 nisi
1224 2635 1259 2674 ex
1278 2635 1378 2688 magna
1396 2633 1495 2688 musa,
1516 2633 1551 2673 ne
1569 2619 1635 2687 quia
1654 2631 1725 2686 apem

291 2712 472 2768 successionis
495 2711 649 2767 deminuat:
676 2729 738 2767 nam
764 2713 787 2767 si
807 2716 923 2782 patrono
945 2712 1034 2766 tutela
1053 2726 1107 2765 non
1128 2706 1211 2763 fuerit
1231 2709 1391 2777 commissa,
1419 2708 1522 2777 poterit
1543 2722 1596 2778 per
1621 2721 1725 2776 compa

258 2806 399 2861 ebenum
419 2801 518 2856 damno
542 2800 637 2872 adlici,
661 2802 707 2872 qui
730 2802 804 2857 solus
827 2815 885 2856 rem
903 2800 997 2870 pupilli
1021 2799 1091 2854 malo
1110 2797 1290 2852 administrat
1326 2796 1355 2852 Si
1373 2797 1513 2866 legitimus
1530 2803 1611 2852 tutor
1629 2795 1726 2866 ealpite
1741 2797 1796 2846 itti

291 2891 414 2946 minutus
430 2891 480 2960 sit,
504 2889 650 2946 dcendum
669 2897 712 2945 est
729 2890 854 2946 desinere
872 2905 935 2944 eum
954 2903 1016 2944 esse
1033 2893 1153 2944 tutorem
1176 2887 1311 2942 stlocum
1329 2900 1391 2941 esse
1409 2885 1512 2942 iudicio
1530 2886 1638 2940 tutelae
1655 2882 1726 2940 linita

291 2979 385 3034 tutela.
1743 2981 1766 3022 so

256 3070 274 3128 6
345 3068 464 3123 Paunus
482 3065 551 3124 libro
569 3066 711 3137 trigesimo
729 3066 877 3123 octauoad
890 3065 1018 3122 edictum.
1048 3066 1182 3122 intestato
1193 3068 1306 3135 parente
1321 3063 1570 3134 mortuoadgnatia
1589 3056 1726 3147 [Q
1753 3062 1770 3115 d

233 3188 239 3202 ·
293 3153 414 3211 defertur
431 3156 526 3210 tutela.
553 3155 700 3212 intestatus
719 3163 810 3212 autem
829 3157 939 3212 uidetur
956 3170 1011 3211 non
1028 3158 1134 3209 tantum
1158 3155 1182 3208 ia
1205 3153 1253 3224 qui
1274 3157 1471 3208 testamentum
1496 3167 1551 3207 non
1574 3150 1658 3223 iecit,
1680 3151 1727 3206 sod

293 3249 322 3298 ot
338 3245 362 3299 is
380 3245 427 3315 qui
445 3249 610 3300 testamento
628 3245 720 3300 liboris
738 3246 795 3301 suis
813 3250 918 3300 tutores
936 3259 990 3299 non
1009 3243 1098 3298 dedit:
1117 3249 1248 3313 quantum
1266 3241 1338 3296 enim
1356 3242 1393 3296 ad
1409 3243 1524 3297 tutelam
1542 3243 1673 3312 pertinet,
1691 3243 1727 3296 in·

200 3373 202 3378 -
292 3338 409 3388 testatus
428 3337 479 3388 ιιι
505 3333 578 3388 idem
596 3333 733 3404 dicemus,
758 3335 781 3389 si
799 3338 874 3389 tutor
891 3337 1056 3389 testamento
1075 3332 1156 3387 datus
1179 3331 1267 3388 adhao
1289 3329 1345 3386 filio
1367 3331 1511 3403 impubere
1534 3338 1667 3388 manente
1685 3330 1727 3385 de

293 3423 421 3477 cesserit:
440 3437 503 3476 nam
521 3423 609 3477 tutela
626 3423 684 3478 eius
703 3423 739 3478 ad
757 3423 906 3492 adgnatum
925 3423 1079 3478 reuertitur.
1743 3425 1766 3464 ³⁵

256 3513 275 3572 7
347 3509 441 3566 Garus
458 3510 527 3566 libro
545 3513 633 3581 primo
652 3512 861 3568 institutionum.
898 3511 969 3567 Sunt
986 3516 1077 3566 autom
1096 3509 1216 3579 adgnati,
1234 3507 1359 3578 qui¹per
1370 3507 1457 3564 uirilis
1469 3523 1552 3564 sexus
1569 3501 1726 3594 Q
1753 3505 1781 3562 S·

292 3614 425 3669 personas
443 3601 607 3669 cognatione
625 3601 710 3655 iuncti
728 3603 819 3671 sunt2,
843 3601 922 3670 quasi
940 3616 958 3654 a
974 3605 1052 3670 patre
1071 3598 1193 3668 cognati,
1216 3598 1303 3652 ueluti
1320 3595 1404 3652 frater
1421 3597 1519 3653 eodem
1537 3605 1620 3667 patre
1637 3605 1726 3665 natus,

293 3685 384 3743 fratris
402 3687 474 3742 tilius
492 3703 613 3770 neposne
631 3705 666 3744 ox
684 3704 726 3760 eo,
744 3691 809 3745 item
828 3694 942 3760 patruus
960 3694 989 3744 et
1005 3689 1095 3759 patrui
1113 3686 1185 3742 filius
1202 3701 1325 3756 neposne
1343 3701 1378 3742 ex
1397 3701 1439 3743 ιο.

256 3781 276 3840 8
345 3777 465 3832 Pauuus
482 3761 551 3833 libro
568 3778 710 3847 trigesimo
729 3783 829 3834 octauo
846 3777 883 3834 ad
901 3777 1030 3833 edictum
1067 3776 1096 3833 Si
1114 3778 1247 3845 reliquero
1271 3773 1356 3830 filium
1374 3775 1545 3845 impuberem
1568 3781 1600 3831 ιι
1617 3774 1726 3831 tramam
1755 3765 1773 3820 S

293 3869 322 3919 ot
338 3871 466 3935 nepotem
490 3880 525 3921 or
547 3867 600 3921 alio
623 3865 691 3938 lilio,
715 3870 824 3922 constat
846 3870 977 3936 utrosque
1001 3882 1062 3922 esse
1086 3871 1205 3935 tutores,
1230 3865 1254 3920 si
1276 3863 1416 3934 perlectae
1439 3865 1539 3921 aetatis
1561 3871 1642 3936 sunt,
1665 3863 1728 3936 quis
1744 3871 1768 3911 sl

292 3953 390 4008 eodem
408 3953 496 4022 gradu
515 3959 587 4010 sunt.

257 4047 276 4106 9
347 4041 441 4098 Ganos
459 4041 527 4098 libro
546 4043 708 4100 duodecimo
727 4043 763 4098 ad
781 4043 902 4100 edictum
919 4043 1095 4113 prouinciale.
1132 4041 1161 4097 Si
1178 4042 1270 4112 plures
1289 4047 1353 4098 sunt
1375 4042 1502 4113 adgnati,
1525 4043 1670 4112 proximus
1687 4045 1727 4095 tu·
1755 4033 1788 4108 Ss

293 4130 376 4186 telam
395 4132 561 4186 nanciscitur
579 4137 614 4203 et,
634 4133 658 4187 si
676 4132 774 4188 eodem
791 4133 880 4203 gradu
897 4133 990 4203 plures
1008 4133 1071 4202 sint,
1090 4145 1185 4186 omnes
1204 4132 1318 4186 tutelam
1336 4132 1539 4187 nanciscuntur.

237 4225 277 4284 10
346 4219 605 4277 Hnnrroonurnuus
622 4221 692 4277 libro
711 4222 832 4277 secundo
849 4222 916 4277 iuris
933 4222 1123 4292 epitomarum.
1159 4219 1289 4290 Adgnato
1307 4229 1419 4290 proptor
1435 4218 1546 4288 femina,
1564 4235 1621 4289 quo
1639 4219 1728 4274 mium
1753 4210 1777 4266 P

293 4307 330 4362 sit
346 4307 497 4378 impuberis
515 4310 628 4380 adgnati
645 4315 727 4382 tutor,
745 4326 801 4366 non
819 4309 944 4382 obicitur,
964 4310 1079 4380 ideoque
1097 4312 1212 4380 patruus
1224 4322 1345 4365 sororem
1358 4309 1589 4380 consanguineam
1602 4307 1728 4364 babentia
1744 4315 1769 4356 ιι

293 4413 491 4484 munros)

295 4577 305 4612 ²
322 4573 462 4645 reliquos?
532 4575 544 4610 ¹
561 4576 609 4646 qui
627 4585 651 4633 rt
667 4581 733 4632 sunt
750 4576 896 4633 casdaim
913 4595 969 4632 cam
987 4577 1050 4632 Imt.
1061 4577 1086 4642 1,
1098 4577 1171 4641 15‚1

294 4735 360 4790 3ut
378 4733 431 4803 alii]
451 4733 498 4798 F1,
522 4738 550 4788 et
567 4734 613 4788 alii
630 4735 744 4802 F’Dld‘,
767 4740 799 4791 ut
821 4739 850 4790 et
872 4735 917 4790 alii
936 4736 982 4801 10,
1036 4737 1109 4790 tione
1126 4734 1154 4787 F
1201 4735 1236 4790 38
1258 4738 1373 4804 patruus
1395 4738 1425 4790 et
1448 4736 1487 4789 tte
1509 4734 1546 4788 ΡΙ
1568 4734 1573 4801 Ι
1593 4729 1727 4803 neporus]

294 4805 339 4860 alii
352 4805 388 4857 Ea
441 4805 603 4874 Ίιιιιίιιι]
618 4775 985 4872 DE⁴10‚'susnnentFWE
1027 4811 1140 4880 firmant
1162 4805 1224 4861 Ιιιι.
1248 4805 1289 4860 dic
1315 4826 1345 4859 ιι
1367 4827 1376 4859 ι
1409 4806 1526 4870 oGaio,
1550 4823 1601 4858 non
1623 4823 1654 4857 aa
1673 4805 1726 4873 dig.

294 4879 337 4932 11·
347 4875 471 4932 tutores
472 4891 551 4931 nemo
566 4877 614 4932 dat
626 4876 675 4932 sod
687 4878 731 4932 lex
748 4879 891 4934 duodecim
904 4877 983 4932 tabu-
1034 4879 1182 4950 Mendesios
1201 4876 1247 4946 [et]
1261 4825 1526 4947 n[e]plos5„edd.
1479 4876 1542 4932 Gaii
1593 4875 1629 4930 39
1646 4874 1726 4928 relin-

293 4945 388 5004 larum
400 4947 543 5003 sedetiam
555 4947 592 5001 Γ*
629 4949 982 5019 magnamnagnam
1036 4962 1121 5018 quero
1139 4949 1166 5002 F
1212 4949 1248 5004 44
1265 4949 1389 5018 proprior
1406 4947 1477 5002 ΗΠ

293 5017 485 5075 34adhuneF
514 5019 687 5090 35uam]F¹,
700 5037 764 5077 nom
774 5023 811 5075 F’
846 5021 880 5078 37
891 5020 983 5090 cogni
