3720 5544
923 227 1071 296 xxxxii

282 406 318 462 ab
336 405 511 462 emendatore
529 405 678 462 florentini
696 403 770 476 libri,
794 405 829 460 ad
847 404 957 462 codicis
980 355 1204 462 comtitntionnm
1223 405 1377 478 exemplum
1401 406 1510 478 opinor,
1533 405 1622 463 eidem
1644 405 1713 462 linro

282 513 372 569 illotas
390 517 477 569 esset
961 499 969 515 ⁸

136 623 244 682 Relinme
335 620 474 691 Excerpta
496 635 531 675 ex
554 618 669 689 digestis
690 619 765 690 apud
789 624 916 674 suctores
938 619 1066 690 antiquus
1088 623 1145 674 tam
1163 618 1284 676 Grsecos
1301 635 1383 690 qnam
1402 619 1517 674 Latium
1534 619 1581 674 uix
1598 619 1655 676 ulls
1672 634 1712 674 ro·

118 686 264 802 777Ῐὲζῖζῇ
282 728 437 798 peliuntur,
457 743 519 782 cnm
537 727 599 797 ipsa
616 725 725 796 digesta
742 727 882 796 antiquam
900 726 1080 781 litteraturam
1098 726 1301 797 quodammodo
1318 726 1448 783 claudant
1465 741 1591 797 unusque
1609 731 1712 798 auctor,

136 812 241 870 antiquae
283 833 356 906 apud
374 848 456 904 quem
475 834 533 889 iure
550 833 617 888 talio
633 848 765 904 quaeras,
783 832 904 888 isidorus
922 832 1092 904 Hispalensis
1110 837 1139 900 (i
1157 834 1220 901 636)
1239 834 1305 889 iuris
1323 834 1465 889 Iustiniani
1482 834 1583 889 nullam
1603 834 1713 890 omniuo

282 942 406 998 notitiam
425 939 554 998 habuisse
572 939 724 996 uideatur².
751 956 835 996 unum
853 940 943 995 locum
961 955 996 996 ex
1014 940 1130 1011 digestis
1148 941 1260 997 allatum
1273 957 1290 998 s
1301 940 1434 1011 Gregorio
1447 955 1547 1010 magno
1559 941 1714 996 rettulimus

283 1048 317 1118 ll,
329 1050 391 1116 803,
413 1049 528 1104 alterum
552 1045 588 1103 ob
609 1047 714 1104 Iuliano
731 1047 759 1102 in
778 1047 937 1104 collectione
955 1046 991 1102 dc
1009 1046 1198 1104 eontutorrius
1215 1048 1336 1118 positum
1354 1049 1458 1118 1,796:
1479 1051 1623 1118 praetcrea
1640 1047 1714 1118 apud

282 1154 399 1210 eundem
425 1155 559 1211 lulianum
585 1170 647 1210 cnm
671 1153 735 1210 alibi
757 1160 815 1210 tum
838 1154 998 1224 pracsertim
1022 1155 1050 1210 in
1073 1155 1268 1210 commentario
1290 1154 1411 1211 nondum
1434 1153 1509 1211 odito
1533 1155 1569 1210 sd
1591 1154 1714 1210 nouellas

283 1267 321 1328 (ιι.
334 1277 417 1332 supro
428 1279 454 1332 p.
463 1261 541 1318 Vllll
553 1279 580 1316 n.
591 1263 626 1332 2),
644 1261 710 1318 item
723 1262 751 1317 in
763 1259 978 1317 Tauriuensibus
990 1260 1100 1316 scholiis
1111 1261 1147 1316 ad
1159 1262 1356 1333 Institutioncs,
1371 1262 1480 1332 digesta
1491 1263 1645 1332 alleguntur
1655 1262 1714 1332 qui·

282 1368 344 1424 dem
362 1369 478 1440 possim,
497 1368 547 1424 sed
565 1384 627 1424 cum
645 1368 731 1424 uerba
748 1384 802 1424 non
820 1373 970 1440 ponuntur,
989 1368 1066 1424 crisis
1083 1367 1147 1423 inde
1165 1383 1219 1424 non
1237 1369 1391 1424 adluuntur.
1412 1398 1444 1410 -
1466 1369 1602 1425 Graecum
1620 1373 1714 1425 aucto

283 1491 349 1546 rem,
367 1476 414 1546 qni
432 1477 500 1547 ipsis
517 1476 634 1546 digestis
651 1491 719 1532 usus
736 1477 781 1546 sit,
799 1475 902 1532 nudum
921 1475 986 1531 noni
1000 1481 1116 1546 excepto
1127 1476 1274 1532 Laurentio
1285 1475 1365 1547 Lydo
1377 1476 1520 1532 Iustiniani
1532 1477 1666 1546 aequare
1679 1505 1713 1518 —

140 1588 250 1660 Αιριοιιι
283 1583 378 1654 longe
395 1583 504 1639 utiliore
521 1582 564 1638 his
582 1582 771 1639 subministrat
788 1582 955 1653 comparatio
973 1597 1036 1638 cum
1055 1597 1148 1638 corum
1160 1583 1337 1654 uoluminum,
1355 1597 1427 1652 qnae
1439 1599 1473 1638 ex
1485 1583 1590 1653 ingenti
1601 1598 1714 1640 numero

129 1650 265 1768 {2¹¹2thss
283 1695 472 1761 excerptorum
492 1689 703 1760 aprudentibus
715 1689 872 1746 lustinisnis
889 1688 971 1746 hodic
983 1695 1130 1761 supersunt
1139 1705 1285 1760 perpauco,
1304 1689 1367 1746 Gsii
1379 1690 1587 1760 institutionum,
1605 1690 1714 1761 Ulpiani

130 1775 264 1834 superstites
283 1799 446 1868 regularum,
455 1796 533 1852 Ponli
544 1796 739 1853 sententiarum
745 1799 765 1868 ⁴,
777 1801 836 1853 tum
848 1811 941 1852 eornm
954 1811 1025 1866 quae
1037 1812 1071 1853 ex
1082 1797 1150 1852 locis
1163 1797 1190 1853 in
1202 1796 1311 1867 digesta
1322 1796 1415 1852 relatis
1426 1795 1491 1853 alibi
1502 1797 1617 1854 redourd
1629 1799 1673 1854 uel
1685 1799 1713 1853 in

335 1979 344 2012 ¹
364 1976 484 2028 iudicabo
502 1992 533 2027 ex
551 1975 599 2028 hoc
616 1992 710 2042 genere
728 1991 793 2042 qnae
811 1975 968 2042 reperiuntur
986 1976 1095 2043 potiore:

365 2083 390 2133 p.
402 2065 501 2126 XXV',
519 2063 553 2116 27
654 2065 679 2116 ιι
698 2065 807 2116 ιιιιιιιιιιιι
825 2064 936 2116 codicem
953 2066 1083 2132 compositi
1101 2065 1129 2130 1¹}
1148 2067 1174 2117 in
1192 2066 1275 2117 futuro
1292 2065 1379 2117 codice
1396 2066 1562 2132 componendi
1582 2063 1603 2118 8

365 2171 390 2221 p.
403 2153 504 2205 XXVI·
522 2155 575 2206 n.l
653 2171 718 2220 quse
735 2153 854 2220 paratitlo
871 2163 1046 2221 nuncupantur
1063 2155 1131 2220 F’S,
1150 2173 1199 2209 om.
1212 2155 1249 2208 F¹

365 2261 390 2311 p.
403 2243 552 2306 XXXIIII',
573 2243 589 2296 7
654 2242 806 2295 trecentiens
825 2243 912 2294 decern
929 2243 998 2295 milis
1020 2261 1137 2296 uersuum
1155 2245 1187 2308 F,
1209 2244 1293 2295 tricies
1317 2251 1424 2294 centens
1446 2243 1515 2295 milia
1537 2261 1655 2297 uersuum
1678 2243 1714 2298 S:

706 2331 750 2386 ubi
767 2337 882 2402 opertum
900 2339 937 2386 est
954 2333 1023 2404 quod
1044 2341 1081 2388 est
1103 2342 1130 2388 in
1150 2332 1250 2388 Graeco
1268 2334 1379 2403 exempto
1398 2339 1435 2388 est
1457 2331 1591 2404 ιιγριᾶιωιι
1609 2351 1712 2405 spisso·

707 2419 770 2474 cinis
787 2429 899 2492 primum
917 2424 982 2476 mois
1000 2423 1036 2476 ud
1052 2425 1162 2477 litteram
1180 2439 1281 2475 ιιιιιιιιιι
1299 2439 1359 2485 esse,
1376 2427 1466 2492 posteo
1482 2428 1648 2477 retractatum

552 2509 584 2564 21
652 2510 778 2576 quoddam
797 2545 834 2562 ...
852 2509 995 2562 umbilicum
1012 2511 1040 2576 F,
1059 2511 1159 2578 qnidam
1232 2509 1402 2563 umbilicnsS

553 2599 588 2652 23
653 2599 743 2650 eodem
760 2598 854 2650 inserto
872 2597 1037 2664 uolumineIJ
1056 2601 1138 2651 eidem
1156 2600 1249 2650 inserto
1267 2599 1386 2651 uolumini
1399 2598 1420 2652 S
1426 2617 1433 2650 :
1451 2603 1484 2670 eſs
1495 2619 1522 2670 p.
1533 2598 1717 2654 XXXVIIII

704 2707 729 2740 n.
741 2687 767 2741 9.

364 2797 390 2845 p.
403 2777 538 2840 xxxvi,
560 2777 592 2829 14
653 2777 679 2828 in
696 2775 793 2828 bellicis
812 2775 929 2844 periculis
947 2777 992 2842 ΡΙ,
1011 2779 1036 2829 in
1055 2777 1150 2830 bellicis
1168 2777 1278 2830 uictoriis
1295 2775 1317 2830 S
1336 2777 1450 2848 idemque
1467 2779 1547 2832 uoluit
1565 2777 1591 2830 F
1591 2777 1603 2812 ²

365 2885 391 2935 p.
402 2867 553 2920 xxxvm·
572 2866 627 2920 ιι.2
654 2866 698 2920 nbi
715 2866 853 2920 hodontor
865 2864 983 2920 Anatolii
998 2873 1073 2938 potes·
1091 2874 1115 2922 et
1133 2885 1197 2922 ιιιιιιι
1213 2874 1319 2939 propter
1339 2874 1404 2920 iuris
1420 2873 1562 2932 scientium,
1579 2873 1714 2938 praetem

706 2955 814 3008 olionrm
833 2960 1024 3020 αιιιιιιιισιιιιιι,
1042 2975 1130 3027 nempe
1142 2955 1254 3011 Potrisii
1272 2963 1318 3010 nui
1335 2963 1358 3011 et
1375 2955 1478 3010 Leontii
1486 2957 1543 3027 filii
1561 2963 1585 3010 et
1602 2955 1714 3010 Potricii

705 3050 811 3114 nepotis,
829 3044 917 3098 londes
935 3051 1093 3099 accesserunt
1110 3053 1136 3098 in
1155 3045 1181 3097 F
1181 3044 1216 3098 'S
1235 3052 1279 3110 ito,
1297 3053 1325 3100 ut
1342 3046 1431 3100 addito
1450 3050 1577 3100 ιιιιιιιιιαιο
1596 3045 1638 3111 qni
1656 3054 1714 3112 post

706 3131 841 3183 Patricium
913 3132 991 3184 lilium
1008 3134 1062 3184 eins
1080 3141 1203 3190 sententio
1220 3141 1296 3188 ostro
1313 3138 1419 3205 simplos
1435 3135 1536 3188 moleste
1553 3140 1678 3188 oneretur.

365 3239 390 3290 p.
402 3221 526 3286 XXXX',
545 3221 580 3274 20
653 3222 701 3274 hoc
718 3221 893 3288 corrigendum
914 3239 972 3274 esse
994 3223 1136 3288 putauimns
1160 3233 1187 3274 et
1210 3223 1235 3274 in
1259 3223 1348 3276 melios
1370 3222 1561 3275 restaurandum
1579 3223 1625 3287 11⁸¹,
1648 3223 1713 3275 hono

707 3310 880 3377 corrigendam
898 3328 955 3363 esse
973 3312 1115 3379 putanimns
1132 3321 1159 3364 et
1172 3313 1198 3364 in
1216 3312 1305 3364 melius
1317 3312 1507 3364 mrtaursndam
1518 3311 1539 3366 S
1550 3315 1714 3385 similiterque

707 3399 756 3452 Εἲς
774 3400 822 3451 hoc
838 3403 949 3472 refertur
966 3401 1002 3454 od
1017 3401 1167 3456 modulum
1185 3403 1254 3475 pund
1270 3409 1307 3458 ert
1324 3401 1467 3454 constitutio

365 3507 390 3558 p.
403 3488 563 3552 XXXXVI',
584 3487 615 3541 17
654 3489 696 3556 qui
708 3506 794 3541 eorum
806 3489 959 3542 audientiam
976 3490 1086 3557 patiatur
1099 3490 1143 3554 Ft,
1161 3491 1203 3556 qui
1221 3492 1265 3544 ιιίι·
1277 3491 1429 3542 audientiam
1447 3491 1644 3544 accommodouit
1655 3489 1714 3546 ΡΒ

365 3596 391 3646 p.
404 3577 589 3640 XXXXVIII',
603 3577 637 3628 22
656 3577 692 3648 [et
710 3579 735 3628 in
754 3578 853 3648 Latina]
872 3578 1049 3631 constitutione
1069 3578 1105 3648 [ct
1122 3579 1147 3630 in
1166 3579 1288 3650 Graecei,
1313 3597 1388 3646 quom
1405 3580 1438 3631 sd
1457 3579 1542 3646 legum
1559 3579 1713 3648 professores

707 3667 843 3732 dimisimus
862 3667 913 3721 F¹s
937 3686 1001 3739 qnos
1020 3673 1088 3721 intro
1106 3687 1184 3723 uncos
1200 3677 1345 3740 posuimus,
1363 3669 1455 3723 delenit
1472 3669 1509 3721 F’
1527 3675 1667 3741 emittitque
1684 3669 1715 3734 S,

707 3764 809 3810 omnino
825 3764 962 3828 propterea
980 3755 1048 3828 qood
1064 3762 1250 3812 constitutionis
1267 3759 1373 3810 Omnem
1391 3761 1527 3830 eoenrplnm
1542 3756 1668 3814 Grosnrm
1688 3767 1714 3812 in

706 3847 788 3917 ispum
805 3847 920 3899 uolumen
937 3852 1051 3899 nmtmm
1068 3852 1195 3916 receptum
1214 3853 1258 3901 est.

283 3933 347 3986 Aliis
364 3933 425 3986 louis
443 3950 493 3986 non
512 3933 598 4000 paucis
617 3933 729 3986 similiter
746 3943 877 4000 utramque
895 3935 1066 3986 recensionem
1084 3934 1185 3986 differre
1208 3952 1259 3988 non
1277 3943 1380 4003 propter
1397 3935 1555 3990 librariorum
1573 3936 1712 4004 neglegen-

282 4025 342 4076 tism
360 4023 566 4084 remediaremus,
585 4023 631 4075 sed
649 4032 752 4091 propter
769 4024 847 4075 uerbo
865 4025 898 4076 ab
916 4025 977 4091 ipsis
995 4024 1137 4075 auctoribus
1155 4024 1289 4076 emendata
1303 4026 1368 4077 curis
1381 4026 1497 4078 secundis
1510 4043 1560 4078 nou
1572 4027 1626 4078 sine
1638 4042 1715 4078 causa

282 4113 421 4179 suspicere:
446 4129 492 4164 nos
515 4121 585 4163 certa
606 4113 660 4166 sols
683 4124 709 4164 et
732 4113 864 4180 perspicua
881 4113 929 4165 hoc
946 4112 1001 4164 loco
1020 4129 1169 4179 componere
1187 4113 1318 4166 noluimus.
1429 4113 1498 4166 ’Ne
1516 4115 1639 4182 glossaria
1657 4116 1713 4182 qui-

283 4203 341 4253 dem
359 4200 535 4254 Grsecolatins
553 4201 609 4268 ipsa
626 4202 726 4269 digesta
743 4203 834 4266 citant,
853 4219 908 4255 cnm
926 4202 1020 4269 passim
1038 4211 1152 4254 suctores
1169 4203 1288 4265 landent,
1306 4221 1337 4255 ex
1356 4204 1444 4270 quibus
1463 4205 1562 4270 digesta
1579 4203 1715 4272 compilsts

283 4299 340 4342 sunt
359 4291 393 4356 (ιι.
407 4307 429 4343 e.
443 4305 464 4342 o.
477 4289 510 4352 11,
524 4287 584 4352 790,
600 4291 652 4358 18).
672 4322 702 4330 -
723 4292 916 4344 Grsmmaticam
935 4291 1044 4358 denique
1056 4290 1186 4356 Prisciani,
1204 4309 1278 4359 quern
1296 4310 1346 4345 non
1364 4311 1437 4346 nemo
1455 4310 1535 4361 nuper
1547 4295 1603 4361 ipss
1615 4293 1715 4360 digesta

283 4380 408 4446 expilasse
431 4379 493 4430 dixit
515 4379 643 4447 imperite,
670 4389 729 4434 sule
756 4399 787 4433 ea
813 4381 927 4433 conlecta
953 4399 1003 4433 non
1030 4389 1127 4432 tontum
1151 4382 1269 4449 scriptum
1293 4399 1362 4444 esse,
1390 4383 1436 4434 sed
1460 4383 1535 4436 etium
1562 4383 1714 4450 descriptum

283 4469 368 4521 monui
386 4468 419 4520 nd
436 4469 470 4528 11,
488 4468 549 4530 348,
568 4469 611 4520 20.
717 4471 729 4506 ⁸
753 4471 790 4524 Cf.
808 4471 857 4523 uol.
871 4471 891 4534 1,
909 4471 936 4532 4,
949 4471 974 4521 3.
997 4471 1023 4532 6,
1035 4471 1061 4521 6.
1084 4468 1108 4532 7,
1122 4470 1165 4522 26.
1188 4469 1232 4532 30,
1244 4471 1269 4524 5.
1287 4473 1331 4532 31,
1344 4473 1369 4524 ³.
1395 4473 1481 4539 Lydus
1504 4489 1569 4538 quse
1589 4473 1665 4526 ιιιιίι
1682 4490 1714 4524 ex

284 4559 401 4625 digestis,
425 4567 530 4624 occepta
552 4559 629 4612 rel'ert
651 4561 680 4612 iis
704 4560 861 4622 auctoribus,
885 4577 990 4626 quorum
1012 4559 1113 4610 uomina
1136 4559 1160 4610 in
1185 4559 1290 4626 digestis
1310 4561 1466 4629 praescripta
1487 4571 1555 4614 sunt:
1578 4562 1628 4616 nisi
1647 4562 1715 4629 quod

284 4665 348 4714 quse
366 4649 491 4714 excerpsit
508 4667 539 4701 ex
552 4649 729 4716 Pomponianis
747 4649 780 4700 D.
795 4649 817 4714 1,
831 4649 856 4713 2,
869 4649 886 4700 2
904 4648 982 4702 semel
1000 4649 1118 4716 proponit
1135 4649 1181 4700 sub
1200 4649 1300 4701 nomine
1312 4649 1452 4718 Pomponii,
1470 4651 1508 4703 bis
1521 4651 1553 4717 (I,
1564 4653 1591 4713 4,
1604 4652 1629 4704 3.
1648 4651 1673 4714 6,
1686 4651 1713 4718 6)

284 4738 330 4789 sub
348 4737 449 4789 nomine
467 4737 530 4800 (isi,
554 4738 675 4804 deceptus
692 4756 738 4802 eo,
761 4740 828 4804 quod
846 4739 927 4807 prima
945 4738 1056 4790 eiusdem
1080 4737 1147 4789 tituli
1169 4736 1210 4790 lex
1233 4755 1294 4789 uere
1313 4739 1362 4790 dni
1380 4748 1427 4792 ost.
1454 4748 1541 4792 contra
1559 4758 1623 4807 quse
1644 4743 1666 4804 1,
1679 4742 1714 4793 48

283 4827 373 4878 afferre
396 4843 424 4878 se
447 4827 483 4878 ait
505 4845 536 4879 ex
554 4827 662 4894 Ulpiano
680 4825 710 4881 ὲιι
734 4828 790 4881 soie
813 4827 1038 4899 nporpeoonirrorc
1060 4827 1312 4898 nporprdorsstiorc,
1336 4828 1361 4880 in
1386 4829 1490 4896 digestis
1513 4847 1564 4882 non
1588 4830 1714 4897 ingeintur.

282 4915 370 4968 ‘Non
389 4916 518 4968 citsuirnus
537 4933 602 4983 quoe
619 4917 688 4983 apud
705 4917 751 4968 hos
770 4927 884 4969 auctores
902 4918 977 4970 hodie
996 4917 1113 4984 leguntur
1131 4919 1156 4968 in
1175 4918 1324 4970 editionibus
1343 4919 1458 4970 restituta
1476 4935 1506 4970 sx
1525 4919 1586 4986 ipsis
1599 4919 1714 4985 digestis,

284 5023 348 5071 quse
366 5005 444 5057 multa
462 5015 527 5068 sunt,
545 5007 652 5058 maxine
669 5007 693 5058 in
712 5004 799 5058 Panlo.
