<?xml version="1.0" encoding="UTF-8"?>
<!DOCTYPE html PUBLIC "-//W3C//DTD XHTML 1.0 Transitional//EN"
    "http://www.w3.org/TR/xhtml1/DTD/xhtml1-transitional.dtd">
<html xmlns="http://www.w3.org/1999/xhtml" xml:lang="en" lang="en">
 <head>
  <title>
</title>
<meta http-equiv="Content-Type" content="text/html;charset=utf-8" />
  <meta name='ocr-system' content='tesseract 3.04.00' />
  <meta name='ocr-capabilities' content='ocr_page ocr_carea ocr_par ocr_line ocrx_word'/>
</head>
<body>
  <div class='ocr_page' id='page_1' title='image "./digestaiustinia00mommgoog_0777.png"; bbox 0 0 3766 5554; ppageno 0'>
   <div class='ocr_carea' id='block_1_1' title="bbox 263 227 1699 308">
    <p class='ocr_par' dir='ltr' id='par_1_1' title="bbox 263 227 1699 308">
     <span class='ocr_line' id='line_1_1' title="bbox 263 227 1699 308; baseline -0.002 -5"><span class='ocrx_word' id='word_1_1' title='bbox 263 235 337 304; x_wconf 81' lang='lat' dir='ltr'><strong>xxi</strong></span> <span class='ocrx_word' id='word_1_2' title='bbox 363 241 375 302; x_wconf 95' lang='lat' dir='ltr'><strong>l</strong></span> <span class='ocrx_word' id='word_1_3' title='bbox 400 243 514 298; x_wconf 72' lang='lat'>18-21</span> <span class='ocrx_word' id='word_1_4' title='bbox 933 227 1021 308; x_wconf 84' lang='grc'><strong>608</strong></span> <span class='ocrx_word' id='word_1_5' title='bbox 1453 252 1500 308; x_wconf 82' lang='lat' dir='ltr'><strong>pn</strong></span> <span class='ocrx_word' id='word_1_6' title='bbox 1522 250 1699 300; x_wconf 77' lang='lat' dir='ltr'><strong>nnnmrcro</strong></span> 
     </span>
    </p>
   </div>
   <div class='ocr_carea' id='block_1_2' title="bbox 208 386 1803 4023">
    <p class='ocr_par' dir='ltr' id='par_1_2' title="bbox 230 386 1701 550">
     <span class='ocr_line' id='line_1_2' title="bbox 230 386 1701 462; baseline 0.001 -18"><span class='ocrx_word' id='word_1_7' title='bbox 230 400 242 444; x_wconf 90' lang='lat'>1</span> <span class='ocrx_word' id='word_1_8' title='bbox 263 393 408 460; x_wconf 89' lang='lat' dir='ltr'><strong>Uenditor,</strong></span> <span class='ocrx_word' id='word_1_9' title='bbox 432 391 478 462; x_wconf 87' lang='lat' dir='ltr'><strong>qni</strong></span> <span class='ocrx_word' id='word_1_10' title='bbox 502 391 634 461; x_wconf 90' lang='lat' dir='ltr'><strong>optimum</strong></span> <span class='ocrx_word' id='word_1_11' title='bbox 660 405 755 446; x_wconf 86' lang='lat' dir='ltr'><strong>cocum</strong></span> <span class='ocrx_word' id='word_1_12' title='bbox 774 403 834 444; x_wconf 93' lang='lat' dir='ltr'><strong>esse</strong></span> <span class='ocrx_word' id='word_1_13' title='bbox 854 389 967 459; x_wconf 80' lang='lat' dir='ltr'><strong>dixerit,</strong></span> <span class='ocrx_word' id='word_1_14' title='bbox 991 388 1123 459; x_wconf 88' lang='lat' dir='ltr'><strong>optimum</strong></span> <span class='ocrx_word' id='word_1_15' title='bbox 1142 389 1170 444; x_wconf 93' lang='lat' dir='ltr'><strong>in</strong></span> <span class='ocrx_word' id='word_1_16' title='bbox 1188 403 1221 445; x_wconf 88' lang='lat' dir='ltr'><strong>eo</strong></span> <span class='ocrx_word' id='word_1_17' title='bbox 1239 386 1355 444; x_wconf 83' lang='lat' dir='ltr'><strong>artificio</strong></span> <span class='ocrx_word' id='word_1_18' title='bbox 1372 393 1514 459; x_wconf 81' lang='lat' dir='ltr'><strong>praestare</strong></span> <span class='ocrx_word' id='word_1_19' title='bbox 1531 389 1629 446; x_wconf 87' lang='lat' dir='ltr'><strong>dehet:</strong></span> <span class='ocrx_word' id='word_1_20' title='bbox 1653 390 1701 460; x_wconf 90' lang='lat' dir='ltr'><strong>qui</strong></span> 
     </span>
     <span class='ocr_line' id='line_1_3' title="bbox 263 477 1701 550; baseline -0.002 -13"><span class='ocrx_word' id='word_1_21' title='bbox 263 498 329 538; x_wconf 92' lang='lat' dir='ltr'><strong>uero</strong></span> <span class='ocrx_word' id='word_1_22' title='bbox 347 481 507 550; x_wconf 90' lang='lat' dir='ltr'><strong>simpliciter</strong></span> <span class='ocrx_word' id='word_1_23' title='bbox 525 497 621 536; x_wconf 89' lang='lat' dir='ltr'><strong>cocum</strong></span> <span class='ocrx_word' id='word_1_24' title='bbox 641 494 702 535; x_wconf 85' lang='lat' dir='ltr'><strong>esse</strong></span> <span class='ocrx_word' id='word_1_25' title='bbox 718 479 825 548; x_wconf 78' lang='lat' dir='ltr'>dixerit,</span> <span class='ocrx_word' id='word_1_26' title='bbox 844 477 1014 534; x_wconf 78' lang='lat' dir='ltr'><strong>satisfacere</strong></span> <span class='ocrx_word' id='word_1_27' title='bbox 1027 477 1144 548; x_wconf 90' lang='lat' dir='ltr'><strong>uidetur,</strong></span> <span class='ocrx_word' id='word_1_28' title='bbox 1163 478 1270 532; x_wconf 88' lang='lat' dir='ltr'><strong>etiamsi</strong></span> <span class='ocrx_word' id='word_1_29' title='bbox 1283 478 1446 534; x_wconf 76' lang='lat' dir='ltr'><strong>mediocrem</strong></span> <span class='ocrx_word' id='word_1_30' title='bbox 1460 494 1556 534; x_wconf 78' lang='lat' dir='ltr'><strong>mcum</strong></span> <span class='ocrx_word' id='word_1_31' title='bbox 1568 485 1701 550; x_wconf 88' lang='lat' dir='ltr'><strong>praestet.</strong></span> 
     </span>
    </p>

    <p class='ocr_par' dir='ltr' id='par_1_3' title="bbox 230 565 1735 730">
     <span class='ocr_line' id='line_1_4' title="bbox 230 565 1702 640; baseline 0.001 -17"><span class='ocrx_word' id='word_1_32' title='bbox 230 579 245 623; x_wconf 80' lang='lat'>2</span> <span class='ocrx_word' id='word_1_33' title='bbox 263 571 335 626; x_wconf 92' lang='lat' dir='ltr'><strong>idem</strong></span> <span class='ocrx_word' id='word_1_34' title='bbox 354 575 383 625; x_wconf 91' lang='lat' dir='ltr'><strong>et</strong></span> <span class='ocrx_word' id='word_1_35' title='bbox 400 571 428 625; x_wconf 92' lang='lat' dir='ltr'><strong>in</strong></span> <span class='ocrx_word' id='word_1_36' title='bbox 446 571 544 625; x_wconf 81' lang='lat' dir='ltr'><strong>ceteris</strong></span> <span class='ocrx_word' id='word_1_37' title='bbox 562 567 710 640; x_wconf 83' lang='lat' dir='ltr'><strong>generibus</strong></span> <span class='ocrx_word' id='word_1_38' title='bbox 728 566 912 623; x_wconf 87' lang='lat' dir='ltr'><strong>artificiorum.</strong></span> <span class='ocrx_word' id='word_1_39' title='bbox 939 565 1036 636; x_wconf 81' lang='lat' dir='ltr'><strong>Aeque</strong></span> <span class='ocrx_word' id='word_1_40' title='bbox 1055 567 1078 621; x_wconf 86' lang='lat' dir='ltr'><strong>si</strong></span> <span class='ocrx_word' id='word_1_41' title='bbox 1096 567 1157 637; x_wconf 87' lang='lat' dir='ltr'><strong>quis</strong></span> <span class='ocrx_word' id='word_1_42' title='bbox 1175 567 1334 637; x_wconf 89' lang='lat' dir='ltr'><strong>simpliciter</strong></span> <span class='ocrx_word' id='word_1_43' title='bbox 1348 567 1448 624; x_wconf 89' lang='lat' dir='ltr'><strong>dixerit</strong></span> <span class='ocrx_word' id='word_1_44' title='bbox 1458 569 1626 639; x_wconf 83' lang='lat' dir='ltr'><strong>peculiatnm</strong></span> <span class='ocrx_word' id='word_1_45' title='bbox 1639 583 1702 624; x_wconf 85' lang='lat' dir='ltr'><strong>esse</strong></span> 
     </span>
     <span class='ocr_line' id='line_1_5' title="bbox 263 654 1735 730; baseline -0.006 -13"><span class='ocrx_word' id='word_1_46' title='bbox 263 676 383 730; x_wconf 88' lang='lat' dir='ltr'><strong>seruum,</strong></span> <span class='ocrx_word' id='word_1_47' title='bbox 401 657 510 729; x_wconf 87' lang='lat' dir='ltr'><strong>sufficit,</strong></span> <span class='ocrx_word' id='word_1_48' title='bbox 529 659 553 714; x_wconf 90' lang='lat' dir='ltr'><strong>si</strong></span> <span class='ocrx_word' id='word_1_49' title='bbox 571 659 595 712; x_wconf 90' lang='lat' dir='ltr'><strong>is</strong></span> <span class='ocrx_word' id='word_1_50' title='bbox 613 658 658 713; x_wconf 89' lang='lat' dir='ltr'><strong>uel</strong></span> <span class='ocrx_word' id='word_1_51' title='bbox 676 657 818 712; x_wconf 89' lang='lat' dir='ltr'><strong>minimum</strong></span> <span class='ocrx_word' id='word_1_52' title='bbox 836 654 937 711; x_wconf 87' lang='lat' dir='ltr'><strong>habeat</strong></span> <span class='ocrx_word' id='word_1_53' title='bbox 954 655 1100 726; x_wconf 87' lang='lat' dir='ltr'><strong>peculium.</strong></span> <span class='ocrx_word' id='word_1_54' title='bbox 1721 669 1735 708; x_wconf 80' lang='lat' dir='ltr'><strong>s</strong></span> 
     </span>
    </p>

    <p class='ocr_par' dir='ltr' id='par_1_4' title="bbox 208 743 1748 1086">
     <span class='ocr_line' id='line_1_6' title="bbox 208 743 1748 816; baseline 0.003 -15"><span class='ocrx_word' id='word_1_55' title='bbox 208 744 245 802; x_wconf 86' lang='lat'><strong>19</strong></span> <span class='ocrx_word' id='word_1_56' title='bbox 317 749 467 805; x_wconf 77' lang='lat' dir='ltr'><strong>Unrranus</strong></span> <span class='ocrx_word' id='word_1_57' title='bbox 485 747 554 803; x_wconf 93' lang='lat' dir='ltr'><strong>libro</strong></span> <span class='ocrx_word' id='word_1_58' title='bbox 571 747 661 816; x_wconf 88' lang='lat' dir='ltr'><strong>primo</strong></span> <span class='ocrx_word' id='word_1_59' title='bbox 678 746 714 801; x_wconf 89' lang='lat' dir='ltr'><strong>ad</strong></span> <span class='ocrx_word' id='word_1_60' title='bbox 732 745 851 800; x_wconf 89' lang='lat' dir='ltr'><strong>edictum</strong></span> <span class='ocrx_word' id='word_1_61' title='bbox 870 745 998 800; x_wconf 90' lang='lat' dir='ltr'><strong>aedilium</strong></span> <span class='ocrx_word' id='word_1_62' title='bbox 1018 745 1160 800; x_wconf 88' lang='lat' dir='ltr'><strong>curulium.</strong></span> <span class='ocrx_word' id='word_1_63' title='bbox 1188 743 1335 801; x_wconf 80' lang='lat' dir='ltr'><strong>Sciendum</strong></span> <span class='ocrx_word' id='word_1_64' title='bbox 1354 749 1446 800; x_wconf 86' lang='lat' dir='ltr'><strong>tamen</strong></span> <span class='ocrx_word' id='word_1_65' title='bbox 1464 749 1508 800; x_wconf 92' lang='lat' dir='ltr'><strong>est</strong></span> <span class='ocrx_word' id='word_1_66' title='bbox 1538 757 1703 815; x_wconf 79' lang='lat' dir='ltr'><strong>B.1s,1o,1a</strong></span> <span class='ocrx_word' id='word_1_67' title='bbox 1722 751 1748 805; x_wconf 76' lang='lat'><strong>13</strong></span> 
     </span>
     <span class='ocr_line' id='line_1_7' title="bbox 263 833 1704 910; baseline -0.003 -16"><span class='ocrx_word' id='word_1_68' title='bbox 263 837 399 910; x_wconf 78' lang='lat' dir='ltr'><strong>quaedam</strong></span> <span class='ocrx_word' id='word_1_69' title='bbox 417 842 446 893; x_wconf 90' lang='lat' dir='ltr'><strong>et</strong></span> <span class='ocrx_word' id='word_1_70' title='bbox 463 837 487 893; x_wconf 94' lang='lat' dir='ltr'><strong>si</strong></span> <span class='ocrx_word' id='word_1_71' title='bbox 505 836 605 892; x_wconf 82' lang='lat' dir='ltr'><strong>dixerit</strong></span> <span class='ocrx_word' id='word_1_72' title='bbox 622 841 764 906; x_wconf 87' lang='lat' dir='ltr'><strong>praestare</strong></span> <span class='ocrx_word' id='word_1_73' title='bbox 782 849 844 890; x_wconf 90' lang='lat' dir='ltr'><strong>eum</strong></span> <span class='ocrx_word' id='word_1_74' title='bbox 863 848 918 889; x_wconf 90' lang='lat' dir='ltr'><strong>non</strong></span> <span class='ocrx_word' id='word_1_75' title='bbox 936 833 1046 904; x_wconf 90' lang='lat' dir='ltr'><strong>debere,</strong></span> <span class='ocrx_word' id='word_1_76' title='bbox 1065 834 1169 889; x_wconf 87' lang='lat' dir='ltr'><strong>scilicet</strong></span> <span class='ocrx_word' id='word_1_77' title='bbox 1186 849 1227 904; x_wconf 88' lang='lat' dir='ltr'><strong>ea,</strong></span> <span class='ocrx_word' id='word_1_78' title='bbox 1247 849 1319 904; x_wconf 91' lang='lat' dir='ltr'><strong>quae</strong></span> <span class='ocrx_word' id='word_1_79' title='bbox 1337 833 1372 888; x_wconf 88' lang='lat' dir='ltr'><strong>ad</strong></span> <span class='ocrx_word' id='word_1_80' title='bbox 1391 834 1493 890; x_wconf 87' lang='lat' dir='ltr'><strong>nudam</strong></span> <span class='ocrx_word' id='word_1_81' title='bbox 1504 835 1615 891; x_wconf 89' lang='lat' dir='ltr'><strong>laudem</strong></span> <span class='ocrx_word' id='word_1_82' title='bbox 1628 835 1704 892; x_wconf 90' lang='lat' dir='ltr'><strong>serui</strong></span> 
     </span>
     <span class='ocr_line' id='line_1_8' title="bbox 263 922 1704 1000; baseline -0.001 -17"><span class='ocrx_word' id='word_1_83' title='bbox 263 929 414 1000; x_wconf 83' lang='lat' dir='ltr'><strong>pertinent:</strong></span> <span class='ocrx_word' id='word_1_84' title='bbox 432 926 518 982; x_wconf 89' lang='lat' dir='ltr'><strong>ueluti</strong></span> <span class='ocrx_word' id='word_1_85' title='bbox 537 926 561 980; x_wconf 86' lang='lat' dir='ltr'><strong>si</strong></span> <span class='ocrx_word' id='word_1_86' title='bbox 578 925 678 980; x_wconf 84' lang='lat' dir='ltr'><strong>dixerit</strong></span> <span class='ocrx_word' id='word_1_87' title='bbox 695 923 767 993; x_wconf 82' lang='lat' dir='ltr'><strong>frugi</strong></span> <span class='ocrx_word' id='word_1_88' title='bbox 785 922 900 994; x_wconf 92' lang='lat' dir='ltr'><strong>probum</strong></span> <span class='ocrx_word' id='word_1_89' title='bbox 920 922 993 978; x_wconf 88' lang='lat' dir='ltr'><strong>dicto</strong></span> <span class='ocrx_word' id='word_1_90' title='bbox 1012 923 1178 978; x_wconf 77' lang='lat' dir='ltr'><strong>audientem.</strong></span> <span class='ocrx_word' id='word_1_91' title='bbox 1206 927 1237 978; x_wconf 90' lang='lat' dir='ltr'><strong>ut</strong></span> <span class='ocrx_word' id='word_1_92' title='bbox 1254 923 1326 979; x_wconf 89' lang='lat' dir='ltr'><strong>enim</strong></span> <span class='ocrx_word' id='word_1_93' title='bbox 1344 923 1446 978; x_wconf 90' lang='lat' dir='ltr'><strong>Pedius</strong></span> <span class='ocrx_word' id='word_1_94' title='bbox 1464 922 1566 995; x_wconf 90' lang='lat' dir='ltr'><strong>scribit,</strong></span> <span class='ocrx_word' id='word_1_95' title='bbox 1584 926 1704 981; x_wconf 84' lang='lat' dir='ltr'><strong>multum</strong></span> 
     </span>
     <span class='ocr_line' id='line_1_9' title="bbox 264 1011 1704 1086; baseline -0.003 -13"><span class='ocrx_word' id='word_1_96' title='bbox 264 1019 389 1086; x_wconf 89' lang='lat' dir='ltr'><strong>interest,</strong></span> <span class='ocrx_word' id='word_1_97' title='bbox 411 1014 620 1072; x_wconf 86' lang='lat' dir='ltr'><strong>commendandi</strong></span> <span class='ocrx_word' id='word_1_98' title='bbox 639 1013 711 1068; x_wconf 90' lang='lat' dir='ltr'><strong>serui</strong></span> <span class='ocrx_word' id='word_1_99' title='bbox 730 1026 815 1066; x_wconf 87' lang='lat' dir='ltr'><strong>eausa</strong></span> <span class='ocrx_word' id='word_1_100' title='bbox 832 1011 897 1080; x_wconf 91' lang='lat' dir='ltr'><strong>quid</strong></span> <span class='ocrx_word' id='word_1_101' title='bbox 916 1011 1029 1082; x_wconf 85' lang='lat' dir='ltr'><strong>dixerit,</strong></span> <span class='ocrx_word' id='word_1_102' title='bbox 1047 1028 1083 1067; x_wconf 89' lang='lat' dir='ltr'><strong>an</strong></span> <span class='ocrx_word' id='word_1_103' title='bbox 1101 1027 1169 1067; x_wconf 90' lang='lat' dir='ltr'><strong>uero</strong></span> <span class='ocrx_word' id='word_1_104' title='bbox 1185 1017 1389 1083; x_wconf 73' lang='lat' dir='ltr'><strong>praestaturum</strong></span> <span class='ocrx_word' id='word_1_105' title='bbox 1407 1026 1438 1068; x_wconf 92' lang='lat' dir='ltr'><strong>se</strong></span> <span class='ocrx_word' id='word_1_106' title='bbox 1455 1013 1611 1082; x_wconf 91' lang='lat' dir='ltr'><strong>promiserit</strong></span> <span class='ocrx_word' id='word_1_107' title='bbox 1629 1012 1704 1084; x_wconf 91' lang='lat' dir='ltr'><strong>quod</strong></span> 
     </span>
    </p>

    <p class='ocr_par' dir='ltr' id='par_1_5' title="bbox 232 1099 1704 1172">
     <span class='ocr_line' id='line_1_10' title="bbox 232 1099 1704 1172; baseline 0 -14"><span class='ocrx_word' id='word_1_108' title='bbox 232 1113 244 1158; x_wconf 90' lang='lat'>1</span> <span class='ocrx_word' id='word_1_109' title='bbox 265 1106 342 1162; x_wconf 88' lang='lat' dir='ltr'><strong>dixit.</strong></span> <span class='ocrx_word' id='word_1_110' title='bbox 374 1105 458 1160; x_wconf 88' lang='lat' dir='ltr'><strong>Plane</strong></span> <span class='ocrx_word' id='word_1_111' title='bbox 476 1104 500 1158; x_wconf 93' lang='lat' dir='ltr'><strong>si</strong></span> <span class='ocrx_word' id='word_1_112' title='bbox 517 1103 617 1158; x_wconf 84' lang='lat' dir='ltr'><strong>dixerit</strong></span> <span class='ocrx_word' id='word_1_113' title='bbox 635 1103 782 1158; x_wconf 73' lang='lat' dir='ltr'><strong>aleatorem</strong></span> <span class='ocrx_word' id='word_1_114' title='bbox 802 1115 949 1170; x_wconf 81' lang='lat' dir='ltr'><strong>nonense,</strong></span> <span class='ocrx_word' id='word_1_115' title='bbox 975 1099 1061 1156; x_wconf 86' lang='lat' dir='ltr'><strong>iurem</strong></span> <span class='ocrx_word' id='word_1_116' title='bbox 1080 1117 1136 1156; x_wconf 92' lang='lat' dir='ltr'><strong>non</strong></span> <span class='ocrx_word' id='word_1_117' title='bbox 1154 1115 1229 1172; x_wconf 91' lang='lat' dir='ltr'><strong>esse,</strong></span> <span class='ocrx_word' id='word_1_118' title='bbox 1248 1101 1284 1156; x_wconf 92' lang='lat' dir='ltr'><strong>ad</strong></span> <span class='ocrx_word' id='word_1_119' title='bbox 1302 1105 1422 1158; x_wconf 85' lang='lat' dir='ltr'><strong>statuam</strong></span> <span class='ocrx_word' id='word_1_120' title='bbox 1440 1117 1588 1172; x_wconf 75' lang='lat' dir='ltr'><strong>numquam</strong></span> <span class='ocrx_word' id='word_1_121' title='bbox 1608 1101 1704 1160; x_wconf 86' lang='lat' dir='ltr'><strong>eoniir-</strong></span> 
     </span>
    </p>

    <p class='ocr_par' dir='ltr' id='par_1_6' title="bbox 232 1188 1751 1618">
     <span class='ocr_line' id='line_1_11' title="bbox 232 1188 1751 1266; baseline 0 -20"><span class='ocrx_word' id='word_1_122' title='bbox 232 1201 246 1246; x_wconf 78' lang='lat'>2</span> <span class='ocrx_word' id='word_1_123' title='bbox 264 1197 347 1266; x_wconf 80' lang='lat' dir='ltr'><strong>gisae,</strong></span> <span class='ocrx_word' id='word_1_124' title='bbox 365 1198 474 1264; x_wconf 89' lang='lat' dir='ltr'><strong>oportet</strong></span> <span class='ocrx_word' id='word_1_125' title='bbox 491 1208 553 1248; x_wconf 90' lang='lat' dir='ltr'><strong>eum</strong></span> <span class='ocrx_word' id='word_1_126' title='bbox 571 1191 600 1246; x_wconf 96' lang='lat' dir='ltr'><strong>id</strong></span> <span class='ocrx_word' id='word_1_127' title='bbox 614 1195 763 1262; x_wconf 86' lang='lat' dir='ltr'><strong>praestare.</strong></span> <span class='ocrx_word' id='word_1_128' title='bbox 790 1188 902 1244; x_wconf 81' lang='lat' dir='ltr'><strong>Dictum</strong></span> <span class='ocrx_word' id='word_1_129' title='bbox 914 1205 931 1243; x_wconf 86' lang='lat' dir='ltr'><strong>a</strong></span> <span class='ocrx_word' id='word_1_130' title='bbox 942 1189 1076 1260; x_wconf 88' lang='lat' dir='ltr'><strong>promisso</strong></span> <span class='ocrx_word' id='word_1_131' title='bbox 1089 1190 1129 1244; x_wconf 88' lang='lat' dir='ltr'><strong>sic</strong></span> <span class='ocrx_word' id='word_1_132' title='bbox 1140 1190 1315 1246; x_wconf 85' lang='lat' dir='ltr'><strong>discernitur:</strong></span> <span class='ocrx_word' id='word_1_133' title='bbox 1334 1190 1438 1246; x_wconf 88' lang='lat' dir='ltr'><strong>dictum</strong></span> <span class='ocrx_word' id='word_1_134' title='bbox 1450 1191 1611 1262; x_wconf 84' lang='lat' dir='ltr'><strong>accipimus,</strong></span> <span class='ocrx_word' id='word_1_135' title='bbox 1630 1191 1704 1263; x_wconf 91' lang='lat' dir='ltr'><strong>quod</strong></span> <span class='ocrx_word' id='word_1_136' title='bbox 1724 1199 1751 1239; x_wconf 74' lang='lat'><strong>1⁰</strong></span> 
     </span>
     <span class='ocr_line' id='line_1_12' title="bbox 264 1275 1705 1353; baseline -0.003 -13"><span class='ocrx_word' id='word_1_137' title='bbox 264 1284 350 1340; x_wconf 86' lang='lat' dir='ltr'><strong>narbo</strong></span> <span class='ocrx_word' id='word_1_138' title='bbox 367 1289 448 1338; x_wconf 91' lang='lat' dir='ltr'><strong>tenus</strong></span> <span class='ocrx_word' id='word_1_139' title='bbox 466 1281 672 1353; x_wconf 90' lang='lat' dir='ltr'><strong>pronuntiatum</strong></span> <span class='ocrx_word' id='word_1_140' title='bbox 691 1283 734 1335; x_wconf 91' lang='lat' dir='ltr'><strong>est</strong></span> <span class='ocrx_word' id='word_1_141' title='bbox 751 1277 880 1347; x_wconf 90' lang='lat' dir='ltr'><strong>nudoque</strong></span> <span class='ocrx_word' id='word_1_142' title='bbox 898 1293 1022 1334; x_wconf 89' lang='lat' dir='ltr'><strong>sermono</strong></span> <span class='ocrx_word' id='word_1_143' title='bbox 1040 1275 1146 1334; x_wconf 90' lang='lat' dir='ltr'><strong>finitur:</strong></span> <span class='ocrx_word' id='word_1_144' title='bbox 1164 1279 1331 1347; x_wconf 88' lang='lat' dir='ltr'><strong>promissum</strong></span> <span class='ocrx_word' id='word_1_145' title='bbox 1350 1284 1442 1334; x_wconf 90' lang='lat' dir='ltr'><strong>autem</strong></span> <span class='ocrx_word' id='word_1_146' title='bbox 1460 1284 1553 1351; x_wconf 88' lang='lat' dir='ltr'><strong>potest</strong></span> <span class='ocrx_word' id='word_1_147' title='bbox 1568 1278 1665 1336; x_wconf 79' lang='lat' dir='ltr'><strong>referri</strong></span> <span class='ocrx_word' id='word_1_148' title='bbox 1677 1287 1705 1336; x_wconf 87' lang='lat' dir='ltr'><strong>et</strong></span> 
     </span>
     <span class='ocr_line' id='line_1_13' title="bbox 264 1367 1704 1442; baseline -0.002 -13"><span class='ocrx_word' id='word_1_149' title='bbox 264 1373 302 1430; x_wconf 85' lang='lat' dir='ltr'><strong>ad</strong></span> <span class='ocrx_word' id='word_1_150' title='bbox 324 1371 426 1428; x_wconf 90' lang='lat' dir='ltr'><strong>nudam</strong></span> <span class='ocrx_word' id='word_1_151' title='bbox 444 1370 651 1442; x_wconf 89' lang='lat' dir='ltr'><strong>promissionem</strong></span> <span class='ocrx_word' id='word_1_152' title='bbox 670 1369 731 1424; x_wconf 90' lang='lat' dir='ltr'><strong>siue</strong></span> <span class='ocrx_word' id='word_1_153' title='bbox 747 1367 970 1438; x_wconf 77' lang='lat' dir='ltr'><strong>pollicitationem</strong></span> <span class='ocrx_word' id='word_1_154' title='bbox 989 1367 1035 1422; x_wconf 91' lang='lat' dir='ltr'><strong>uel</strong></span> <span class='ocrx_word' id='word_1_155' title='bbox 1053 1367 1088 1422; x_wconf 91' lang='lat' dir='ltr'><strong>ad</strong></span> <span class='ocrx_word' id='word_1_156' title='bbox 1106 1382 1247 1438; x_wconf 93' lang='lat' dir='ltr'><strong>sponsum.</strong></span> <span class='ocrx_word' id='word_1_157' title='bbox 1278 1369 1429 1424; x_wconf 89' lang='lat' dir='ltr'><strong>secundum</strong></span> <span class='ocrx_word' id='word_1_158' title='bbox 1447 1369 1521 1439; x_wconf 90' lang='lat' dir='ltr'><strong>quod</strong></span> <span class='ocrx_word' id='word_1_159' title='bbox 1538 1371 1654 1440; x_wconf 86' lang='lat' dir='ltr'><strong>incipiet</strong></span> <span class='ocrx_word' id='word_1_160' title='bbox 1672 1372 1704 1440; x_wconf 93' lang='lat' dir='ltr'><strong>is,</strong></span> 
     </span>
     <span class='ocr_line' id='line_1_14' title="bbox 264 1456 1704 1533; baseline -0.003 -15"><span class='ocrx_word' id='word_1_161' title='bbox 264 1463 311 1533; x_wconf 91' lang='lat' dir='ltr'><strong>qui</strong></span> <span class='ocrx_word' id='word_1_162' title='bbox 329 1462 364 1517; x_wconf 90' lang='lat' dir='ltr'><strong>de</strong></span> <span class='ocrx_word' id='word_1_163' title='bbox 382 1459 538 1516; x_wconf 91' lang='lat' dir='ltr'><strong>huiusmodi</strong></span> <span class='ocrx_word' id='word_1_164' title='bbox 556 1475 641 1514; x_wconf 88' lang='lat' dir='ltr'><strong>eausa</strong></span> <span class='ocrx_word' id='word_1_165' title='bbox 659 1457 800 1528; x_wconf 78' lang='lat' dir='ltr'><strong>stipulanti</strong></span> <span class='ocrx_word' id='word_1_166' title='bbox 819 1456 975 1527; x_wconf 82' lang='lat' dir='ltr'><strong>spopondit,</strong></span> <span class='ocrx_word' id='word_1_167' title='bbox 995 1461 1023 1512; x_wconf 91' lang='lat' dir='ltr'><strong>et</strong></span> <span class='ocrx_word' id='word_1_168' title='bbox 1041 1472 1076 1512; x_wconf 91' lang='lat' dir='ltr'><strong>ex</strong></span> <span class='ocrx_word' id='word_1_169' title='bbox 1088 1457 1220 1527; x_wconf 88' lang='lat' dir='ltr'><strong>stipulatu</strong></span> <span class='ocrx_word' id='word_1_170' title='bbox 1231 1472 1314 1526; x_wconf 90' lang='lat' dir='ltr'><strong>posse</strong></span> <span class='ocrx_word' id='word_1_171' title='bbox 1327 1458 1467 1517; x_wconf 88' lang='lat' dir='ltr'><strong>conueniri</strong></span> <span class='ocrx_word' id='word_1_172' title='bbox 1479 1463 1507 1514; x_wconf 89' lang='lat' dir='ltr'><strong>et</strong></span> <span class='ocrx_word' id='word_1_173' title='bbox 1518 1459 1704 1515; x_wconf 89' lang='lat' dir='ltr'><strong>redhibitoriis</strong></span> 
     </span>
     <span class='ocr_line' id='line_1_15' title="bbox 265 1546 1705 1618; baseline -0.003 -11"><span class='ocrx_word' id='word_1_174' title='bbox 265 1549 430 1607; x_wconf 89' lang='lat' dir='ltr'><strong>actionibus:</strong></span> <span class='ocrx_word' id='word_1_175' title='bbox 454 1552 525 1604; x_wconf 73' lang='grc' dir='ltr'><strong>ιιοιιι</strong></span> <span class='ocrx_word' id='word_1_176' title='bbox 544 1563 661 1618; x_wconf 90' lang='lat' dir='ltr'><strong>nouum,</strong></span> <span class='ocrx_word' id='word_1_177' title='bbox 685 1562 748 1602; x_wconf 86' lang='lat' dir='ltr'><strong>num</strong></span> <span class='ocrx_word' id='word_1_178' title='bbox 765 1549 795 1601; x_wconf 90' lang='lat' dir='ltr'><strong>et</strong></span> <span class='ocrx_word' id='word_1_179' title='bbox 813 1546 859 1616; x_wconf 94' lang='lat' dir='ltr'><strong>qui</strong></span> <span class='ocrx_word' id='word_1_180' title='bbox 877 1561 913 1602; x_wconf 86' lang='lat' dir='ltr'><strong>ex</strong></span> <span class='ocrx_word' id='word_1_181' title='bbox 931 1551 1023 1616; x_wconf 89' lang='lat' dir='ltr'><strong>empto</strong></span> <span class='ocrx_word' id='word_1_182' title='bbox 1041 1550 1136 1616; x_wconf 89' lang='lat' dir='ltr'><strong>potest</strong></span> <span class='ocrx_word' id='word_1_183' title='bbox 1153 1547 1307 1618; x_wconf 87' lang='lat' dir='ltr'><strong>conueniri,</strong></span> <span class='ocrx_word' id='word_1_184' title='bbox 1325 1546 1399 1602; x_wconf 92' lang='lat' dir='ltr'><strong>idem</strong></span> <span class='ocrx_word' id='word_1_185' title='bbox 1417 1547 1501 1602; x_wconf 89' lang='lat' dir='ltr'><strong>etiam</strong></span> <span class='ocrx_word' id='word_1_186' title='bbox 1518 1547 1705 1604; x_wconf 90' lang='lat' dir='ltr'><strong>redhibitoriis</strong></span> 
     </span>
    </p>

    <p class='ocr_par' dir='ltr' id='par_1_7' title="bbox 231 1634 1751 1707">
     <span class='ocr_line' id='line_1_16' title="bbox 231 1634 1751 1707; baseline -0.003 -12"><span class='ocrx_word' id='word_1_187' title='bbox 231 1645 246 1690; x_wconf 78' lang='lat'>8</span> <span class='ocrx_word' id='word_1_188' title='bbox 264 1638 418 1696; x_wconf 78' lang='lat' dir='ltr'><strong>actionibus</strong></span> <span class='ocrx_word' id='word_1_189' title='bbox 436 1637 576 1694; x_wconf 88' lang='lat' dir='ltr'><strong>conueniri</strong></span> <span class='ocrx_word' id='word_1_190' title='bbox 592 1642 692 1707; x_wconf 86' lang='lat' dir='ltr'><strong>potest.</strong></span> <span class='ocrx_word' id='word_1_191' title='bbox 723 1635 765 1690; x_wconf 77' lang='lat' dir='ltr'><strong>Ea</strong></span> <span class='ocrx_word' id='word_1_192' title='bbox 783 1641 874 1692; x_wconf 90' lang='lat' dir='ltr'><strong>autem</strong></span> <span class='ocrx_word' id='word_1_193' title='bbox 893 1635 953 1690; x_wconf 84' lang='lat' dir='ltr'><strong>sola</strong></span> <span class='ocrx_word' id='word_1_194' title='bbox 970 1634 1045 1690; x_wconf 87' lang='lat' dir='ltr'><strong>dicta</strong></span> <span class='ocrx_word' id='word_1_195' title='bbox 1061 1636 1121 1692; x_wconf 91' lang='lat' dir='ltr'><strong>siue</strong></span> <span class='ocrx_word' id='word_1_196' title='bbox 1137 1638 1271 1706; x_wconf 86' lang='lat' dir='ltr'><strong>promissa</strong></span> <span class='ocrx_word' id='word_1_197' title='bbox 1282 1635 1453 1692; x_wconf 89' lang='lat' dir='ltr'><strong>admittenda</strong></span> <span class='ocrx_word' id='word_1_198' title='bbox 1464 1640 1537 1707; x_wconf 78' lang='lat' dir='ltr'><strong>sunt,</strong></span> <span class='ocrx_word' id='word_1_199' title='bbox 1556 1651 1704 1706; x_wconf 91' lang='lat' dir='ltr'><strong>quaecum·</strong></span> <span class='ocrx_word' id='word_1_200' title='bbox 1725 1643 1751 1684; x_wconf 82' lang='lat'><strong>1⁶</strong></span> 
     </span>
    </p>

    <p class='ocr_par' dir='ltr' id='par_1_8' title="bbox 231 1723 1705 1978">
     <span class='ocr_line' id='line_1_17' title="bbox 231 1723 1704 1800; baseline 0 -20"><span class='ocrx_word' id='word_1_201' title='bbox 231 1734 247 1780; x_wconf 76' lang='lat'>4</span> <span class='ocrx_word' id='word_1_202' title='bbox 264 1745 318 1800; x_wconf 91' lang='lat' dir='ltr'><strong>que</strong></span> <span class='ocrx_word' id='word_1_203' title='bbox 336 1729 377 1784; x_wconf 86' lang='lat' dir='ltr'><strong>sie</strong></span> <span class='ocrx_word' id='word_1_204' title='bbox 394 1728 535 1797; x_wconf 90' lang='lat' dir='ltr'><strong>dicuntur,</strong></span> <span class='ocrx_word' id='word_1_205' title='bbox 558 1732 591 1781; x_wconf 92' lang='lat' dir='ltr'><strong>ut</strong></span> <span class='ocrx_word' id='word_1_206' title='bbox 607 1730 794 1797; x_wconf 87' lang='lat' dir='ltr'><strong>praestentur,</strong></span> <span class='ocrx_word' id='word_1_207' title='bbox 819 1742 874 1781; x_wconf 92' lang='lat' dir='ltr'><strong>non</strong></span> <span class='ocrx_word' id='word_1_208' title='bbox 891 1729 923 1780; x_wconf 90' lang='lat' dir='ltr'><strong>ut</strong></span> <span class='ocrx_word' id='word_1_209' title='bbox 940 1725 1085 1780; x_wconf 87' lang='lat' dir='ltr'><strong>iactentur.</strong></span> <span class='ocrx_word' id='word_1_210' title='bbox 1121 1725 1193 1782; x_wconf 92' lang='lat' dir='ltr'><strong>Illud</strong></span> <span class='ocrx_word' id='word_1_211' title='bbox 1210 1726 1352 1781; x_wconf 91' lang='lat' dir='ltr'><strong>sciendum</strong></span> <span class='ocrx_word' id='word_1_212' title='bbox 1368 1731 1425 1780; x_wconf 87' lang='lat' dir='ltr'><strong>est:</strong></span> <span class='ocrx_word' id='word_1_213' title='bbox 1449 1726 1473 1782; x_wconf 83' lang='lat' dir='ltr'><strong>si</strong></span> <span class='ocrx_word' id='word_1_214' title='bbox 1490 1726 1553 1796; x_wconf 88' lang='lat' dir='ltr'><strong>quis</strong></span> <span class='ocrx_word' id='word_1_215' title='bbox 1571 1723 1704 1780; x_wconf 84' lang='lat' dir='ltr'><strong>artificem</strong></span> 
     </span>
     <span class='ocr_line' id='line_1_18' title="bbox 264 1812 1704 1890; baseline -0.003 -17"><span class='ocrx_word' id='word_1_216' title='bbox 264 1817 420 1890; x_wconf 89' lang='lat' dir='ltr'><strong>promiserit</strong></span> <span class='ocrx_word' id='word_1_217' title='bbox 437 1817 482 1872; x_wconf 90' lang='lat' dir='ltr'><strong>uel</strong></span> <span class='ocrx_word' id='word_1_218' title='bbox 499 1815 607 1885; x_wconf 89' lang='lat' dir='ltr'><strong>dixerit,</strong></span> <span class='ocrx_word' id='word_1_219' title='bbox 628 1831 683 1870; x_wconf 91' lang='lat' dir='ltr'><strong>non</strong></span> <span class='ocrx_word' id='word_1_220' title='bbox 701 1816 796 1885; x_wconf 88' lang='lat' dir='ltr'><strong>ntique</strong></span> <span class='ocrx_word' id='word_1_221' title='bbox 813 1812 965 1885; x_wconf 83' lang='lat' dir='ltr'><strong>perfeetum</strong></span> <span class='ocrx_word' id='word_1_222' title='bbox 984 1829 1047 1870; x_wconf 91' lang='lat' dir='ltr'><strong>eum</strong></span> <span class='ocrx_word' id='word_1_223' title='bbox 1064 1820 1206 1885; x_wconf 89' lang='lat' dir='ltr'><strong>praestare</strong></span> <span class='ocrx_word' id='word_1_224' title='bbox 1224 1813 1316 1885; x_wconf 87' lang='lat' dir='ltr'><strong>debet,</strong></span> <span class='ocrx_word' id='word_1_225' title='bbox 1334 1813 1384 1870; x_wconf 89' lang='lat' dir='ltr'><strong>sed</strong></span> <span class='ocrx_word' id='word_1_226' title='bbox 1402 1814 1438 1870; x_wconf 86' lang='lat' dir='ltr'><strong>ad</strong></span> <span class='ocrx_word' id='word_1_227' title='bbox 1455 1814 1574 1884; x_wconf 85' lang='lat' dir='ltr'><strong>aliquem</strong></span> <span class='ocrx_word' id='word_1_228' title='bbox 1593 1814 1704 1870; x_wconf 90' lang='lat' dir='ltr'><strong>modum</strong></span> 
     </span>
     <span class='ocr_line' id='line_1_19' title="bbox 264 1903 1705 1978; baseline -0.003 -15"><span class='ocrx_word' id='word_1_229' title='bbox 264 1908 397 1978; x_wconf 88' lang='lat' dir='ltr'><strong>peritum,</strong></span> <span class='ocrx_word' id='word_1_230' title='bbox 422 1909 454 1961; x_wconf 93' lang='lat' dir='ltr'><strong>ut</strong></span> <span class='ocrx_word' id='word_1_231' title='bbox 471 1919 560 1975; x_wconf 91' lang='lat' dir='ltr'><strong>neque</strong></span> <span class='ocrx_word' id='word_1_232' title='bbox 578 1911 781 1961; x_wconf 83' lang='lat' dir='ltr'><strong>consummatae</strong></span> <span class='ocrx_word' id='word_1_233' title='bbox 799 1904 931 1960; x_wconf 75' lang='lat' dir='ltr'><strong>scientiae</strong></span> <span class='ocrx_word' id='word_1_234' title='bbox 949 1903 1082 1974; x_wconf 85' lang='lat' dir='ltr'><strong>accipias,</strong></span> <span class='ocrx_word' id='word_1_235' title='bbox 1101 1919 1190 1974; x_wconf 87' lang='lat' dir='ltr'><strong>neque</strong></span> <span class='ocrx_word' id='word_1_236' title='bbox 1207 1904 1335 1960; x_wconf 71' lang='lat' dir='ltr'><strong>rursum&#39;</strong></span> <span class='ocrx_word' id='word_1_237' title='bbox 1352 1903 1493 1960; x_wconf 86' lang='lat' dir='ltr'><strong>indoctum</strong></span> <span class='ocrx_word' id='word_1_238' title='bbox 1512 1919 1575 1960; x_wconf 82' lang='lat' dir='ltr'><strong>ease</strong></span> <span class='ocrx_word' id='word_1_239' title='bbox 1594 1903 1622 1960; x_wconf 89' lang='lat' dir='ltr'><strong>in</strong></span> <span class='ocrx_word' id='word_1_240' title='bbox 1641 1904 1705 1958; x_wconf 87' lang='lat' dir='ltr'><strong>arti·</strong></span> 
     </span>
    </p>

    <p class='ocr_par' dir='ltr' id='par_1_9' title="bbox 232 1991 1751 2333">
     <span class='ocr_line' id='line_1_20' title="bbox 232 1991 1705 2064; baseline 0 -17"><span class='ocrx_word' id='word_1_241' title='bbox 232 1999 246 2047; x_wconf 81' lang='lat' dir='ltr'><strong>t</strong></span> <span class='ocrx_word' id='word_1_242' title='bbox 264 1995 370 2052; x_wconf 87' lang='lat' dir='ltr'><strong>licium:</strong></span> <span class='ocrx_word' id='word_1_243' title='bbox 394 1992 512 2050; x_wconf 86' lang='lat' dir='ltr'><strong>sufficiet</strong></span> <span class='ocrx_word' id='word_1_244' title='bbox 535 1993 619 2064; x_wconf 80' lang='lat' dir='ltr'><strong>igitur</strong></span> <span class='ocrx_word' id='word_1_245' title='bbox 642 1993 723 2048; x_wconf 84' lang='lat' dir='ltr'><strong>talem</strong></span> <span class='ocrx_word' id='word_1_246' title='bbox 742 2007 818 2064; x_wconf 91' lang='lat' dir='ltr'><strong>esse,</strong></span> <span class='ocrx_word' id='word_1_247' title='bbox 843 1993 938 2063; x_wconf 84' lang='lat' dir='ltr'><strong>quales</strong></span> <span class='ocrx_word' id='word_1_248' title='bbox 956 1992 1039 2062; x_wconf 78' lang='lat' dir='ltr'><strong>uolgo</strong></span> <span class='ocrx_word' id='word_1_249' title='bbox 1057 1991 1176 2048; x_wconf 85' lang='lat' dir='ltr'><strong>artifices</strong></span> <span class='ocrx_word' id='word_1_250' title='bbox 1194 1993 1330 2048; x_wconf 88' lang='lat' dir='ltr'><strong>dicuntur.</strong></span> <span class='ocrx_word' id='word_1_251' title='bbox 1366 1991 1473 2048; x_wconf 89' lang='lat' dir='ltr'><strong>Deinde</strong></span> <span class='ocrx_word' id='word_1_252' title='bbox 1492 1993 1570 2048; x_wconf 70' lang='lat' dir='ltr'><strong>munt</strong></span> <span class='ocrx_word' id='word_1_253' title='bbox 1588 1992 1705 2048; x_wconf 87' lang='lat' dir='ltr'><strong>aediles:</strong></span> 
     </span>
     <span class='ocr_line' id='line_1_21' title="bbox 265 2080 1751 2156; baseline -0.003 -15"><span class='ocrx_word' id='word_1_254' title='bbox 265 2085 388 2156; x_wconf 87' lang='lat' dir='ltr'><strong>‘emptori</strong></span> <span class='ocrx_word' id='word_1_255' title='bbox 407 2082 587 2152; x_wconf 88' lang='lat' dir='ltr'><strong>omnibusque</strong></span> <span class='ocrx_word' id='word_1_256' title='bbox 606 2081 643 2136; x_wconf 90' lang='lat' dir='ltr'><strong>ad</strong></span> <span class='ocrx_word' id='word_1_257' title='bbox 660 2097 731 2151; x_wconf 85' lang='lat' dir='ltr'><strong>quon</strong></span> <span class='ocrx_word' id='word_1_258' title='bbox 748 2097 782 2138; x_wconf 90' lang='lat' dir='ltr'><strong>ea</strong></span> <span class='ocrx_word' id='word_1_259' title='bbox 800 2097 844 2138; x_wconf 89' lang='lat' dir='ltr'><strong>res</strong></span> <span class='ocrx_word' id='word_1_260' title='bbox 862 2083 981 2152; x_wconf 90' lang='lat' dir='ltr'><strong>pertinet</strong></span> <span class='ocrx_word' id='word_1_261' title='bbox 998 2081 1128 2136; x_wconf 90' lang='lat' dir='ltr'><strong>iudicium</strong></span> <span class='ocrx_word' id='word_1_262' title='bbox 1147 2080 1290 2138; x_wconf 88' lang='lat' dir='ltr'><strong>dabimus&#39;.</strong></span> <span class='ocrx_word' id='word_1_263' title='bbox 1316 2083 1479 2153; x_wconf 89' lang='lat' dir='ltr'><strong>pollicentur</strong></span> <span class='ocrx_word' id='word_1_264' title='bbox 1491 2081 1609 2150; x_wconf 89' lang='lat' dir='ltr'><strong>emptori</strong></span> <span class='ocrx_word' id='word_1_265' title='bbox 1621 2081 1705 2136; x_wconf 83' lang='lat' dir='ltr'><strong>actio</strong></span> <span class='ocrx_word' id='word_1_266' title='bbox 1724 2090 1751 2130; x_wconf 74' lang='lat' dir='ltr'><strong>tt</strong></span> 
     </span>
     <span class='ocr_line' id='line_1_22' title="bbox 264 2169 1706 2242; baseline -0.004 -10"><span class='ocrx_word' id='word_1_267' title='bbox 264 2190 328 2232; x_wconf 89' lang='lat' dir='ltr'><strong>nem</strong></span> <span class='ocrx_word' id='word_1_268' title='bbox 350 2177 379 2228; x_wconf 88' lang='lat' dir='ltr'><strong>et</strong></span> <span class='ocrx_word' id='word_1_269' title='bbox 401 2170 607 2230; x_wconf 77' lang='lat' dir='ltr'><strong>succentoribus</strong></span> <span class='ocrx_word' id='word_1_270' title='bbox 630 2171 689 2226; x_wconf 92' lang='lat' dir='ltr'><strong>eins</strong></span> <span class='ocrx_word' id='word_1_271' title='bbox 712 2170 758 2242; x_wconf 91' lang='lat' dir='ltr'><strong>qui</strong></span> <span class='ocrx_word' id='word_1_272' title='bbox 780 2171 809 2226; x_wconf 93' lang='lat' dir='ltr'><strong>in</strong></span> <span class='ocrx_word' id='word_1_273' title='bbox 825 2172 985 2226; x_wconf 91' lang='lat' dir='ltr'><strong>uniuersum</strong></span> <span class='ocrx_word' id='word_1_274' title='bbox 1003 2171 1046 2226; x_wconf 89' lang='lat' dir='ltr'><strong>ius</strong></span> <span class='ocrx_word' id='word_1_275' title='bbox 1064 2170 1224 2227; x_wconf 88' lang='lat' dir='ltr'><strong>succedunt.</strong></span> <span class='ocrx_word' id='word_1_276' title='bbox 1257 2174 1409 2242; x_wconf 89' lang='lat' dir='ltr'><strong>emptorem</strong></span> <span class='ocrx_word' id='word_1_277' title='bbox 1428 2173 1553 2242; x_wconf 88' lang='lat' dir='ltr'><strong>accipere</strong></span> <span class='ocrx_word' id='word_1_278' title='bbox 1571 2169 1706 2226; x_wconf 89' lang='lat' dir='ltr'><strong>dehemus</strong></span> 
     </span>
     <span class='ocr_line' id='line_1_23' title="bbox 265 2259 1705 2333; baseline -0.003 -14"><span class='ocrx_word' id='word_1_279' title='bbox 265 2279 329 2333; x_wconf 84' lang='lat' dir='ltr'><strong>eum</strong></span> <span class='ocrx_word' id='word_1_280' title='bbox 347 2262 393 2332; x_wconf 93' lang='lat' dir='ltr'><strong>qui</strong></span> <span class='ocrx_word' id='word_1_281' title='bbox 410 2261 499 2332; x_wconf 91' lang='lat' dir='ltr'><strong>pretio</strong></span> <span class='ocrx_word' id='word_1_282' title='bbox 517 2260 591 2316; x_wconf 86' lang='lat' dir='ltr'><strong>emit</strong></span> <span class='ocrx_word' id='word_1_283' title='bbox 619 2260 669 2316; x_wconf 89' lang='lat' dir='ltr'><strong>sed</strong></span> <span class='ocrx_word' id='word_1_284' title='bbox 687 2260 712 2316; x_wconf 92' lang='lat' dir='ltr'><strong>si</strong></span> <span class='ocrx_word' id='word_1_285' title='bbox 729 2260 790 2331; x_wconf 91' lang='lat' dir='ltr'><strong>quis</strong></span> <span class='ocrx_word' id='word_1_286' title='bbox 808 2260 1015 2332; x_wconf 77' lang='lat' dir='ltr'><strong>permutauerit,</strong></span> <span class='ocrx_word' id='word_1_287' title='bbox 1033 2259 1180 2315; x_wconf 87' lang='lat' dir='ltr'><strong>dicendum</strong></span> <span class='ocrx_word' id='word_1_288' title='bbox 1198 2265 1241 2316; x_wconf 85' lang='lat' dir='ltr'><strong>eet</strong></span> <span class='ocrx_word' id='word_1_289' title='bbox 1258 2265 1415 2332; x_wconf 88' lang='lat' dir='ltr'><strong>utrumque·</strong></span> <span class='ocrx_word' id='word_1_290' title='bbox 1424 2260 1555 2332; x_wconf 81' lang='lat' dir='ltr'><strong>emptoris</strong></span> <span class='ocrx_word' id='word_1_291' title='bbox 1568 2264 1599 2315; x_wconf 88' lang='lat' dir='ltr'><strong>et</strong></span> <span class='ocrx_word' id='word_1_292' title='bbox 1610 2259 1705 2317; x_wconf 90' lang='lat' dir='ltr'><strong>uendi-</strong></span> 
     </span>
    </p>

    <p class='ocr_par' dir='ltr' id='par_1_10' title="bbox 232 2346 1753 2689">
     <span class='ocr_line' id='line_1_24' title="bbox 232 2346 1706 2434; baseline 0.003 -32"><span class='ocrx_word' id='word_1_293' title='bbox 232 2357 247 2402; x_wconf 85' lang='lat' dir='ltr'><strong>t</strong></span> <span class='ocrx_word' id='word_1_294' title='bbox 265 2353 332 2408; x_wconf 93' lang='lat' dir='ltr'><strong>toris</strong></span> <span class='ocrx_word' id='word_1_295' title='bbox 349 2351 410 2407; x_wconf 91' lang='lat' dir='ltr'><strong>loco</strong></span> <span class='ocrx_word' id='word_1_296' title='bbox 427 2349 523 2406; x_wconf 85' lang='lat' dir='ltr'><strong>haberi</strong></span> <span class='ocrx_word' id='word_1_297' title='bbox 539 2354 569 2405; x_wconf 93' lang='lat' dir='ltr'><strong>et</strong></span> <span class='ocrx_word' id='word_1_298' title='bbox 585 2353 732 2420; x_wconf 88' lang='lat' dir='ltr'><strong>utrumque</strong></span> <span class='ocrx_word' id='word_1_299' title='bbox 749 2363 832 2419; x_wconf 85' lang='lat' dir='ltr'><strong>posse</strong></span> <span class='ocrx_word' id='word_1_300' title='bbox 850 2365 885 2405; x_wconf 90' lang='lat' dir='ltr'><strong>ex</strong></span> <span class='ocrx_word' id='word_1_301' title='bbox 902 2349 955 2406; x_wconf 91' lang='lat' dir='ltr'><strong>hoc</strong></span> <span class='ocrx_word' id='word_1_302' title='bbox 973 2348 1063 2404; x_wconf 87' lang='lat' dir='ltr'><strong>edicto</strong></span> <span class='ocrx_word' id='word_1_303' title='bbox 1076 2349 1201 2419; x_wconf 85' lang='lat' dir='ltr'><strong>experiri.</strong></span> <span class='ocrx_word' id='word_1_304' title='bbox 1228 2350 1351 2420; x_wconf 84' lang='lat' dir='ltr'><strong>Tempus</strong></span> <span class='ocrx_word' id='word_1_305' title='bbox 1362 2354 1456 2406; x_wconf 87' lang='lat' dir='ltr'><strong>autem</strong></span> <span class='ocrx_word' id='word_1_306' title='bbox 1474 2346 1603 2434; x_wconf 50' lang='lat' dir='ltr'><strong>[bonna</strong></span> <span class='ocrx_word' id='word_1_307' title='bbox 1611 2363 1632 2409; x_wconf 89' lang='lat'><strong>1.</strong></span> <span class='ocrx_word' id='word_1_308' title='bbox 1644 2363 1706 2418; x_wconf 63' lang='lat' dir='ltr'><strong>aaa</strong></span> 
     </span>
     <span class='ocr_line' id='line_1_25' title="bbox 265 2437 1706 2511; baseline 0 -15"><span class='ocrx_word' id='word_1_309' title='bbox 265 2439 454 2496; x_wconf 89' lang='lat' dir='ltr'><strong>redhibitionis</strong></span> <span class='ocrx_word' id='word_1_310' title='bbox 477 2453 527 2496; x_wconf 87' lang='lat' dir='ltr'><strong>sex</strong></span> <span class='ocrx_word' id='word_1_311' title='bbox 550 2453 659 2494; x_wconf 88' lang='lat' dir='ltr'><strong>mensos</strong></span> <span class='ocrx_word' id='word_1_312' title='bbox 682 2439 763 2494; x_wconf 84' lang='lat' dir='ltr'><strong>utiles</strong></span> <span class='ocrx_word' id='word_1_313' title='bbox 787 2437 884 2494; x_wconf 87' lang='lat' dir='ltr'><strong>habet:</strong></span> <span class='ocrx_word' id='word_1_314' title='bbox 909 2437 933 2494; x_wconf 91' lang='lat' dir='ltr'><strong>si</strong></span> <span class='ocrx_word' id='word_1_315' title='bbox 952 2441 1044 2492; x_wconf 91' lang='lat' dir='ltr'><strong>autem</strong></span> <span class='ocrx_word' id='word_1_316' title='bbox 1062 2438 1227 2510; x_wconf 86' lang='lat' dir='ltr'><strong>mancipium</strong></span> <span class='ocrx_word' id='word_1_317' title='bbox 1246 2439 1509 2511; x_wconf 82' lang='lat' dir='ltr'><strong>nonredhibestnr,</strong></span> <span class='ocrx_word' id='word_1_318' title='bbox 1532 2440 1582 2496; x_wconf 93' lang='lat' dir='ltr'><strong>sed</strong></span> <span class='ocrx_word' id='word_1_319' title='bbox 1601 2445 1706 2511; x_wconf 87' lang='lat' dir='ltr'><strong>quante</strong></span> 
     </span>
     <span class='ocr_line' id='line_1_26' title="bbox 265 2526 1753 2600; baseline 0 -14"><span class='ocrx_word' id='word_1_320' title='bbox 265 2529 377 2587; x_wconf 83' lang='lat' dir='ltr'><strong>minoris</strong></span> <span class='ocrx_word' id='word_1_321' title='bbox 395 2529 498 2599; x_wconf 79' lang='lat' dir='ltr'><strong>agitur,</strong></span> <span class='ocrx_word' id='word_1_322' title='bbox 516 2543 605 2583; x_wconf 78' lang='lat' dir='ltr'><strong>annus</strong></span> <span class='ocrx_word' id='word_1_323' title='bbox 623 2527 698 2584; x_wconf 91' lang='lat' dir='ltr'><strong>utilis</strong></span> <span class='ocrx_word' id='word_1_324' title='bbox 716 2531 768 2584; x_wconf 90' lang='lat' dir='ltr'><strong>est.</strong></span> <span class='ocrx_word' id='word_1_325' title='bbox 796 2527 846 2586; x_wconf 88' lang='lat' dir='ltr'><strong>ssd</strong></span> <span class='ocrx_word' id='word_1_326' title='bbox 864 2532 973 2598; x_wconf 85' lang='lat' dir='ltr'><strong>tempus</strong></span> <span class='ocrx_word' id='word_1_327' title='bbox 991 2526 1181 2584; x_wconf 87' lang='lat' dir='ltr'><strong>redhibitionis</strong></span> <span class='ocrx_word' id='word_1_328' title='bbox 1198 2543 1234 2584; x_wconf 81' lang='lat' dir='ltr'><strong>ex</strong></span> <span class='ocrx_word' id='word_1_329' title='bbox 1251 2528 1296 2585; x_wconf 90' lang='lat' dir='ltr'><strong>die</strong></span> <span class='ocrx_word' id='word_1_330' title='bbox 1314 2529 1479 2586; x_wconf 84' lang='lat' dir='ltr'><strong>uenditiouis</strong></span> <span class='ocrx_word' id='word_1_331' title='bbox 1496 2529 1583 2586; x_wconf 89' lang='lat' dir='ltr'><strong>currit</strong></span> <span class='ocrx_word' id='word_1_332' title='bbox 1600 2535 1663 2600; x_wconf 89' lang='lat' dir='ltr'><strong>ant,</strong></span> <span class='ocrx_word' id='word_1_333' title='bbox 1681 2529 1707 2586; x_wconf 89' lang='lat' dir='ltr'><strong>si</strong></span> <span class='ocrx_word' id='word_1_334' title='bbox 1725 2537 1753 2578; x_wconf 74' lang='lat'><strong>²⁶</strong></span> 
     </span>
     <span class='ocr_line' id='line_1_27' title="bbox 265 2616 1466 2689; baseline -0.002 -13"><span class='ocrx_word' id='word_1_335' title='bbox 265 2620 368 2676; x_wconf 86' lang='lat' dir='ltr'><strong>dietum</strong></span> <span class='ocrx_word' id='word_1_336' title='bbox 386 2617 587 2689; x_wconf 90' lang='lat' dir='ltr'><strong>promissnmue</strong></span> <span class='ocrx_word' id='word_1_337' title='bbox 604 2616 671 2688; x_wconf 90' lang='lat' dir='ltr'><strong>quid</strong></span> <span class='ocrx_word' id='word_1_338' title='bbox 689 2621 740 2688; x_wconf 78' lang='lat' dir='ltr'><strong>est,</strong></span> <span class='ocrx_word' id='word_1_339' title='bbox 759 2631 795 2672; x_wconf 89' lang='lat' dir='ltr'><strong>ex</strong></span> <span class='ocrx_word' id='word_1_340' title='bbox 812 2632 845 2674; x_wconf 92' lang='lat' dir='ltr'><strong>eo</strong></span> <span class='ocrx_word' id='word_1_341' title='bbox 863 2632 898 2673; x_wconf 88' lang='lat' dir='ltr'><strong>ex</strong></span> <span class='ocrx_word' id='word_1_342' title='bbox 916 2632 971 2688; x_wconf 90' lang='lat' dir='ltr'><strong>quo</strong></span> <span class='ocrx_word' id='word_1_343' title='bbox 990 2616 1093 2672; x_wconf 86' lang='lat' dir='ltr'><strong>dictum</strong></span> <span class='ocrx_word' id='word_1_344' title='bbox 1112 2618 1310 2688; x_wconf 90' lang='lat' dir='ltr'><strong>promissumue</strong></span> <span class='ocrx_word' id='word_1_345' title='bbox 1328 2617 1395 2689; x_wconf 92' lang='lat' dir='ltr'><strong>quid</strong></span> <span class='ocrx_word' id='word_1_346' title='bbox 1414 2622 1466 2675; x_wconf 81' lang='lat' dir='ltr'><strong>est.</strong></span> 
     </span>
    </p>

    <p class='ocr_par' dir='ltr' id='par_1_11' title="bbox 208 2701 1755 3047">
     <span class='ocr_line' id='line_1_28' title="bbox 208 2701 1752 2777; baseline 0.003 -17"><span class='ocrx_word' id='word_1_347' title='bbox 208 2701 248 2760; x_wconf 74' lang='lat'><strong>20</strong></span> <span class='ocrx_word' id='word_1_348' title='bbox 320 2708 414 2765; x_wconf 76' lang='lat' dir='ltr'><strong>Gerus</strong></span> <span class='ocrx_word' id='word_1_349' title='bbox 431 2705 501 2764; x_wconf 85' lang='lat' dir='ltr'><strong>libro</strong></span> <span class='ocrx_word' id='word_1_350' title='bbox 519 2707 607 2777; x_wconf 90' lang='lat' dir='ltr'><strong>primo</strong></span> <span class='ocrx_word' id='word_1_351' title='bbox 626 2706 661 2761; x_wconf 87' lang='lat' dir='ltr'><strong>sd</strong></span> <span class='ocrx_word' id='word_1_352' title='bbox 679 2705 798 2764; x_wconf 87' lang='lat' dir='ltr'><strong>edictum</strong></span> <span class='ocrx_word' id='word_1_353' title='bbox 818 2707 946 2762; x_wconf 86' lang='lat' dir='ltr'><strong>sedilium</strong></span> <span class='ocrx_word' id='word_1_354' title='bbox 964 2706 1107 2762; x_wconf 90' lang='lat' dir='ltr'><strong>curulium.</strong></span> <span class='ocrx_word' id='word_1_355' title='bbox 1135 2705 1165 2762; x_wconf 86' lang='lat' dir='ltr'><strong>Si</strong></span> <span class='ocrx_word' id='word_1_356' title='bbox 1183 2721 1248 2763; x_wconf 89' lang='lat' dir='ltr'><strong>nero</strong></span> <span class='ocrx_word' id='word_1_357' title='bbox 1266 2711 1331 2764; x_wconf 87' lang='lat' dir='ltr'><strong>ante</strong></span> <span class='ocrx_word' id='word_1_358' title='bbox 1342 2706 1509 2764; x_wconf 80' lang='lat' dir='ltr'><strong>conditionis</strong></span> <span class='ocrx_word' id='word_1_359' title='bbox 1541 2719 1569 2766; x_wconf 78' lang='lat' dir='ltr'><strong>B.</strong></span> <span class='ocrx_word' id='word_1_360' title='bbox 1578 2719 1616 2776; x_wconf 74' lang='lat'><strong>19,</strong></span> <span class='ocrx_word' id='word_1_361' title='bbox 1625 2719 1707 2776; x_wconf 73' lang='lat' dir='ltr'><strong>tuso</strong></span> <span class='ocrx_word' id='word_1_362' title='bbox 1725 2709 1752 2765; x_wconf 81' lang='lat' dir='ltr'><em>E</em></span> 
     </span>
     <span class='ocr_line' id='line_1_29' title="bbox 265 2783 1707 2869; baseline -0.001 -15"><span class='ocrx_word' id='word_1_363' title='bbox 265 2802 376 2869; x_wconf 76' lang='lat' dir='ltr'><strong>tenpus</strong></span> <span class='ocrx_word' id='word_1_364' title='bbox 399 2796 502 2852; x_wconf 82' lang='lat' dir='ltr'><strong>dietum</strong></span> <span class='ocrx_word' id='word_1_365' title='bbox 520 2796 719 2865; x_wconf 70' lang='lat' dir='ltr'><strong>intonarent,</strong></span> <span class='ocrx_word' id='word_1_366' title='bbox 745 2795 845 2852; x_wconf 70' lang='lat' dir='ltr'><strong>muco</strong></span> <span class='ocrx_word' id='word_1_367' title='bbox 862 2801 927 2866; x_wconf 77' lang='lat' dir='ltr'><strong>poss</strong></span> <span class='ocrx_word' id='word_1_368' title='bbox 944 2797 1047 2867; x_wconf 64' lang='lat' dir='ltr'><strong>inquot</strong></span> <span class='ocrx_word' id='word_1_369' title='bbox 1064 2796 1123 2852; x_wconf 76' lang='lat' dir='ltr'><strong>ota</strong></span> <span class='ocrx_word' id='word_1_370' title='bbox 1140 2796 1302 2868; x_wconf 73' lang='lat' dir='ltr'><strong>interpmta</strong></span> <span class='ocrx_word' id='word_1_371' title='bbox 1319 2795 1402 2852; x_wconf 79' lang='lat' dir='ltr'><strong>ruent</strong></span> <span class='ocrx_word' id='word_1_372' title='bbox 1419 2795 1575 2867; x_wconf 71' lang='lat' dir='ltr'><strong>superruo,</strong></span> <span class='ocrx_word' id='word_1_373' title='bbox 1595 2783 1707 2852; x_wconf 61' lang='lat' dir='ltr'><strong>effi</strong></span> 
     </span>
     <span class='ocr_line' id='line_1_30' title="bbox 266 2884 1706 2957; baseline -0.001 -13"><span class='ocrx_word' id='word_1_374' title='bbox 266 2887 387 2944; x_wconf 87' lang='lat' dir='ltr'><strong>Sabinus</strong></span> <span class='ocrx_word' id='word_1_375' title='bbox 402 2884 497 2941; x_wconf 84' lang='lat' dir='ltr'><strong>scribit</strong></span> <span class='ocrx_word' id='word_1_376' title='bbox 514 2899 550 2940; x_wconf 92' lang='lat' dir='ltr'><strong>ex</strong></span> <span class='ocrx_word' id='word_1_377' title='bbox 567 2884 656 2954; x_wconf 90' lang='lat' dir='ltr'><strong>priore</strong></span> <span class='ocrx_word' id='word_1_378' title='bbox 673 2899 771 2954; x_wconf 89' lang='lat' dir='ltr'><strong>causa,</strong></span> <span class='ocrx_word' id='word_1_379' title='bbox 795 2899 867 2956; x_wconf 88' lang='lat' dir='ltr'><strong>quae</strong></span> <span class='ocrx_word' id='word_1_380' title='bbox 885 2887 992 2957; x_wconf 78' lang='lat' dir='ltr'><strong>stadm,</strong></span> <span class='ocrx_word' id='word_1_381' title='bbox 1014 2885 1115 2956; x_wconf 91' lang='lat' dir='ltr'><strong>inquit,</strong></span> <span class='ocrx_word' id='word_1_382' title='bbox 1139 2891 1172 2942; x_wconf 92' lang='lat' dir='ltr'><strong>ut</strong></span> <span class='ocrx_word' id='word_1_383' title='bbox 1194 2886 1280 2942; x_wconf 80' lang='lat' dir='ltr'><strong>uendi</strong></span> <span class='ocrx_word' id='word_1_384' title='bbox 1297 2885 1326 2942; x_wconf 94' lang='lat' dir='ltr'><strong>id</strong></span> <span class='ocrx_word' id='word_1_385' title='bbox 1344 2885 1522 2956; x_wconf 81' lang='lat' dir='ltr'><strong>mancipium,</strong></span> <span class='ocrx_word' id='word_1_386' title='bbox 1542 2900 1576 2941; x_wconf 91' lang='lat' dir='ltr'><strong>eo</strong></span> <span class='ocrx_word' id='word_1_387' title='bbox 1595 2885 1706 2942; x_wconf 86' lang='lat' dir='ltr'><strong>nornine</strong></span> 
     </span>
     <span class='ocr_line' id='line_1_31' title="bbox 265 2961 1755 3047; baseline -0.005 -16"><span class='ocrx_word' id='word_1_388' title='bbox 265 2991 347 3047; x_wconf 89' lang='lat' dir='ltr'><strong>posse</strong></span> <span class='ocrx_word' id='word_1_389' title='bbox 365 2989 448 3044; x_wconf 76' lang='lat' dir='ltr'><strong>agere</strong></span> <span class='ocrx_word' id='word_1_390' title='bbox 468 2973 584 3043; x_wconf 62' lang='lat' dir='ltr'><strong>conpita</strong></span> <span class='ocrx_word' id='word_1_391' title='bbox 727 2961 729 2974; x_wconf 77' lang='grc'>’</span> <span class='ocrx_word' id='word_1_392' title='bbox 1726 2983 1755 3024; x_wconf 82' lang='lat' dir='ltr'><strong>so</strong></span> 
     </span>
    </p>

    <p class='ocr_par' dir='ltr' id='par_1_12' title="bbox 209 3058 1803 3223">
     <span class='ocr_line' id='line_1_32' title="bbox 209 3058 1753 3134; baseline 0 -19"><span class='ocrx_word' id='word_1_393' title='bbox 209 3058 258 3116; x_wconf 82' lang='lat'><strong>21·</strong></span> <span class='ocrx_word' id='word_1_394' title='bbox 319 3063 471 3120; x_wconf 73' lang='lat' dir='ltr'><strong>Unumuus</strong></span> <span class='ocrx_word' id='word_1_395' title='bbox 493 3061 562 3118; x_wconf 90' lang='lat' dir='ltr'><strong>libro</strong></span> <span class='ocrx_word' id='word_1_396' title='bbox 579 3061 667 3132; x_wconf 87' lang='lat' dir='ltr'><strong>primo</strong></span> <span class='ocrx_word' id='word_1_397' title='bbox 686 3060 722 3115; x_wconf 87' lang='lat' dir='ltr'><strong>ad</strong></span> <span class='ocrx_word' id='word_1_398' title='bbox 740 3061 860 3118; x_wconf 86' lang='lat' dir='ltr'><strong>edietum</strong></span> <span class='ocrx_word' id='word_1_399' title='bbox 879 3062 1007 3118; x_wconf 86' lang='lat' dir='ltr'><strong>aedilium</strong></span> <span class='ocrx_word' id='word_1_400' title='bbox 1025 3063 1167 3119; x_wconf 83' lang='lat' dir='ltr'><strong>curulium.</strong></span> <span class='ocrx_word' id='word_1_401' title='bbox 1198 3062 1352 3118; x_wconf 87' lang='lat' dir='ltr'><strong>Redhibere</strong></span> <span class='ocrx_word' id='word_1_402' title='bbox 1371 3067 1415 3118; x_wconf 90' lang='lat' dir='ltr'><strong>est</strong></span> <span class='ocrx_word' id='word_1_403' title='bbox 1431 3061 1537 3134; x_wconf 86' lang='lat' dir='ltr'><strong>iacere,</strong></span> <span class='ocrx_word' id='word_1_404' title='bbox 1560 3068 1594 3118; x_wconf 89' lang='lat' dir='ltr'><strong>ut</strong></span> <span class='ocrx_word' id='word_1_405' title='bbox 1611 3078 1708 3118; x_wconf 88' lang='lat' dir='ltr'><strong>rursus</strong></span> <span class='ocrx_word' id='word_1_406' title='bbox 1726 3060 1753 3115; x_wconf 81' lang='lat' dir='ltr'><strong><em>E</em></strong></span> 
     </span>
     <span class='ocr_line' id='line_1_33' title="bbox 266 3143 1803 3223; baseline -0.001 -15"><span class='ocrx_word' id='word_1_407' title='bbox 266 3151 367 3208; x_wconf 87' lang='lat' dir='ltr'><strong>babeat</strong></span> <span class='ocrx_word' id='word_1_408' title='bbox 383 3151 512 3208; x_wconf 91' lang='lat' dir='ltr'><strong>uenditor</strong></span> <span class='ocrx_word' id='word_1_409' title='bbox 528 3149 602 3221; x_wconf 88' lang='lat' dir='ltr'><strong>quod</strong></span> <span class='ocrx_word' id='word_1_410' title='bbox 620 3149 753 3222; x_wconf 89' lang='lat' dir='ltr'><strong>hahuerit,</strong></span> <span class='ocrx_word' id='word_1_411' title='bbox 773 3155 801 3206; x_wconf 90' lang='lat' dir='ltr'><strong>et</strong></span> <span class='ocrx_word' id='word_1_412' title='bbox 818 3152 884 3223; x_wconf 92' lang='lat' dir='ltr'><strong>quia</strong></span> <span class='ocrx_word' id='word_1_413' title='bbox 901 3151 1042 3208; x_wconf 87' lang='lat' dir='ltr'><strong>reddendo</strong></span> <span class='ocrx_word' id='word_1_414' title='bbox 1058 3151 1087 3206; x_wconf 93' lang='lat' dir='ltr'><strong>id</strong></span> <span class='ocrx_word' id='word_1_415' title='bbox 1104 3150 1197 3222; x_wconf 86' lang='lat' dir='ltr'><strong>fiebat,</strong></span> <span class='ocrx_word' id='word_1_416' title='bbox 1215 3151 1316 3209; x_wconf 88' lang='lat' dir='ltr'><strong>ideireo</strong></span> <span class='ocrx_word' id='word_1_417' title='bbox 1334 3151 1480 3208; x_wconf 88' lang='lat' dir='ltr'><strong>redhibitio</strong></span> <span class='ocrx_word' id='word_1_418' title='bbox 1498 3156 1543 3207; x_wconf 88' lang='lat' dir='ltr'><strong>est</strong></span> <span class='ocrx_word' id='word_1_419' title='bbox 1554 3150 1709 3223; x_wconf 77' lang='lat' dir='ltr'><strong>appelllata</strong></span> <span class='ocrx_word' id='word_1_420' title='bbox 1726 3143 1803 3199; x_wconf 79' lang='lat' dir='ltr'><strong>tato&#39;</strong></span> 
     </span>
    </p>

    <p class='ocr_par' dir='ltr' id='par_1_13' title="bbox 233 3235 1709 3401">
     <span class='ocr_line' id='line_1_34' title="bbox 233 3235 1708 3324; baseline 0.002 -30"><span class='ocrx_word' id='word_1_421' title='bbox 233 3247 246 3294; x_wconf 92' lang='lat'>1</span> <span class='ocrx_word' id='word_1_422' title='bbox 266 3241 345 3312; x_wconf 82' lang='lat' dir='ltr'><strong>quasi</strong></span> <span class='ocrx_word' id='word_1_423' title='bbox 362 3241 487 3296; x_wconf 90' lang='lat' dir='ltr'><strong>redditio.</strong></span> <span class='ocrx_word' id='word_1_424' title='bbox 523 3239 593 3295; x_wconf 78' lang='lat' dir='ltr'><strong>Cum</strong></span> <span class='ocrx_word' id='word_1_425' title='bbox 611 3238 735 3296; x_wconf 86' lang='lat' dir='ltr'><strong>redditur</strong></span> <span class='ocrx_word' id='word_1_426' title='bbox 752 3239 787 3296; x_wconf 91' lang='lat' dir='ltr'><strong>ab</strong></span> <span class='ocrx_word' id='word_1_427' title='bbox 806 3244 929 3312; x_wconf 89' lang='lat' dir='ltr'><strong>emptore</strong></span> <span class='ocrx_word' id='word_1_428' title='bbox 947 3241 1113 3311; x_wconf 90' lang='lat' dir='ltr'><strong>mancipium</strong></span> <span class='ocrx_word' id='word_1_429' title='bbox 1131 3240 1279 3310; x_wconf 87' lang='lat' dir='ltr'><strong>uenditori,</strong></span> <span class='ocrx_word' id='word_1_430' title='bbox 1304 3239 1339 3296; x_wconf 90' lang='lat' dir='ltr'><strong>de</strong></span> <span class='ocrx_word' id='word_1_431' title='bbox 1357 3241 1420 3298; x_wconf 90' lang='lat' dir='ltr'><strong>dolo</strong></span> <span class='ocrx_word' id='word_1_432' title='bbox 1438 3241 1511 3297; x_wconf 84' lang='lat' dir='ltr'><strong>malo</strong></span> <span class='ocrx_word' id='word_1_433' title='bbox 1529 3235 1708 3324; x_wconf 61' lang='lat' dir='ltr'><em>Q</em></span> 
     </span>
     <span class='ocr_line' id='line_1_35' title="bbox 265 3328 1709 3401; baseline 0 -15"><span class='ocrx_word' id='word_1_434' title='bbox 265 3329 388 3401; x_wconf 89' lang='lat' dir='ltr'><strong>promitti</strong></span> <span class='ocrx_word' id='word_1_435' title='bbox 406 3334 531 3400; x_wconf 86' lang='lat' dir='ltr'><strong>oportere</strong></span> <span class='ocrx_word' id='word_1_436' title='bbox 550 3336 577 3383; x_wconf 80' lang='lat' dir='ltr'><strong>er·</strong></span> <span class='ocrx_word' id='word_1_437' title='bbox 594 3328 761 3398; x_wconf 88' lang='lat' dir='ltr'><strong>Pomponius</strong></span> <span class='ocrx_word' id='word_1_438' title='bbox 778 3329 818 3384; x_wconf 89' lang='lat' dir='ltr'><strong>ait</strong></span> <span class='ocrx_word' id='word_1_439' title='bbox 835 3333 864 3385; x_wconf 90' lang='lat' dir='ltr'><strong>et</strong></span> <span class='ocrx_word' id='word_1_440' title='bbox 881 3328 943 3385; x_wconf 92' lang='lat' dir='ltr'><strong>ideo</strong></span> <span class='ocrx_word' id='word_1_441' title='bbox 962 3331 1104 3386; x_wconf 89' lang='lat' dir='ltr'><strong>cantiones</strong></span> <span class='ocrx_word' id='word_1_442' title='bbox 1121 3329 1291 3386; x_wconf 76' lang='lat' dir='ltr'><strong>neoemarias</strong></span> <span class='ocrx_word' id='word_1_443' title='bbox 1309 3345 1379 3400; x_wconf 88' lang='lat' dir='ltr'><strong>esse,</strong></span> <span class='ocrx_word' id='word_1_444' title='bbox 1399 3345 1433 3386; x_wconf 90' lang='lat' dir='ltr'><strong>ne</strong></span> <span class='ocrx_word' id='word_1_445' title='bbox 1451 3329 1522 3386; x_wconf 81' lang='lat' dir='ltr'><strong>sorte</strong></span> <span class='ocrx_word' id='word_1_446' title='bbox 1538 3335 1588 3386; x_wconf 85' lang='lat' dir='ltr'><strong>aut</strong></span> <span class='ocrx_word' id='word_1_447' title='bbox 1599 3331 1709 3400; x_wconf 79' lang='lat' dir='ltr'><strong>pignori</strong></span> 
     </span>
    </p>

    <p class='ocr_par' dir='ltr' id='par_1_14' title="bbox 233 3417 1760 3933">
     <span class='ocr_line' id='line_1_36' title="bbox 233 3417 1757 3488; baseline 0.002 -17"><span class='ocrx_word' id='word_1_448' title='bbox 233 3425 248 3471; x_wconf 75' lang='lat' dir='ltr'><strong>a</strong></span> <span class='ocrx_word' id='word_1_449' title='bbox 266 3419 348 3475; x_wconf 78' lang='lat' dir='ltr'><strong>dahas</strong></span> <span class='ocrx_word' id='word_1_450' title='bbox 366 3418 403 3474; x_wconf 90' lang='lat' dir='ltr'><strong>sit</strong></span> <span class='ocrx_word' id='word_1_451' title='bbox 420 3433 517 3474; x_wconf 86' lang='lat' dir='ltr'><strong>seruus</strong></span> <span class='ocrx_word' id='word_1_452' title='bbox 534 3417 571 3474; x_wconf 91' lang='lat' dir='ltr'><strong>ab</strong></span> <span class='ocrx_word' id='word_1_453' title='bbox 589 3421 712 3488; x_wconf 87' lang='lat' dir='ltr'><strong>emptore</strong></span> <span class='ocrx_word' id='word_1_454' title='bbox 729 3423 779 3473; x_wconf 90' lang='lat' dir='ltr'><strong>aut</strong></span> <span class='ocrx_word' id='word_1_455' title='bbox 795 3417 873 3474; x_wconf 81' lang='lat' dir='ltr'><strong>iussu</strong></span> <span class='ocrx_word' id='word_1_456' title='bbox 890 3419 951 3476; x_wconf 84' lang='lat' dir='ltr'><strong>eius</strong></span> <span class='ocrx_word' id='word_1_457' title='bbox 968 3418 1070 3476; x_wconf 81' lang='lat' dir='ltr'><strong>lurtum</strong></span> <span class='ocrx_word' id='word_1_458' title='bbox 1085 3420 1144 3476; x_wconf 90' lang='lat' dir='ltr'><strong>siue</strong></span> <span class='ocrx_word' id='word_1_459' title='bbox 1157 3419 1286 3474; x_wconf 88' lang='lat' dir='ltr'><strong>damnum</strong></span> <span class='ocrx_word' id='word_1_460' title='bbox 1299 3420 1344 3474; x_wconf 91' lang='lat' dir='ltr'><strong>cui</strong></span> <span class='ocrx_word' id='word_1_461' title='bbox 1356 3419 1450 3475; x_wconf 83' lang='lat' dir='ltr'><strong>datum</strong></span> <span class='ocrx_word' id='word_1_462' title='bbox 1463 3420 1508 3476; x_wconf 92' lang='lat' dir='ltr'><strong>sit.</strong></span> <span class='ocrx_word' id='word_1_463' title='bbox 1536 3419 1614 3474; x_wconf 86' lang='lat' dir='ltr'><strong>idem</strong></span> <span class='ocrx_word' id='word_1_464' title='bbox 1626 3420 1707 3475; x_wconf 91' lang='lat' dir='ltr'><strong>Pom·</strong></span> <span class='ocrx_word' id='word_1_465' title='bbox 1728 3425 1757 3468; x_wconf 76' lang='lat'><strong>³⁵</strong></span> 
     </span>
     <span class='ocr_line' id='line_1_37' title="bbox 265 3505 1709 3579; baseline 0 -15"><span class='ocrx_word' id='word_1_466' title='bbox 265 3507 364 3579; x_wconf 91' lang='lat' dir='ltr'><strong>ponius</strong></span> <span class='ocrx_word' id='word_1_467' title='bbox 381 3506 421 3562; x_wconf 93' lang='lat' dir='ltr'><strong>ait</strong></span> <span class='ocrx_word' id='word_1_468' title='bbox 437 3506 574 3563; x_wconf 90' lang='lat' dir='ltr'><strong>interdum</strong></span> <span class='ocrx_word' id='word_1_469' title='bbox 592 3507 675 3562; x_wconf 89' lang='lat' dir='ltr'><strong>etiam</strong></span> <span class='ocrx_word' id='word_1_470' title='bbox 694 3505 840 3576; x_wconf 84' lang='lat' dir='ltr'><strong>dupliciter</strong></span> <span class='ocrx_word' id='word_1_471' title='bbox 857 3507 999 3564; x_wconf 73' lang='lat' dir='ltr'><strong>ancones</strong></span> <span class='ocrx_word' id='word_1_472' title='bbox 1017 3509 1152 3578; x_wconf 85' lang='lat' dir='ltr'><strong>interponi</strong></span> <span class='ocrx_word' id='word_1_473' title='bbox 1171 3507 1281 3577; x_wconf 90' lang='lat' dir='ltr'><strong>debere,</strong></span> <span class='ocrx_word' id='word_1_474' title='bbox 1299 3508 1367 3564; x_wconf 85' lang='lat' dir='ltr'><strong>alias</strong></span> <span class='ocrx_word' id='word_1_475' title='bbox 1385 3508 1413 3563; x_wconf 93' lang='lat' dir='ltr'><strong>in</strong></span> <span class='ocrx_word' id='word_1_476' title='bbox 1430 3509 1619 3578; x_wconf 85' lang='lat' dir='ltr'><strong>praeteritum,</strong></span> <span class='ocrx_word' id='word_1_477' title='bbox 1639 3507 1709 3564; x_wconf 76' lang='lat' dir='ltr'><strong>alias</strong></span> 
     </span>
     <span class='ocr_line' id='line_1_38' title="bbox 265 3594 1707 3668; baseline 0 -16"><span class='ocrx_word' id='word_1_478' title='bbox 265 3596 294 3652; x_wconf 88' lang='lat' dir='ltr'><strong>in</strong></span> <span class='ocrx_word' id='word_1_479' title='bbox 311 3594 441 3666; x_wconf 82' lang='lat' dir='ltr'><strong>futurum,</strong></span> <span class='ocrx_word' id='word_1_480' title='bbox 459 3600 491 3653; x_wconf 93' lang='lat' dir='ltr'><strong>ut</strong></span> <span class='ocrx_word' id='word_1_481' title='bbox 507 3601 577 3665; x_wconf 88' lang='lat' dir='ltr'><strong>puta</strong></span> <span class='ocrx_word' id='word_1_482' title='bbox 592 3595 616 3650; x_wconf 93' lang='lat' dir='ltr'><strong>si</strong></span> <span class='ocrx_word' id='word_1_483' title='bbox 634 3595 694 3650; x_wconf 89' lang='lat' dir='ltr'><strong>eins</strong></span> <span class='ocrx_word' id='word_1_484' title='bbox 711 3595 785 3651; x_wconf 88' lang='lat' dir='ltr'><strong>serui</strong></span> <span class='ocrx_word' id='word_1_485' title='bbox 803 3596 912 3652; x_wconf 88' lang='lat' dir='ltr'><strong>nomine</strong></span> <span class='ocrx_word' id='word_1_486' title='bbox 930 3597 977 3666; x_wconf 90' lang='lat' dir='ltr'><strong>qui</strong></span> <span class='ocrx_word' id='word_1_487' title='bbox 995 3596 1153 3653; x_wconf 86' lang='lat' dir='ltr'><strong>redhibetur</strong></span> <span class='ocrx_word' id='word_1_488' title='bbox 1170 3601 1277 3668; x_wconf 91' lang='lat' dir='ltr'><strong>emptor</strong></span> <span class='ocrx_word' id='word_1_489' title='bbox 1294 3602 1490 3666; x_wconf 82' lang='lat' dir='ltr'><strong>procuratores</strong></span> <span class='ocrx_word' id='word_1_490' title='bbox 1502 3598 1562 3653; x_wconf 89' lang='lat' dir='ltr'><strong>eius</strong></span> <span class='ocrx_word' id='word_1_491' title='bbox 1574 3597 1707 3652; x_wconf 87' lang='lat' dir='ltr'><strong>indicium</strong></span> 
     </span>
     <span class='ocr_line' id='line_1_39' title="bbox 266 3684 1708 3756; baseline -0.001 -16"><span class='ocrx_word' id='word_1_492' title='bbox 266 3685 386 3756; x_wconf 84' lang='lat' dir='ltr'><strong>aceepit,</strong></span> <span class='ocrx_word' id='word_1_493' title='bbox 408 3685 453 3740; x_wconf 88' lang='lat' dir='ltr'><strong>nel</strong></span> <span class='ocrx_word' id='word_1_494' title='bbox 477 3684 637 3755; x_wconf 89' lang='lat' dir='ltr'><strong>quodcum</strong></span> <span class='ocrx_word' id='word_1_495' title='bbox 661 3699 694 3740; x_wconf 92' lang='lat' dir='ltr'><strong>eo</strong></span> <span class='ocrx_word' id='word_1_496' title='bbox 718 3689 847 3754; x_wconf 81' lang='lat' dir='ltr'><strong>ageretur</strong></span> <span class='ocrx_word' id='word_1_497' title='bbox 864 3684 908 3740; x_wconf 91' lang='lat' dir='ltr'><strong>uel</strong></span> <span class='ocrx_word' id='word_1_498' title='bbox 926 3685 1001 3755; x_wconf 93' lang='lat' dir='ltr'><strong>quod</strong></span> <span class='ocrx_word' id='word_1_499' title='bbox 1018 3685 1077 3754; x_wconf 90' lang='lat' dir='ltr'><strong>ipse</strong></span> <span class='ocrx_word' id='word_1_500' title='bbox 1096 3687 1156 3742; x_wconf 90' lang='lat' dir='ltr'><strong>eius</strong></span> <span class='ocrx_word' id='word_1_501' title='bbox 1173 3685 1283 3741; x_wconf 90' lang='lat' dir='ltr'><strong>nomine</strong></span> <span class='ocrx_word' id='word_1_502' title='bbox 1301 3689 1405 3755; x_wconf 83' lang='lat' dir='ltr'><strong>ageret</strong></span> <span class='ocrx_word' id='word_1_503' title='bbox 1439 3685 1595 3742; x_wconf 89' lang='lat' dir='ltr'><strong>cauendum</strong></span> <span class='ocrx_word' id='word_1_504' title='bbox 1614 3691 1708 3740; x_wconf 86' lang='lat' dir='ltr'><strong>autem</strong></span> 
     </span>
     <span class='ocr_line' id='line_1_40' title="bbox 265 3771 1709 3844; baseline -0.001 -14"><span class='ocrx_word' id='word_1_505' title='bbox 265 3788 328 3830; x_wconf 88' lang='lat' dir='ltr'><strong>esse</strong></span> <span class='ocrx_word' id='word_1_506' title='bbox 351 3773 402 3844; x_wconf 89' lang='lat' dir='ltr'><strong>ait,</strong></span> <span class='ocrx_word' id='word_1_507' title='bbox 426 3773 451 3829; x_wconf 91' lang='lat' dir='ltr'><strong>si</strong></span> <span class='ocrx_word' id='word_1_508' title='bbox 473 3773 538 3843; x_wconf 91' lang='lat' dir='ltr'><strong>quid</strong></span> <span class='ocrx_word' id='word_1_509' title='bbox 561 3773 621 3828; x_wconf 90' lang='lat' dir='ltr'><strong>sine</strong></span> <span class='ocrx_word' id='word_1_510' title='bbox 644 3771 707 3828; x_wconf 92' lang='lat' dir='ltr'><strong>dolo</strong></span> <span class='ocrx_word' id='word_1_511' title='bbox 730 3773 801 3828; x_wconf 91' lang='lat' dir='ltr'><strong>malo</strong></span> <span class='ocrx_word' id='word_1_512' title='bbox 819 3776 926 3843; x_wconf 90' lang='lat' dir='ltr'><strong>emptor</strong></span> <span class='ocrx_word' id='word_1_513' title='bbox 944 3774 1142 3830; x_wconf 89' lang='lat' dir='ltr'><strong>condemnatus</strong></span> <span class='ocrx_word' id='word_1_514' title='bbox 1159 3773 1243 3830; x_wconf 84' lang='lat' dir='ltr'><strong>fucrit</strong></span> <span class='ocrx_word' id='word_1_515' title='bbox 1260 3778 1309 3829; x_wconf 91' lang='lat' dir='ltr'><strong>ant</strong></span> <span class='ocrx_word' id='word_1_516' title='bbox 1325 3773 1445 3844; x_wconf 90' lang='lat' dir='ltr'><strong>dederit,</strong></span> <span class='ocrx_word' id='word_1_517' title='bbox 1466 3774 1511 3830; x_wconf 91' lang='lat' dir='ltr'><strong>his</strong></span> <span class='ocrx_word' id='word_1_518' title='bbox 1529 3773 1614 3830; x_wconf 86' lang='lat' dir='ltr'><strong>rebus</strong></span> <span class='ocrx_word' id='word_1_519' title='bbox 1632 3777 1709 3828; x_wconf 85' lang='lat' dir='ltr'><strong>recte</strong></span> 
     </span>
     <span class='ocr_line' id='line_1_41' title="bbox 264 3860 1760 3933; baseline -0.004 -15"><span class='ocrx_word' id='word_1_520' title='bbox 264 3862 413 3932; x_wconf 85' lang='lat' dir='ltr'><strong>praestari,</strong></span> <span class='ocrx_word' id='word_1_521' title='bbox 437 3862 483 3918; x_wconf 87' lang='lat' dir='ltr'><strong>uel</strong></span> <span class='ocrx_word' id='word_1_522' title='bbox 507 3862 531 3918; x_wconf 89' lang='lat' dir='ltr'><strong>si</strong></span> <span class='ocrx_word' id='word_1_523' title='bbox 554 3861 620 3932; x_wconf 91' lang='lat' dir='ltr'><strong>quid</strong></span> <span class='ocrx_word' id='word_1_524' title='bbox 644 3876 680 3916; x_wconf 89' lang='lat' dir='ltr'><strong>ex</strong></span> <span class='ocrx_word' id='word_1_525' title='bbox 702 3876 736 3917; x_wconf 88' lang='lat' dir='ltr'><strong>eo</strong></span> <span class='ocrx_word' id='word_1_526' title='bbox 759 3860 833 3932; x_wconf 94' lang='lat' dir='ltr'><strong>quod</strong></span> <span class='ocrx_word' id='word_1_527' title='bbox 856 3862 944 3932; x_wconf 76' lang='lat' dir='ltr'><strong>egerit</strong></span> <span class='ocrx_word' id='word_1_528' title='bbox 967 3863 1004 3918; x_wconf 88' lang='lat' dir='ltr'><strong>ad</strong></span> <span class='ocrx_word' id='word_1_529' title='bbox 1021 3878 1084 3918; x_wconf 90' lang='lat' dir='ltr'><strong>eum</strong></span> <span class='ocrx_word' id='word_1_530' title='bbox 1101 3863 1259 3933; x_wconf 88' lang='lat' dir='ltr'><strong>peruenerit</strong></span> <span class='ocrx_word' id='word_1_531' title='bbox 1275 3863 1375 3920; x_wconf 87' lang='lat' dir='ltr'><strong>dolone</strong></span> <span class='ocrx_word' id='word_1_532' title='bbox 1388 3863 1465 3918; x_wconf 87' lang='lat' dir='ltr'><strong>malo</strong></span> <span class='ocrx_word' id='word_1_533' title='bbox 1482 3862 1529 3918; x_wconf 93' lang='lat' dir='ltr'><strong>uel</strong></span> <span class='ocrx_word' id='word_1_534' title='bbox 1547 3863 1632 3932; x_wconf 86' lang='lat' dir='ltr'><strong>culpa</strong></span> <span class='ocrx_word' id='word_1_535' title='bbox 1648 3861 1709 3917; x_wconf 86' lang='lat' dir='ltr'><strong>eine</strong></span> <span class='ocrx_word' id='word_1_536' title='bbox 1728 3871 1760 3911; x_wconf 85' lang='lat' dir='ltr'><strong>so</strong></span> 
     </span>
    </p>

    <p class='ocr_par' dir='ltr' id='par_1_15' title="bbox 233 3949 1711 4023">
     <span class='ocr_line' id='line_1_42' title="bbox 233 3949 1711 4023; baseline 0.002 -21"><span class='ocrx_word' id='word_1_537' title='bbox 233 3955 248 4002; x_wconf 83' lang='lat' dir='ltr'><strong>e</strong></span> <span class='ocrx_word' id='word_1_538' title='bbox 265 3949 370 4006; x_wconf 82' lang='lat' dir='ltr'><strong>iactum</strong></span> <span class='ocrx_word' id='word_1_539' title='bbox 388 3950 439 4022; x_wconf 90' lang='lat' dir='ltr'><strong>sit,</strong></span> <span class='ocrx_word' id='word_1_540' title='bbox 462 3966 518 4021; x_wconf 92' lang='lat' dir='ltr'><strong>quo</strong></span> <span class='ocrx_word' id='word_1_541' title='bbox 535 3952 625 4007; x_wconf 90' lang='lat' dir='ltr'><strong>minus</strong></span> <span class='ocrx_word' id='word_1_542' title='bbox 642 3949 799 4021; x_wconf 85' lang='lat' dir='ltr'><strong>perueniret</strong></span> <span class='ocrx_word' id='word_1_543' title='bbox 815 3949 904 4005; x_wconf 86' lang='lat' dir='ltr'><strong>isdem</strong></span> <span class='ocrx_word' id='word_1_544' title='bbox 921 3949 1019 4007; x_wconf 85' lang='lat' dir='ltr'><strong>diebus</strong></span> <span class='ocrx_word' id='word_1_545' title='bbox 1025 3953 1045 4022; x_wconf 80' lang='lat'><strong>⁴,</strong></span> <span class='ocrx_word' id='word_1_546' title='bbox 1070 3951 1156 4008; x_wconf 90' lang='lat' dir='ltr'><strong>reddi.</strong></span> <span class='ocrx_word' id='word_1_547' title='bbox 1192 3951 1269 4007; x_wconf 91' lang='lat' dir='ltr'><strong>Idem</strong></span> <span class='ocrx_word' id='word_1_548' title='bbox 1287 3952 1328 4007; x_wconf 93' lang='lat' dir='ltr'><strong>ait</strong></span> <span class='ocrx_word' id='word_1_549' title='bbox 1343 3950 1429 4007; x_wconf 82' lang='lat' dir='ltr'><strong>futuri</strong></span> <span class='ocrx_word' id='word_1_550' title='bbox 1445 3951 1579 4023; x_wconf 91' lang='lat' dir='ltr'><strong>temporis</strong></span> <span class='ocrx_word' id='word_1_551' title='bbox 1598 3951 1711 4006; x_wconf 87' lang='lat' dir='ltr'><strong>nominc</strong></span> 
     </span>
    </p>
   </div>
   <div class='ocr_carea' id='block_1_3' title="bbox 266 4055 427 4128">
    <p class='ocr_par' dir='ltr' id='par_1_16' title="bbox 266 4055 427 4128">
     <span class='ocr_line' id='line_1_43' title="bbox 266 4055 427 4128; baseline 0.006 -1"><span class='ocrx_word' id='word_1_552' title='bbox 266 4055 347 4127; x_wconf 80' lang='lat' dir='ltr'><strong>FlP(</strong></span> <span class='ocrx_word' id='word_1_553' title='bbox 353 4056 427 4128; x_wconf 71' lang='lat' dir='ltr'><strong>ch]</strong></span> 
     </span>
    </p>
   </div>
   <div class='ocr_carea' id='block_1_4' title="bbox 268 4213 1710 4341">
    <p class='ocr_par' dir='ltr' id='par_1_17' title="bbox 268 4213 1710 4341">
     <span class='ocr_line' id='line_1_44' title="bbox 268 4213 1710 4341; baseline 0.001 -71"><span class='ocrx_word' id='word_1_554' title='bbox 268 4217 278 4253; x_wconf 85' lang='lat'><strong>¹</strong></span> <span class='ocrx_word' id='word_1_555' title='bbox 296 4230 348 4270; x_wconf 90' lang='lat' dir='ltr'><strong>nec</strong></span> <span class='ocrx_word' id='word_1_556' title='bbox 365 4213 395 4282; x_wconf 84' lang='grc' dir='ltr'><strong>(ιῑ</strong></span> <span class='ocrx_word' id='word_1_557' title='bbox 413 4223 438 4271; x_wconf 80' lang='lat' dir='ltr'><strong>et</strong></span> <span class='ocrx_word' id='word_1_558' title='bbox 454 4214 480 4271; x_wconf 89' lang='lat' dir='ltr'><strong>n&#39;</strong></span> <span class='ocrx_word' id='word_1_559' title='bbox 490 4215 667 4288; x_wconf 80' lang='lat' dir='ltr'><strong>permutato)?</strong></span> <span class='ocrx_word' id='word_1_560' title='bbox 738 4215 880 4286; x_wconf 81' lang='lat' dir='ltr'><strong>¹prorsus</strong></span> <span class='ocrx_word' id='word_1_561' title='bbox 897 4222 943 4270; x_wconf 78' lang='lat' dir='ltr'><strong>im.</strong></span> <span class='ocrx_word' id='word_1_562' title='bbox 962 4213 1102 4341; x_wconf 56' lang='grc' dir='ltr'><strong>(Κνιιὲᾳιν)</strong></span> <span class='ocrx_word' id='word_1_563' title='bbox 1173 4217 1185 4250; x_wconf 85' lang='lat'>⁸</span> <span class='ocrx_word' id='word_1_564' title='bbox 1203 4231 1274 4286; x_wconf 89' lang='lat' dir='ltr'><strong>quae</strong></span> <span class='ocrx_word' id='word_1_565' title='bbox 1293 4216 1385 4272; x_wconf 86' lang='lat' dir='ltr'><strong>statim</strong></span> <span class='ocrx_word' id='word_1_566' title='bbox 1403 4216 1506 4287; x_wconf 89' lang='lat' dir='ltr'><strong>incipit,</strong></span> <span class='ocrx_word' id='word_1_567' title='bbox 1524 4222 1557 4272; x_wconf 90' lang='lat' dir='ltr'><strong>ut</strong></span> <span class='ocrx_word' id='word_1_568' title='bbox 1574 4216 1664 4273; x_wconf 85' lang='lat' dir='ltr'><strong>ueniit</strong></span> <span class='ocrx_word' id='word_1_569' title='bbox 1678 4215 1710 4272; x_wconf 93' lang='lat' dir='ltr'><strong>id</strong></span> 
     </span>
    </p>
   </div>
   <div class='ocr_carea' id='block_1_5' title="bbox 267 4285 1583 4358">
    <p class='ocr_par' dir='ltr' id='par_1_18' title="bbox 267 4285 1583 4358">
     <span class='ocr_line' id='line_1_45' title="bbox 267 4285 1583 4358; baseline 0.002 -16"><span class='ocrx_word' id='word_1_570' title='bbox 267 4286 433 4358; x_wconf 88' lang='lat' dir='ltr'><strong>mancipium</strong></span> <span class='ocrx_word' id='word_1_571' title='bbox 452 4301 486 4343; x_wconf 92' lang='lat' dir='ltr'><strong>ec</strong></span> <span class='ocrx_word' id='word_1_572' title='bbox 503 4287 613 4343; x_wconf 90' lang='lat' dir='ltr'><strong>nomine</strong></span> <span class='ocrx_word' id='word_1_573' title='bbox 630 4301 713 4358; x_wconf 88' lang='lat' dir='ltr'><strong>posse</strong></span> <span class='ocrx_word' id='word_1_574' title='bbox 730 4301 813 4358; x_wconf 79' lang='lat' dir='ltr'><strong>agere</strong></span> <span class='ocrx_word' id='word_1_575' title='bbox 831 4287 889 4354; x_wconf 78' lang='lat' dir='ltr'><strong>(del.</strong></span> <span class='ocrx_word' id='word_1_576' title='bbox 902 4286 1007 4358; x_wconf 89' lang='lat' dir='ltr'><strong>coepit:</strong></span> <span class='ocrx_word' id='word_1_577' title='bbox 1053 4306 1069 4342; x_wconf 87' lang='lat' dir='ltr'><strong>o</strong></span> <span class='ocrx_word' id='word_1_578' title='bbox 1117 4287 1199 4358; x_wconf 66' lang='lat' dir='ltr'><strong>conj?</strong></span> <span class='ocrx_word' id='word_1_579' title='bbox 1270 4287 1407 4358; x_wconf 80' lang='lat' dir='ltr'><strong>‘diebns]</strong></span> <span class='ocrx_word' id='word_1_580' title='bbox 1426 4285 1583 4344; x_wconf 83' lang='lat' dir='ltr'><strong>derebus?</strong></span> 
     </span>
    </p>
   </div>
   <div class='ocr_carea' id='block_1_6' title="bbox 266 4444 1716 5088">
    <p class='ocr_par' dir='ltr' id='par_1_19' title="bbox 266 4444 1716 5014">
     <span class='ocr_line' id='line_1_46' title="bbox 268 4444 1694 4519; baseline 0.001 -17"><span class='ocrx_word' id='word_1_581' title='bbox 268 4446 284 4502; x_wconf 92' lang='lat'>1</span> <span class='ocrx_word' id='word_1_582' title='bbox 303 4459 399 4500; x_wconf 90' lang='lat' dir='ltr'><strong>cocum</strong></span> <span class='ocrx_word' id='word_1_583' title='bbox 418 4459 480 4500; x_wconf 88' lang='lat' dir='ltr'><strong>ssse</strong></span> <span class='ocrx_word' id='word_1_584' title='bbox 503 4445 604 4501; x_wconf 72' lang='lat' dir='ltr'><strong>dixmb</strong></span> <span class='ocrx_word' id='word_1_585' title='bbox 620 4446 753 4518; x_wconf 88' lang='lat' dir='ltr'><strong>optimum</strong></span> <span class='ocrx_word' id='word_1_586' title='bbox 771 4465 820 4502; x_wconf 88' lang='lat' dir='ltr'><strong>om.</strong></span> <span class='ocrx_word' id='word_1_587' title='bbox 832 4445 933 4501; x_wconf 58' lang='grc' dir='ltr'><strong>ΜΨ</strong></span> <span class='ocrx_word' id='word_1_588' title='bbox 951 4444 957 4516; x_wconf 91' lang='grc' dir='ltr'>Ι</span> <span class='ocrx_word' id='word_1_589' title='bbox 1011 4447 1157 4503; x_wconf 82' lang='lat' dir='ltr'><strong>sumueF²</strong></span> <span class='ocrx_word' id='word_1_590' title='bbox 1171 4448 1176 4513; x_wconf 91' lang='grc' dir='ltr'>Ι</span> <span class='ocrx_word' id='word_1_591' title='bbox 1192 4461 1228 4502; x_wconf 89' lang='lat' dir='ltr'><strong>ex</strong></span> <span class='ocrx_word' id='word_1_592' title='bbox 1239 4462 1274 4503; x_wconf 87' lang='lat' dir='ltr'><strong>eo</strong></span> <span class='ocrx_word' id='word_1_593' title='bbox 1286 4447 1401 4518; x_wconf 88' lang='lat' dir='ltr'><strong>...quid</strong></span> <span class='ocrx_word' id='word_1_594' title='bbox 1411 4447 1464 4519; x_wconf 87' lang='lat' dir='ltr'><strong>est]</strong></span> <span class='ocrx_word' id='word_1_595' title='bbox 1475 4448 1694 4516; x_wconf 61' lang='lat' dir='ltr'><strong>summm</strong></span> 
     </span>
     <span class='ocr_line' id='line_1_47' title="bbox 266 4513 1712 4590; baseline 0.003 -18"><span class='ocrx_word' id='word_1_596' title='bbox 266 4513 408 4572; x_wconf 76' lang='lat' dir='ltr'><strong>artifitium</strong></span> <span class='ocrx_word' id='word_1_597' title='bbox 425 4515 507 4571; x_wconf 88' lang='lat' dir='ltr'><strong>PVU</strong></span> <span class='ocrx_word' id='word_1_598' title='bbox 557 4517 689 4572; x_wconf 71' lang='lat' dir='ltr'><strong>lisinae</strong></span> <span class='ocrx_word' id='word_1_599' title='bbox 703 4519 776 4573; x_wconf 89' lang='lat' dir='ltr'><strong>P·V</strong></span> <span class='ocrx_word' id='word_1_600' title='bbox 824 4518 958 4573; x_wconf 84' lang='lat' dir='ltr'><strong>4sernns</strong></span> <span class='ocrx_word' id='word_1_601' title='bbox 1015 4517 1057 4584; x_wconf 77' lang='lat' dir='ltr'><strong>U‘,</strong></span> <span class='ocrx_word' id='word_1_602' title='bbox 1077 4539 1125 4573; x_wconf 73' lang='lat' dir='ltr'><strong>ura</strong></span> <span class='ocrx_word' id='word_1_603' title='bbox 1138 4517 1248 4586; x_wconf 80' lang='lat' dir='ltr'><strong>PVU⁶l</strong></span> <span class='ocrx_word' id='word_1_604' title='bbox 1282 4519 1596 4590; x_wconf 79' lang='lat' dir='ltr'><strong>nidest1quodestP‘‚</strong></span> <span class='ocrx_word' id='word_1_605' title='bbox 1611 4540 1660 4576; x_wconf 76' lang='lat' dir='ltr'><strong>our.</strong></span> <span class='ocrx_word' id='word_1_606' title='bbox 1697 4530 1712 4551; x_wconf 88' lang='grc'>·</span> 
     </span>
     <span class='ocr_line' id='line_1_48' title="bbox 266 4534 1711 4662; baseline 0.001 -20"><span class='ocrx_word' id='word_1_607' title='bbox 266 4586 363 4642; x_wconf 73' lang='lat' dir='ltr'><strong><em>P0U&#39;?</em></strong></span> <span class='ocrx_word' id='word_1_608' title='bbox 407 4587 477 4656; x_wconf 78' lang='lat' dir='ltr'><strong>asi]</strong></span> <span class='ocrx_word' id='word_1_609' title='bbox 490 4588 554 4643; x_wconf 86' lang='lat' dir='ltr'><strong>etsi</strong></span> <span class='ocrx_word' id='word_1_610' title='bbox 567 4587 636 4656; x_wconf 64' lang='lat' dir='ltr'><strong>Plu,</strong></span> <span class='ocrx_word' id='word_1_611' title='bbox 654 4609 703 4642; x_wconf 85' lang='lat' dir='ltr'><strong>om.</strong></span> <span class='ocrx_word' id='word_1_612' title='bbox 720 4589 754 4643; x_wconf 81' lang='lat' dir='ltr'><strong>U·</strong></span> <span class='ocrx_word' id='word_1_613' title='bbox 798 4591 831 4644; x_wconf 94' lang='grc'><strong>11</strong></span> <span class='ocrx_word' id='word_1_614' title='bbox 847 4593 958 4660; x_wconf 59' lang='lat' dir='ltr'><strong>potest*</strong></span> <span class='ocrx_word' id='word_1_615' title='bbox 1012 4590 1047 4645; x_wconf 76' lang='lat'><strong>29</strong></span> <span class='ocrx_word' id='word_1_616' title='bbox 1065 4605 1101 4644; x_wconf 87' lang='lat' dir='ltr'><strong>ex</strong></span> <span class='ocrx_word' id='word_1_617' title='bbox 1117 4589 1208 4659; x_wconf 82' lang='lat' dir='ltr'><strong>priore</strong></span> <span class='ocrx_word' id='word_1_618' title='bbox 1225 4534 1286 4662; x_wconf 47' lang='grc' dir='ltr'><strong>κρῆ</strong></span> <span class='ocrx_word' id='word_1_619' title='bbox 1307 4589 1335 4646; x_wconf 79' lang='grc' dir='ltr'><strong>ἐκ</strong></span> <span class='ocrx_word' id='word_1_620' title='bbox 1353 4589 1402 4645; x_wconf 73' lang='lat' dir='ltr'><strong>rr‘ro</strong></span> <span class='ocrx_word' id='word_1_621' title='bbox 1419 4590 1549 4661; x_wconf 64' lang='grc' dir='ltr'><strong>προτέρας</strong></span> <span class='ocrx_word' id='word_1_622' title='bbox 1562 4589 1646 4646; x_wconf 78' lang='lat' dir='ltr'><strong>siriae</strong></span> <span class='ocrx_word' id='word_1_623' title='bbox 1659 4609 1711 4645; x_wconf 79' lang='lat' dir='ltr'><strong>us·</strong></span> 
     </span>
     <span class='ocr_line' id='line_1_49' title="bbox 267 4657 1712 4732; baseline 0.001 -18"><span class='ocrx_word' id='word_1_624' title='bbox 267 4659 306 4714; x_wconf 76' lang='lat' dir='ltr'><strong>F²</strong></span> <span class='ocrx_word' id='word_1_625' title='bbox 321 4660 326 4728; x_wconf 86' lang='grc' dir='ltr'>Ι</span> <span class='ocrx_word' id='word_1_626' title='bbox 342 4657 378 4728; x_wconf 80' lang='lat' dir='ltr'><strong>et]</strong></span> <span class='ocrx_word' id='word_1_627' title='bbox 389 4663 421 4714; x_wconf 83' lang='lat' dir='ltr'><strong>ut</strong></span> <span class='ocrx_word' id='word_1_628' title='bbox 432 4657 476 4723; x_wconf 68' lang='lat' dir='ltr'><strong>Vl,</strong></span> <span class='ocrx_word' id='word_1_629' title='bbox 488 4667 535 4713; x_wconf 86' lang='lat' dir='ltr'><strong>inc.</strong></span> <span class='ocrx_word' id='word_1_630' title='bbox 546 4659 585 4712; x_wconf 86' lang='lat' dir='ltr'><strong>P·</strong></span> <span class='ocrx_word' id='word_1_631' title='bbox 622 4659 796 4730; x_wconf 78' lang='lat' dir='ltr'><strong>12iucipient</strong></span> <span class='ocrx_word' id='word_1_632' title='bbox 810 4659 960 4725; x_wconf 59' lang='lat' dir='ltr'><strong>VerneP·</strong></span> <span class='ocrx_word' id='word_1_633' title='bbox 1013 4659 1128 4732; x_wconf 64' lang='lat' dir='ltr'><strong>pappulus</strong></span> <span class='ocrx_word' id='word_1_634' title='bbox 1147 4659 1252 4723; x_wconf 65' lang='lat' dir='ltr'><strong>cinerat</strong></span> <span class='ocrx_word' id='word_1_635' title='bbox 1278 4663 1358 4716; x_wconf 74' lang='lat' dir='ltr'><strong>arania</strong></span> <span class='ocrx_word' id='word_1_636' title='bbox 1378 4661 1405 4717; x_wconf 90' lang='lat' dir='ltr'><em>B</em></span> <span class='ocrx_word' id='word_1_637' title='bbox 1425 4663 1430 4728; x_wconf 94' lang='grc' dir='ltr'>Ι</span> <span class='ocrx_word' id='word_1_638' title='bbox 1454 4666 1486 4717; x_wconf 79' lang='lat' dir='ltr'><strong>ut</strong></span> <span class='ocrx_word' id='word_1_639' title='bbox 1507 4661 1606 4732; x_wconf 80' lang='lat' dir='ltr'><strong>ueniit]</strong></span> <span class='ocrx_word' id='word_1_640' title='bbox 1633 4663 1712 4718; x_wconf 82' lang='lat' dir='ltr'><strong>ioue·</strong></span> 
     </span>
     <span class='ocr_line' id='line_1_50' title="bbox 268 4729 1716 4800; baseline 0.002 -15"><span class='ocrx_word' id='word_1_641' title='bbox 268 4729 303 4784; x_wconf 83' lang='lat'><strong>14</strong></span> <span class='ocrx_word' id='word_1_642' title='bbox 325 4745 361 4785; x_wconf 89' lang='lat' dir='ltr'><strong>ex</strong></span> <span class='ocrx_word' id='word_1_643' title='bbox 378 4729 480 4800; x_wconf 88' lang='lat' dir='ltr'><strong>empto]</strong></span> <span class='ocrx_word' id='word_1_644' title='bbox 504 4734 620 4799; x_wconf 88' lang='lat' dir='ltr'><strong>excepto</strong></span> <span class='ocrx_word' id='word_1_645' title='bbox 641 4731 681 4785; x_wconf 89' lang='lat' dir='ltr'><strong>P·</strong></span> <span class='ocrx_word' id='word_1_646' title='bbox 736 4733 770 4786; x_wconf 84' lang='lat'><strong>18</strong></span> <span class='ocrx_word' id='word_1_647' title='bbox 788 4746 959 4787; x_wconf 87' lang='lat' dir='ltr'><strong>consumma·</strong></span> <span class='ocrx_word' id='word_1_648' title='bbox 1013 4731 1072 4786; x_wconf 89' lang='lat' dir='ltr'><strong>niat</strong></span> <span class='ocrx_word' id='word_1_649' title='bbox 1090 4731 1137 4796; x_wconf 81' lang='lat' dir='ltr'><strong>P⁰,</strong></span> <span class='ocrx_word' id='word_1_650' title='bbox 1160 4737 1192 4786; x_wconf 94' lang='lat' dir='ltr'><strong>ut</strong></span> <span class='ocrx_word' id='word_1_651' title='bbox 1213 4732 1308 4790; x_wconf 90' lang='lat' dir='ltr'><strong>ueniat</strong></span> <span class='ocrx_word' id='word_1_652' title='bbox 1334 4731 1368 4787; x_wconf 66' lang='lat' dir='ltr'><strong>U*</strong></span> <span class='ocrx_word' id='word_1_653' title='bbox 1420 4731 1612 4788; x_wconf 68' lang='lat' dir='ltr'><strong>adhaereret</strong></span> <span class='ocrx_word' id='word_1_654' title='bbox 1630 4733 1716 4787; x_wconf 80' lang='lat' dir='ltr'><strong>PVU</strong></span> 
     </span>
     <span class='ocr_line' id='line_1_51' title="bbox 266 4801 1711 4928; baseline 0.002 -73"><span class='ocrx_word' id='word_1_655' title='bbox 266 4801 323 4870; x_wconf 90' lang='lat' dir='ltr'><strong>tae]</strong></span> <span class='ocrx_word' id='word_1_656' title='bbox 350 4801 443 4866; x_wconf 72' lang='lat' dir='ltr'><strong>Tana,</strong></span> <span class='ocrx_word' id='word_1_657' title='bbox 468 4815 644 4856; x_wconf 85' lang='lat' dir='ltr'><strong>consummaa</strong></span> <span class='ocrx_word' id='word_1_658' title='bbox 666 4801 737 4868; x_wconf 78' lang='lat' dir='ltr'><strong>FP·,</strong></span> <span class='ocrx_word' id='word_1_659' title='bbox 763 4817 826 4857; x_wconf 90' lang='lat' dir='ltr'><strong>eum</strong></span> <span class='ocrx_word' id='word_1_660' title='bbox 854 4815 960 4858; x_wconf 87' lang='lat' dir='ltr'><strong>summe</strong></span> <span class='ocrx_word' id='word_1_661' title='bbox 1013 4803 1049 4858; x_wconf 78' lang='grc'><strong>34</strong></span> <span class='ocrx_word' id='word_1_662' title='bbox 1070 4802 1187 4928; x_wconf 49' lang='lat' dir='ltr'><strong>eibeum</strong></span> <span class='ocrx_word' id='word_1_663' title='bbox 1206 4803 1280 4858; x_wconf 64' lang='lat' dir='ltr'><strong>llil]</strong></span> <span class='ocrx_word' id='word_1_664' title='bbox 1330 4804 1366 4860; x_wconf 82' lang='lat'><strong>38</strong></span> <span class='ocrx_word' id='word_1_665' title='bbox 1389 4807 1484 4874; x_wconf 81' lang='lat' dir='ltr'><strong>ageret</strong></span> <span class='ocrx_word' id='word_1_666' title='bbox 1504 4808 1534 4861; x_wconf 86' lang='lat' dir='ltr'><strong>et</strong></span> <span class='ocrx_word' id='word_1_667' title='bbox 1551 4803 1711 4860; x_wconf 87' lang='lat' dir='ltr'><strong>cauendum</strong></span> 
     </span>
     <span class='ocr_line' id='line_1_52' title="bbox 266 4869 1713 4944; baseline 0.004 -18"><span class='ocrx_word' id='word_1_668' title='bbox 266 4870 341 4939; x_wconf 68' lang='lat' dir='ltr'><strong>P‘U,</strong></span> <span class='ocrx_word' id='word_1_669' title='bbox 359 4886 482 4928; x_wconf 86' lang='lat' dir='ltr'><strong>summae</strong></span> <span class='ocrx_word' id='word_1_670' title='bbox 498 4869 543 4938; x_wconf 83' lang='lat' dir='ltr'><strong>Vl</strong></span> <span class='ocrx_word' id='word_1_671' title='bbox 558 4873 675 4942; x_wconf 73' lang='lat' dir='ltr'><strong>meum]</strong></span> <span class='ocrx_word' id='word_1_672' title='bbox 694 4874 741 4940; x_wconf 79' lang='lat' dir='ltr'><strong>F1,</strong></span> <span class='ocrx_word' id='word_1_673' title='bbox 759 4889 854 4930; x_wconf 90' lang='lat' dir='ltr'><strong>rursus</strong></span> <span class='ocrx_word' id='word_1_674' title='bbox 873 4871 963 4926; x_wconf 82' lang='lat' dir='ltr'><em>F²PU</em></span> <span class='ocrx_word' id='word_1_675' title='bbox 1013 4873 1130 4927; x_wconf 61' lang='grc' dir='ltr'><strong>ΜΝ</strong></span> <span class='ocrx_word' id='word_1_676' title='bbox 1186 4875 1223 4929; x_wconf 84' lang='grc'><strong>40</strong></span> <span class='ocrx_word' id='word_1_677' title='bbox 1245 4874 1353 4944; x_wconf 90' lang='lat' dir='ltr'><strong>dolone]</strong></span> <span class='ocrx_word' id='word_1_678' title='bbox 1377 4875 1440 4931; x_wconf 93' lang='lat' dir='ltr'><strong>dolo</strong></span> <span class='ocrx_word' id='word_1_679' title='bbox 1464 4875 1550 4941; x_wconf 64' lang='grc' dir='ltr'><strong>Μ’,</strong></span> <span class='ocrx_word' id='word_1_680' title='bbox 1574 4877 1622 4932; x_wconf 82' lang='lat' dir='ltr'><strong>nel</strong></span> <span class='ocrx_word' id='word_1_681' title='bbox 1645 4875 1713 4932; x_wconf 88' lang='lat' dir='ltr'><strong>dolo</strong></span> 
     </span>
     <span class='ocr_line' id='line_1_53' title="bbox 267 4943 1392 5014; baseline 0.004 -16"><span class='ocrx_word' id='word_1_682' title='bbox 267 4943 302 4998; x_wconf 77' lang='lat'><strong>21</strong></span> <span class='ocrx_word' id='word_1_683' title='bbox 324 4943 485 5014; x_wconf 89' lang='lat' dir='ltr'><strong>succedunt]</strong></span> <span class='ocrx_word' id='word_1_684' title='bbox 509 4943 670 5000; x_wconf 86' lang='lat' dir='ltr'><strong>sncceaiuut</strong></span> <span class='ocrx_word' id='word_1_685' title='bbox 693 4943 734 4998; x_wconf 90' lang='lat' dir='ltr'><strong>P·</strong></span> <span class='ocrx_word' id='word_1_686' title='bbox 804 4946 840 5000; x_wconf 80' lang='lat'><strong>25</strong></span> <span class='ocrx_word' id='word_1_687' title='bbox 861 4943 960 5012; x_wconf 83' lang='lat' dir='ltr'><strong>mnus]</strong></span> <span class='ocrx_word' id='word_1_688' title='bbox 1013 4943 1203 5011; x_wconf 68' lang='lat' dir='ltr'><strong>P‘V‘U‘,uel</strong></span> <span class='ocrx_word' id='word_1_689' title='bbox 1221 4943 1337 5003; x_wconf 92' lang='lat' dir='ltr'><strong>dedolo</strong></span> <span class='ocrx_word' id='word_1_690' title='bbox 1358 4945 1392 5002; x_wconf 86' lang='lat' dir='ltr'><strong>U·</strong></span> 
     </span>
    </p>

    <p class='ocr_par' dir='ltr' id='par_1_20' title="bbox 268 5014 959 5088">
     <span class='ocr_line' id='line_1_54' title="bbox 268 5014 959 5088; baseline -0.003 -16"><span class='ocrx_word' id='word_1_691' title='bbox 268 5030 304 5072; x_wconf 81' lang='lat' dir='ltr'><strong>au</strong></span> <span class='ocrx_word' id='word_1_692' title='bbox 327 5029 382 5072; x_wconf 89' lang='lat' dir='ltr'><strong>non</strong></span> <span class='ocrx_word' id='word_1_693' title='bbox 407 5015 446 5070; x_wconf 84' lang='lat' dir='ltr'><strong>P⁰</strong></span> <span class='ocrx_word' id='word_1_694' title='bbox 466 5015 472 5086; x_wconf 86' lang='grc' dir='ltr'>Ι</span> <span class='ocrx_word' id='word_1_695' title='bbox 493 5014 644 5072; x_wconf 89' lang='lat' dir='ltr'><strong>uenditioni</strong></span> <span class='ocrx_word' id='word_1_696' title='bbox 662 5015 724 5070; x_wconf 77' lang='lat' dir='ltr'><strong>FP⁶</strong></span> <span class='ocrx_word' id='word_1_697' title='bbox 776 5017 811 5074; x_wconf 78' lang='grc'><strong>26</strong></span> <span class='ocrx_word' id='word_1_698' title='bbox 829 5015 959 5088; x_wconf 71' lang='lat' dir='ltr'><strong>*promis-</strong></span> 
     </span>
    </p>
   </div>
   <div class='ocr_carea' id='block_1_7' title="bbox 0 0 1890 5554">
    <p class='ocr_par' dir='ltr' id='par_1_21' title="bbox 0 0 1890 5554">
     <span class='ocr_line' id='line_1_55' title="bbox 0 0 1890 5554; baseline 0 0"><span class='ocrx_word' id='word_1_699' title='bbox 0 0 1890 5554; x_wconf 95' lang='lat' dir='ltr'><strong> </strong></span> 
     </span>
    </p>
   </div>
  </div>
 </body>
</html>
