3690 5558
251 257 354 323 xviii
375 260 394 323 2
418 264 532 318 11-15
923 251 1009 332 528
1469 276 1515 322 nx
1536 275 1574 322 nr
1598 275 1686 322 nrum

252 413 365 469 fundum
385 414 413 468 in
432 413 503 469 diem
524 413 613 468 addici
632 429 686 469 non
705 429 786 484 posse
805 430 907 483 rursus,
925 415 972 483 qui
991 415 1075 468 semel
1094 412 1183 468 iuerat
1202 413 1229 468 in
1248 413 1320 467 diem
1339 411 1472 482 addictus,
1491 413 1597 467 ratione
1615 413 1686 467 eins-

252 502 325 557 modi
344 501 478 572 defendit,
497 503 562 571 quia
579 504 690 572 prioris,
710 503 810 572 inquit,
828 504 958 572 emptoris
976 503 1069 557 statim
1094 501 1137 570 fit,
1157 503 1261 557 scilieet
1278 502 1356 571 qnasi
1375 518 1429 557 non
1448 501 1574 556 uideatur
1592 501 1688 556 melior

252 590 375 646 condicio
394 592 483 660 allata,
503 592 525 645 si
544 607 598 646 non
616 607 711 647 secure
724 592 844 646 secundo
858 592 972 660 emptori
985 590 1085 645 fundus
1098 591 1242 662 addicitur,
1262 591 1310 645 sed
1323 591 1378 645 alia
1388 590 1501 644 licitatio
1513 590 1686 659 prospicitur.

251 680 300 734 sed
318 680 439 734 lulianus
458 679 526 735 libro
544 681 639 750 quinto
658 681 764 735 decimo
783 681 949 748 digestorum
970 679 1079 734 scribsit
1102 681 1233 734 interesse
1257 680 1384 749 multum,
1409 679 1474 748 quid
1492 680 1562 734 inter
1580 684 1687 732 conma-

251 767 348 822 bentes
366 775 457 823 actum
477 770 525 837 sit,
544 786 595 824 nee
613 771 743 839 impedire
763 771 907 839 quiequam
926 769 971 823 nel
988 769 1040 823 hoe
1059 769 1116 838 agi,
1141 775 1172 823 nt
1191 769 1300 838 saepius
1318 767 1419 824 fundus
1438 769 1598 836 collocetur,
1622 767 1686 822 dum
1705 775 1718 815 ⁵

219 867 231 912 1
251 858 295 912 uel
314 857 401 927 prima
419 858 463 911 uel
481 859 603 913 secunda
621 860 664 913 uel
685 860 765 913 tertia
783 859 935 912 adiectione
958 873 1002 912 res
1026 858 1201 912 auenditore
1221 858 1353 912 discedat.
1389 858 1457 912 ltem
1476 857 1550 927 qued
1569 855 1687 911 Sabinus

252 947 298 1016 ait,
318 948 340 1001 si
359 947 446 1001 tribus
465 947 647 1002 uendentibus
666 948 720 1002 duo
738 948 882 1017 posteriori
900 947 1063 1015 addixerint,
1082 963 1152 1002 unns
1172 962 1225 1002 non
1244 947 1384 1002 admiserit
1398 946 1587 1014 adiectionem,
1607 944 1687 999 huius

251 1041 356 1106 partem
375 1036 471 1105 priori,
495 1035 610 1091 duorum
629 1037 771 1106 posteriori
789 1041 923 1106 emptam,
947 1035 986 1090 ita
1009 1036 1118 1091 demum
1143 1052 1238 1091 uenam
1258 1042 1313 1105 est,
1338 1037 1362 1090 si
1379 1036 1463 1090 uariis
1480 1035 1576 1104 pretiis
1594 1039 1688 1104 partes

252 1141 317 1180 suas
334 1125 527 1193 distraxerunt,
1707 1129 1720 1169 e

196 1212 232 1268 12
304 1215 476 1269 Pomanus
494 1212 562 1268 libro
580 1229 653 1268 nono
672 1213 707 1268 ad
723 1213 862 1269 Sabinum.
890 1216 941 1269 etsi
955 1213 1077 1284 dispares
1092 1218 1185 1283 partes
1198 1213 1374 1268 tendentium
1386 1210 1511 1266 fixerint¹.
1532 1207 1688 1278 ιιῖι-ιζιζιέ
1707 1206 1727 1258 S

196 1301 233 1359 13
306 1304 316 1370 ΙΙ
336 1303 486 1357 Uarianos
504 1302 571 1357 libro
590 1303 739 1358 uicensimo
758 1311 857 1358 octauo
876 1305 911 1358 ad
930 1303 1069 1358 Sabinum.
1107 1303 1185 1368 erod
1204 1303 1228 1356 si
1249 1317 1303 1356 uno
1326 1302 1413 1371 pretio
1436 1286 1688 1370 uendiderinffdi‘·
1707 1293 1726 1346 S
1743 1295 1801 1341 ¹³⁶3

252 1391 369 1446 cendum
393 1396 436 1444 ost
454 1397 539 1446 totam
563 1392 646 1460 priori
670 1398 789 1461 emptam
808 1408 931 1462 manere,
958 1392 1189 1462 quemadmodum
1208 1391 1310 1460 siquis
1329 1390 1394 1444 mibi
1411 1395 1499 1444 totum
1518 1388 1635 1444 fundum
1653 1389 1689 1443 ad

253 1480 324 1534 diem
345 1481 508 1549 addixisset,
533 1487 629 1549 postea
647 1477 713 1534 u'ero
731 1482 819 1550 pretio
838 1482 945 1536 adiecto
966 1482 1108 1536 dimidium
1132 1481 1177 1534 aiii
1196 1479 1339 1534 addixerit.
1377 1480 1472 1534 Celsus
1491 1495 1602 1548 quoqne
1620 1477 1689 1533 libro

252 1573 351 1623 octauo
371 1569 539 1637 digestorum
557 1568 640 1624 refert
657 1571 777 1624 Mucium
790 1571 904 1624 Brutum
917 1570 1073 1625 Labeonem
1089 1570 1162 1639 quod
1175 1568 1305 1623 Sabinum
1321 1569 1487 1624 existimare:
1506 1569 1566 1637 ipse
1580 1583 1689 1637 quoqne

253 1657 348 1712 Celsus
367 1658 438 1712 idem
456 1657 555 1728 probat
573 1664 601 1712 et
619 1659 702 1714 adicit
721 1660 812 1714 mirari
830 1675 860 1714 se
879 1676 896 1715 a
913 1660 1022 1715 nemine
1041 1659 1275 1728 animaduersum,
1300 1658 1373 1726 quod
1392 1658 1416 1712 si
1433 1658 1507 1727 prior
1525 1663 1634 1727 emptor
1652 1657 1690 1710 ita
1709 1669 1735 1710 rs

252 1747 400 1815 contraxit,
425 1751 455 1800 ut
479 1748 531 1802 nisi
554 1752 654 1817 totum,
679 1747 793 1804 fundum
817 1755 937 1819 emptum
961 1750 1045 1804 nollet
1068 1747 1182 1818 habere,
1206 1762 1261 1803 non
1285 1747 1386 1802 habere
1410 1763 1472 1802 eum
1497 1761 1559 1801 eam
1583 1752 1688 1815 partem

219 1841 386 1905 temptam,
410 1852 491 1905 quarn
517 1853 587 1892 unus
611 1853 645 1892 ex
669 1838 751 1892 sociis
774 1839 919 1907 posteriori
941 1838 1057 1908 emptori
1076 1838 1203 1892 addicere
1222 1837 1315 1892 noluit.
1352 1836 1453 1892 Uerum
1472 1839 1627 1890 astantem
1646 1835 1689 1889 uel

252 1941 335 1980 unum
355 1941 390 1979 ex
407 1924 596 1980 uenditoribna
614 1941 696 1994 posse
714 1927 852 1982 meliorem
871 1925 977 1982 adferre
996 1927 1198 1992 condicionem:
1217 1940 1307 1981 emere
1325 1925 1396 1980 enim
1415 1941 1477 1980 cum
1492 1929 1552 1980 tota
1564 1939 1594 1978 re
1607 1925 1688 1980 etiam

252 2018 373 2069 nostram
391 2019 495 2085 partem
515 2029 668 2083 possumus.
1709 2025 1736 2066 re

196 2103 234 2159 14
306 2104 424 2157 Paetus
442 2102 511 2158 libro
529 2104 625 2172 qriinto
643 2103 679 2157 ad
698 2103 837 2159 Sabinum.
868 2103 896 2159 Si
916 2103 1042 2160 uenditor
1060 2104 1229 2160 simulauerit
1247 2104 1384 2158 meliorem
1404 2104 1512 2158 allatam
1533 2097 1691 2185 [aitis]
1710 2109 1729 2162 S

253 2192 448 2260 condicionem,
468 2207 530 2247 cum
549 2193 660 2246 minoris
679 2193 723 2247 uel
742 2194 824 2247 etiam
842 2194 976 2248 tantidem
996 2195 1040 2248 alii
1058 2195 1199 2263 uenderet,
1217 2194 1325 2262 utrique
1340 2193 1456 2262 emptori
1469 2193 1497 2247 in
1510 2179 1692 2247 sordedant

220 2287 232 2331 1
252 2280 398 2350 obligatus.
427 2281 482 2335 Sed
500 2281 524 2335 si
542 2286 649 2350 emptor
667 2281 749 2336 alium
767 2297 822 2336 non
840 2283 969 2338 idoneum
989 2284 1105 2338 subiecit
1117 2284 1196 2352 eique
1209 2281 1310 2337 fundus
1322 2282 1449 2337 addictus
1462 2286 1513 2350 est,
1533 2297 1589 2336 non
1601 2280 1691 2350 uideo,

252 2370 352 2440 inquit,
378 2369 606 2439 quemadmodum
630 2371 714 2440 priori
737 2372 773 2425 sit
791 2377 915 2442 emptus,
941 2388 1001 2428 eum
1021 2373 1075 2428 alia
1093 2373 1214 2428 uenditio
1233 2378 1261 2426 et
1278 2388 1345 2426 uera
1361 2376 1459 2441 postea
1477 2370 1628 2425 subsecuta
1645 2370 1690 2424 sit.

253 2459 302 2513 scd
320 2474 415 2513 nerum
435 2463 478 2514 est
496 2459 665 2514 uenditorem
679 2459 824 2530 deceptum
837 2476 872 2515 ex
884 2462 996 2517 uendite
1009 2463 1145 2517 actionem
1156 2460 1257 2516 habere
1270 2476 1331 2516 cum
1343 2461 1434 2531 priore
1446 2465 1577 2530 emptore,
1596 2459 1692 2529 quanti

253 2563 304 2602 sua
320 2548 429 2603 intersit
445 2548 474 2602 id
491 2563 546 2603 non
565 2563 626 2603 esse
645 2547 762 2620 iactam,
786 2565 837 2620 per
854 2566 936 2620 qrram
955 2552 1090 2607 actionem
1109 2555 1138 2605 et
1155 2548 1273 2618 tructus,
1292 2564 1362 2618 qrros
1380 2550 1454 2619 prior
1472 2553 1580 2620 emptor
1598 2562 1691 2617 peree-
1709 2553 1738 2592 ²⁵

252 2637 324 2707 perit
346 2641 374 2692 et
392 2651 446 2706 quo
465 2637 583 2692 deterior
600 2652 644 2692 res
663 2639 744 2708 culpa
761 2640 806 2694 uel
823 2639 886 2695 dolo
906 2641 977 2696 malo
996 2641 1055 2695 eius
1073 2639 1148 2694 iacta
1166 2640 1214 2709 sit,
1237 2639 1351 2708 recipiet
1367 2638 1502 2694 uenditor.
1536 2637 1622 2691 etita
1641 2637 1691 2690 La·

219 2725 334 2781 absoni
357 2731 386 2780 et
403 2726 510 2781 Neruae
533 2727 631 2795 placet.
668 2726 724 2782 Sed
747 2728 770 2782 si
794 2733 891 2783 neuter
913 2729 1030 2784 subiecit
1047 2734 1210 2799 emptorem,
1235 2729 1336 2783 maiore
1356 2734 1447 2782 autem
1465 2727 1554 2796 pretio
1573 2726 1620 2780 ad·
1640 2721 1692 2808 [(ιι)

253 2815 356 2869 dictum
374 2819 418 2869 est
435 2814 576 2885 praedium
596 2815 621 2870 ei
639 2815 686 2884 qni
705 2816 836 2872 soluendo
855 2833 909 2873 non
928 2823 978 2888 est,
998 2817 1102 2873 abitum
1121 2824 1164 2873 est
1176 2834 1193 2871 a
1204 2817 1293 2886 priore
1306 2818 1453 2886 emptione,
1472 2817 1538 2884 quia
1549 2830 1584 2869 ea
1596 2816 1692 2869 melior

219 2912 234 2957 a
252 2904 420 2974 intellegitur
437 2919 518 2974 quam
538 2905 664 2960 uenditor
682 2905 879 2976 comprobanit,
898 2907 943 2962 eui
959 2908 1036 2962 licuit
1054 2924 1108 2962 non
1126 2907 1261 2961 addicere.
1293 2905 1349 2961 Sed
1367 2905 1437 2960 etsi
1454 2904 1575 2974 pupillus
1593 2907 1693 2972 postes

253 2993 311 3048 sine
334 2993 432 3048 tutoris
456 2995 618 3049 auctoritate
642 2995 728 3065 pluris
752 2995 861 3066 emerit,
886 2997 1073 3052 consentiente
1096 2995 1238 3051 uenditore
1260 2993 1379 3050 ebibitur
1397 3010 1414 3048 a
1431 2993 1522 3063 priore
1540 2993 1691 3062 emptione.
1712 2998 1739 3038 ιι

252 3082 325 3138 idem
344 3082 425 3137 etde
444 3097 523 3137 seruo
542 3083 644 3138 alieno:
670 3085 747 3139 aliter
765 3090 848 3154 atque
867 3085 891 3139 si
909 3099 989 3141 seruo
1008 3101 1058 3140 sno
1076 3085 1120 3140 uel
1138 3083 1208 3154 filio,
1227 3099 1308 3153 quem
1327 3083 1355 3138 in
1373 3087 1512 3153 potestate
1530 3080 1628 3150 habet,
1647 3082 1693 3135 uel

253 3171 362 3227 domino
386 3171 426 3226 rei
448 3187 499 3240 per
516 3187 634 3226 errorem
657 3171 686 3226 id
710 3172 859 3243 addixerit,
884 3173 1025 3243 quianon
1048 3178 1091 3229 est
1109 3174 1211 3244 emptio
1234 3173 1276 3228 bis
1300 3171 1418 3227 casibus.
1455 3171 1530 3240 quod
1553 3172 1578 3226 si
1601 3171 1693 3226 alieno

253 3275 342 3330 seruo,
363 3275 444 3330 quem
463 3260 602 3330 putauerit
619 3259 733 3316 libemm
752 3277 822 3332 esse,
841 3261 985 3331 addixerit,
1004 3267 1099 3320 contra
1117 3279 1147 3318 se
1165 3262 1278 3319 babebit
1295 3265 1323 3316 et
1342 3262 1394 3316 erit
1410 3260 1455 3315 hie
1473 3260 1569 3314 similis
1588 3260 1692 3329 egenti.

219 3349 425 3420 emptorem,
450 3349 496 3418 qui
520 3349 658 3404 meliorem
682 3351 870 3406 condicionem
895 3351 1030 3421 attulerit,
1053 3357 1162 3420 praeter
1185 3367 1283 3422 eorpus
1302 3350 1368 3404 nibil
1385 3349 1509 3418 sequitur
1532 3344 1694 3432 [ιι-ΕΞ]

220 3446 235 3494 t
253 3438 326 3508 qnod
344 3436 468 3492 uenierit
506 3437 567 3492 lion
584 3442 677 3492 tamen
695 3439 772 3508 ideo,
796 3440 819 3493 si
837 3440 999 3495 tantundem
1017 3441 1134 3510 pretinm
1154 3440 1223 3495 alitis
1241 3440 1300 3508 det,
1325 3439 1377 3494 boc
1394 3439 1467 3510 ipso,
1492 3439 1567 3507 quod
1585 3437 1693 3494 nuptm
1713 3445 1741 3486 ³⁵

252 3543 315 3583 eum
334 3542 389 3582 non
407 3531 570 3596 mouentur,
588 3527 635 3597 qui
654 3528 773 3582 secuturi
791 3533 884 3584 essent
901 3529 1018 3599 priorem
1036 3535 1196 3600 emptorem,
1214 3529 1310 3584 melior
1327 3527 1451 3582 condicio
1470 3526 1581 3581 uidetur
1598 3527 1692 3596 allata

252 3617 318 3686 quia
338 3631 393 3671 non
409 3615 438 3670 id
457 3615 548 3684 agitur
565 3615 637 3670 inter
653 3621 804 3686 emptorem
823 3622 852 3671 et
870 3617 1050 3674 uenditorem.

197 3702 235 3762 15
305 3705 478 3760 Permessus
499 3703 568 3760 libro
590 3718 663 3760 nono
687 3705 723 3760 ad
741 3703 882 3762 Sabinum.
918 3706 948 3762 Si
965 3706 1077 3777 praedio
1095 3706 1123 3761 in
1142 3705 1214 3761 diem
1233 3705 1342 3760 addicto
1361 3709 1424 3760 ante
1442 3705 1513 3758 diem
1533 3697 1694 3787 [effi
1713 3707 1735 3762 S

252 3793 379 3849 uenditor
397 3797 520 3848 mortuus
538 3793 582 3862 sit,
601 3793 661 3848 siue
678 3799 743 3863 post
759 3793 831 3849 diem
849 3794 929 3850 heres
947 3796 972 3850 ei
988 3796 1104 3850 exsistat
1115 3795 1174 3850 siue
1186 3795 1295 3850 omnino
1309 3809 1363 3850 non
1376 3794 1498 3862 exsistat,
1517 3793 1602 3863 priori
1615 3807 1694 3863 prae-

253 3881 327 3937 dium
346 3885 468 3952 emptum
487 3887 542 3951 est,
565 3883 630 3951 quia
648 3882 743 3937 melior
760 3883 884 3938 condicio
902 3885 998 3954 allate,
1021 3899 1092 3954 quae
1111 3883 1221 3940 domino
1238 3885 1359 3954 placeat,
1377 3883 1500 3952 intellegi
1517 3897 1573 3937 non
1590 3887 1694 3952 potest,
1714 3892 1744 3932 ee

251 3982 277 4035 F
282 3979 340 4050 lP(
342 3979 416 4051 VUll

253 4124 262 4158 ¹
281 4125 297 4176 l.
307 4123 450 4247 {3¹quer
463 4125 517 4178 loeo
529 4123 642 4196 leyeraai
655 4129 731 4178 edum
745 4122 847 4188 Graeci,
865 4125 912 4179 sed
923 4127 1043 4180 eolbcari
1055 4125 1142 4179 debuit
1155 4131 1216 4196 poet
1232 4127 1248 4178 l.
1263 4123 1295 4178 13
1312 4124 1382 4178 aerb.
1401 4121 1475 4191 quod
1493 4121 1517 4176 si
1535 4137 1590 4178 uno
1603 4122 1695 4192 pretio

252 4209 305 4248 uen
372 4210 412 4247 nn

253 4327 268 4379 1
288 4323 398 4379 addici
420 4325 457 4378 Γ*
477 4328 481 4393 Ι
501 4324 600 4396 fuerat]
620 4324 728 4392 F‘lPV,
750 4325 832 4382 suerit
855 4325 942 4394 sedi
998 4329 1032 4382 23
1051 4327 1087 4382 sit
1105 4328 1163 4397 sed]
1183 4326 1336 4391 F’P‘VlU,
1355 4326 1481 4391 suarm,
1499 4324 1630 4380 suntsed
1642 4325 1696 4390 Ρ·,

252 4397 394 4451 eiusmodo
410 4397 438 4450 P
478 4398 626 4466 2seilicet]
645 4398 710 4453 licet
721 4399 762 4452 P·
805 4397 943 4453 3slioF¹
998 4397 1047 4454 sed
1061 4399 1096 4451 V·
1132 4401 1167 4455 24
1180 4399 1335 4469 deceptum]
1349 4399 1505 4467 deemptum
1520 4397 1559 4449 P·
1594 4397 1698 4464 asper

252 4467 439 4538 5impendire
457 4470 497 4522 Ρ·
542 4471 631 4525 7ιιοιι
649 4469 799 4539 admiserit]
814 4470 869 4534 FU,
888 4485 944 4524 am·
998 4489 1047 4524 om.
1062 4470 1098 4523 F¹
1115 4471 1120 4534 Ι
1136 4471 1308 4542 perceperit
1326 4471 1371 4534 F1,
1390 4468 1532 4538 recepitP
1577 4469 1694 4538 aequo]

252 4540 357 4595 miserit
369 4540 416 4604 P0,
435 4539 586 4594 ommiserit
597 4541 673 4605 ΡΨ,
687 4550 734 4595 inc.
749 4542 784 4594 V·
825 4543 944 4610 Sponte·
998 4541 1072 4610 quod
1095 4542 1149 4596 PU
1198 4545 1233 4596 28
1256 4541 1378 4596 habitum
1394 4542 1456 4614 sP⁰
1509 4539 1544 4594 29
1568 4555 1697 4610 compro-

252 4611 333 4666 riori
352 4608 388 4663 F‘
443 4613 477 4667 12
496 4612 697 4680 quemadmodo
716 4613 795 4666 F¹P·
846 4615 879 4667 13
898 4611 945 4666 ad·
999 4611 1076 4667 babit
1094 4613 1212 4667 FP·VU
1260 4615 1295 4668 30
1313 4611 1441 4681 ebibitur]
1459 4611 1551 4665 auitur
1568 4611 1616 4674 1²⁸,
1634 4610 1697 4666 abi·
1774 4653 1776 4658 .

251 4683 332 4738 ieetlo
346 4683 384 4735 P⁰
400 4682 405 4749 i
421 4681 561 4736 dimidiam
575 4685 619 4748 Ρ,
638 4682 750 4739 dimidio
768 4683 802 4737 U⁰
838 4685 872 4739 14
890 4683 945 4738 exi-
998 4687 1044 4738 tur
1053 4683 1167 4750 P⁵VUi
1184 4685 1326 4755 aptiorem
1336 4684 1500 4754 emptionem
1510 4681 1551 4734 P·
1586 4681 1697 4736 sabin

252 4753 373 4823 stimate]
393 4753 449 4818 PU,
468 4753 637 4808 existimaret
654 4756 681 4809 F
723 4757 757 4810 15
775 4754 946 4809 animaduer·
999 4755 1109 4810 casibus
1137 4756 1175 4808 Γ)
1254 4757 1290 4810 34
1315 4755 1382 4810 nihil
1408 4753 1533 4824 sequitur
1553 4751 1633 4806 'nibil'
1656 4755 1698 4806 Fr

252 4841 299 4881 sna
318 4826 362 4890 F,
381 4825 592 4880 anmaduersum
612 4826 670 4879 12⁶?
721 4828 754 4882 16
773 4841 827 4882 non
845 4823 946 4882 babere
999 4827 1034 4880 35
1053 4825 1325 4882 ιιοιιιιιιιιιιίιιοιιιι
1341 4829 1346 4894 Ι
1361 4825 1511 4896 pr‘a'etinm
1527 4825 1564 4877 Ρ*
1602 4825 1638 4878 36
1650 4839 1697 4879 ee-

252 4898 292 4952 bia
303 4898 349 4962 F1,
367 4898 466 4960 deleuit,
484 4895 531 4952 sed
539 4903 735 4967 posteopuarta
746 4917 848 4953 rursum
861 4903 945 4952 ausiu-
999 4903 1136 4966 quantur
1158 4899 1203 4964 Fi,
1229 4897 1482 4968 consequanturU
1537 4896 1573 4950 39
1596 4896 1623 4951 tii
1645 4910 1698 4951 ex·

251 4971 281 5022 la
294 4969 340 5033 P‘,
359 4984 413 5024 non
426 4967 527 5024 babere
545 4979 606 5022 eum
624 4967 714 5022 omi*
759 4971 791 5023 11
805 4985 839 5023 ex
851 4967 945 5023 orni*
999 4968 1095 5026 's'istat
1112 4971 1150 5022 F²

252 5041 287 5095 20
305 5041 494 5098 condicionem
512 5040 623 5095 allatam
641 5040 668 5092 P
719 5038 946 5110 ascripserat
