3848 5536
165 1187 234 1244 Sigus

134 1250 223 1306 legendi
241 1253 264 1296 ct

163 1314 231 1358 intur·

132 1375 267 1433 punctiones

928 262 1078 331 XXXIIII

287 452 393 508 earum,
411 453 482 507 qnae
499 442 578 492 erant
595 453 617 491 nr
636 442 664 492 et
681 452 714 507 u,
734 437 850 493 lineolae
866 437 929 493 illae
947 437 1183 495 substituebantur
1201 455 1284 510 supra
1301 453 1411 494 uersum
1430 437 1518 507 uagis
1534 451 1617 507 quam
1634 435 1662 492 in
1681 451 1716 492 eo

285 544 441 614 pingendae
463 545 556 615 itaque
579 543 817 601 commodissimae
840 546 929 615 spatio
947 543 1099 602 deficiente.
1119 576 1152 586 —
1175 545 1264 601 Ucres
1281 545 1471 615 exceptiones,
1493 543 1588 614 quales
1606 547 1670 598 sunt
1687 543 1718 598 in

285 651 466 720 Neapolitano
483 652 680 722 pandectarum
698 651 767 708 libro
784 657 866 708 uotse
884 667 939 707 nou
956 668 1020 709 raro
1036 652 1075 708 ibi
1092 658 1240 723 usurpatae
1254 668 1282 716 Q·
1297 674 1330 702 =
1343 671 1389 724 qno
1407 657 1436 706 et
1453 666 1481 706 s·
1496 671 1529 700 =
1542 651 1596 721 bin,
1614 650 1642 706 iu
1654 650 1717 706 Flo·

286 759 392 814 rentino
415 759 587 828 reperiuntur
609 759 657 814 οἰκ
679 759 764 828 ullae,
788 759 893 815 scilieet
913 759 1102 816 tantummodo
1127 764 1209 816 nome
1231 760 1385 816 numerales
1403 755 1566 828 quibusdam
1583 757 1651 813 locis
1669 756 1717 812 sd-

286 865 403 920 miseae¹
428 866 550 936 diacone
576 881 731 937 perpaucae
758 881 812 922 nou
839 871 895 922 tem
923 882 1001 922 rarae
1023 882 1105 936 quam
1130 867 1282 938 singulares
1305 865 1426 923 omues¹.
1459 865 1509 920 sed
1533 862 1591 920 fieri
1616 869 1716 936 potest,

286 977 318 1027 ut
338 973 367 1026 iu
390 972 540 1044 archetypo
557 973 705 1029 Florentini
728 973 863 1042 quaedam
887 989 937 1044 por
960 979 1039 1030 notas
1062 975 1164 1044 scripta
1186 972 1300 1044 luerint,
1323 989 1395 1044 quae
1411 971 1512 1028 librarii
1531 972 1590 1028 eins
1607 972 1661 1042 legi
1678 971 1716 1027 illi

286 1077 462 1135 oboedientes
479 1080 723 1150 perscripserunt⁸.

339 1185 424 1257 Signa
445 1203 500 1243 nou
524 1187 690 1243 enuntiandas
713 1203 730 1242 e
753 1188 868 1256 lectore,
891 1186 940 1242 sed
964 1187 1090 1258 apposita
1110 1187 1307 1244 adlectionem
1326 1185 1510 1243 sdlunandsm
1528 1187 1581 1241 tria
1599 1185 1717 1242 maxime

286 1292 480 1350 obsemantur:
502 1298 569 1350 nota
591 1295 619 1349 n
641 1297 703 1350 orta
725 1309 760 1349 er
783 1292 908 1349 rubricae
931 1293 1078 1364 uocabulo,
1102 1308 1193 1364 equa
1209 1295 1333 1364 singulae
1351 1293 1475 1349 rubricae
1492 1297 1522 1349 et
1538 1293 1671 1363 incipiunt
1688 1296 1717 1348 ct

285 1400 478 1456 claudunturt:
500 1406 632 1471 puuctum
653 1401 769 1472 duplex,
788 1400 862 1470 quod
879 1401 955 1456 uarie
973 1401 1094 1472 pingitur
1111 1403 1151 1458 sic
1169 1399 1221 1464 t?
1240 1402 1284 1457 uel
1303 1415 1312 1456 r
1330 1401 1501 1470 similiores,
1519 1414 1574 1470 quo
1592 1399 1716 1469 singulae

285 1509 362 1578 leges
384 1508 577 1564 claudunturl:
602 1507 721 1577 denique
743 1507 834 1578 diple⁸
852 1518 878 1579 >,
903 1509 990 1564 rarius
1010 1523 1025 1564 s
1047 1509 1203 1579 praeposite
1225 1509 1259 1564 iis
1282 1508 1362 1578 loeis,
1386 1506 1433 1563 nbi
1457 1507 1609 1577 allegantur
1631 1504 1717 1561 uerba

285 1615 375 1686 legum
400 1616 445 1671 nel
463 1615 545 1671 edicti
563 1615 607 1670 uel
629 1615 854 1671 constitutionum
862 1617 882 1683 l,
906 1613 963 1671 lere
982 1621 1013 1670 nt
1031 1614 1111 1672 bodie
1128 1614 1187 1670 fieri
1206 1615 1284 1672 solet
1320 1620 1462 1685 practerea
1479 1617 1589 1683 etpost
1606 1611 1717 1668 nomina

285 1726 425 1778 auctorum
449 1727 478 1778 et
501 1721 538 1777 ad
555 1721 646 1792 capita
664 1720 870 1794 distinguenda,
895 1722 1013 1778 maxime
1033 1728 1098 1780 ante
1122 1722 1258 1779 uocabula
1274 1731 1311 1788 εἰ,
1330 1729 1400 1787 trem,
1419 1722 1498 1786 idem,
1517 1736 1570 1777 non
1589 1734 1650 1775 raro
1668 1723 1717 1775 aut

337 1918 348 1952 1
372 1916 401 1967 In
424 1915 508 1983 legum
531 1917 734 1986 inscriptionibus
758 1919 897 1983 adeunt-1,
914 1921 940 1982 3,
958 1919 1065 1971 5-19.
1083 1919 1125 1970 21.
1143 1918 1266 1969 24-32.
1284 1919 1408 1970 34-41.
1431 1916 1473 1980 36,
1488 1918 1511 1979 l,
1524 1917 1571 1978 81,
1595 1918 1655 1968 item
1672 1915 1716 1980 28,

283 2006 310 2068 b,
322 2005 356 2056 25
375 2015 401 2056 et
418 2005 461 2070 42,
472 2007 498 2069 2,
510 2008 535 2068 6,
554 2008 597 2058 ubi
615 2017 699 2060 umen
717 2026 763 2074 pro
781 2009 890 2059 numeris
909 2026 935 2060 ur
953 2017 980 2059 et
997 2008 1178 2060 u'emendator
1195 2007 1307 2073 reposuit
1323 2025 1411 2068 curro,
1430 2024 1531 2063 culsne.
1558 2023 1588 2056 ex
1607 2005 1714 2072 primor-

284 2095 332 2146 diis
350 2095 440 2146 similia
457 2095 639 2161 composuimus
658 2114 683 2163 p.
695 2096 776 2149 LVI'.
796 2129 825 2135 -
845 2097 961 2150 Rubricis
980 2099 1028 2150 etei
1045 2108 1097 2149 tam
1114 2099 1139 2149 in
1158 2097 1240 2149 indice
1258 2097 1385 2148 titulorum
1404 2114 1477 2162 quarn
1495 2097 1521 2146 in
1539 2095 1593 2161 ipso
1612 2110 1716 2160 corpore

284 2183 380 2234 numeri
402 2184 494 2235 adiecti
516 2192 575 2235 sunt
597 2186 663 2237 notis
683 2187 787 2238 Graecis
805 2186 946 2250 Latiniano,
969 2195 1052 2239 tamen
1073 2205 1119 2239 eae
1137 2196 1212 2238 notae
1230 2186 1331 2252 proprie
1349 2186 1522 2252 exceptionem
1539 2201 1589 2235 non
1607 2182 1715 2234 iaciunt:

283 2290 341 2324 uam
359 2290 435 2339 supra
453 2291 479 2339 p.
491 2273 524 2326 X.
535 2273 573 2326 xl
592 2275 816 2327 demonstrauimus
833 2276 859 2326 in
878 2277 1016 2342 archetypo
1034 2287 1060 2328 et
1077 2277 1185 2327 indicem
1203 2284 1229 2326 et
1246 2276 1357 2326 rubricas
1370 2275 1468 2342 corpori
1479 2275 1586 2325 insertas
1599 2288 1716 2322 numeros

283 2361 365 2414 nullos
382 2362 508 2414 habuisse.
529 2393 559 2401 -
580 2364 695 2430 Denique
712 2365 738 2415 in
759 2365 878 2417 librorum
895 2366 1098 2432 inscriptionibus
1116 2374 1143 2416 et
1160 2363 1382 2431 subscriptionibus
1402 2363 1499 2430 corpori
1517 2362 1616 2422 inditis,
1639 2359 1716 2410 etim

284 2451 313 2502 iis
337 2467 402 2517 quse
423 2470 440 2503 a
462 2452 543 2517 prima
566 2470 642 2504 manu
666 2463 737 2516 sunt,
764 2455 860 2504 numeri
887 2463 996 2520 regnant
1019 2455 1054 2520 (p.
1067 2455 1207 2520 illicem),
1235 2471 1290 2504 curn
1312 2453 1337 2504 in
1362 2452 1444 2503 indice
1468 2451 1594 2504 titulorum
1617 2449 1716 2515 corpori

283 2541 420 2606 praemisso
438 2540 561 2592 uocabula
572 2542 710 2594 numeralia
722 2543 879 2609 reperiantur
891 2544 1044 2610 perscripta:
1063 2543 1157 2595 seilicet
1168 2542 1286 2594 librorum
1299 2542 1495 2608 subscriptiones
1508 2560 1523 2591 a
1534 2538 1641 2590 librariis
1654 2555 1714 2604 pro·

283 2629 434 2691 ficiscuntur,
452 2629 527 2682 index
547 2651 562 2683 a
580 2631 790 2698 compilatoribus.
818 2633 878 2683 item
896 2633 1086 2699 quaternionum
1104 2633 1200 2683 numeri
1212 2632 1278 2683 notis
1290 2631 1431 2683 indicuntur
1448 2639 1531 2682 recte:
1549 2645 1630 2695 neque
1649 2627 1716 2677 euim

283 2727 381 2785 perteus
403 2720 498 2770 iaciunt
520 2721 615 2787 operis,
639 2721 684 2772 sed
708 2721 828 2788 adscripti
851 2731 910 2773 sunt
932 2730 1034 2788 propter
1058 2720 1242 2788 glutinetorern.
1348 2719 1360 2754 ¹
1382 2720 1424 2772 Sic
1447 2720 1472 2782 l,
1491 2719 1557 2781 284,
1576 2719 1593 2769 3
1610 2717 1716 2777 isurun,

284 2810 350 2874 qnod
374 2809 519 2860 emendauit
544 2811 569 2862 in
594 2825 738 2862 narseum
767 2827 855 2860 manns
878 2811 1002 2862 secunda:
1031 2811 1091 2862 item
1114 2811 1140 2861 in
1165 2811 1268 2862 Graecis
1291 2810 1314 2884 Ις
1344 2827 1389 2876 pro
1413 2809 1451 2861 ssi
1476 2809 1503 2870 1,
1521 2808 1567 2869 11,
1585 2806 1620 2857 28
1646 2805 1717 2870 (ante

285 2899 408 2964 osennae)
427 2898 517 2950 semel:
543 2877 573 2957 fil
598 2917 644 2966 pro
662 2917 712 2968 rupo
730 2899 763 2962 11,
782 2898 825 2960 45,
844 2898 879 2949 29
901 2900 961 2952 item
980 2899 1070 2952 semel:
1092 2899 1118 2950 in
1137 2899 1277 2966 primordiis
1295 2897 1496 2966 p.xxxl11',1
1517 2894 1549 2957 οἳ
1566 2905 1593 2946 et
1611 2895 1652 2956 ιῆγ
1670 2895 1715 2963 ῆι

284 3003 310 3053 p.
319 2985 376 3056 1.1*,
391 2986 409 3040 8
427 2971 572 3072 eutolmi):
591 2988 652 3040 item
670 2989 696 3039 in
714 2988 796 3040 indice
814 2997 942 3039 auctorum
960 3007 1010 3040 non
1029 3007 1086 3040 raro
1106 2977 1137 3043 33
1156 3007 1201 3055 pro
1222 2988 1320 3041 biblion
1338 2997 1365 3038 et
1383 2986 1465 3040 sistis
1479 2986 1521 3052 (cs.
1536 3004 1560 3051 p.
1570 2983 1651 3046 LVI',
1663 2983 1715 3050 14).

284 3075 335 3127 alia
358 3076 473 3142 exempla
496 3085 565 3128 certa
588 3096 604 3129 a
621 3095 696 3129 manu
715 3077 796 3144 prima
813 3095 862 3129 nou
881 3079 994 3145 repperi:
1018 3095 1076 3129 nam
1094 3078 1198 3130 sensuri
1224 3095 1270 3143 pro
1289 3082 1419 3148 poenitere
1441 3076 1462 3138 Ι,
1480 3073 1540 3136 706,
1558 3073 1592 3124 28
1615 3082 1642 3124 et
1663 3088 1716 3124 nnn

284 3182 330 3232 pro
348 3165 455 3219 edictam
474 3165 495 3228 1,
510 3166 551 3228 12,
563 3165 607 3228 22,
626 3183 776 3223 euasurum
795 3183 840 3232 pro
859 3183 1040 3219 cosussmnnrs
1059 3185 1084 3234 p.
1097 3166 1158 3230 Xl',
1169 3167 1204 3216 29
1222 3166 1361 3232 similisque
1378 3165 1458 3232 magis
1470 3164 1587 3215 uidentur
1598 3169 1716 3228 corrupta

284 3247 349 3306 cese.
378 3254 490 3306 secunda
507 3273 595 3306 manus
614 3256 755 3322 corrigendi
774 3273 850 3308 causa
868 3257 952 3323 posuit
969 3275 995 3314 c·
1013 3275 1060 3323 pro
1078 3274 1125 3328 qne
1143 3255 1285 3317 Ι,139,10
1303 3263 1329 3306 et
1347 3254 1364 3304 ιῖ
1381 3272 1495 3320 pronon
1517 3254 1551 3314 11,
1563 3252 1624 3314 262,
1637 3252 1662 3305 8.
1683 3279 1714 3289 -

283 3343 314 3394 Iu
331 3343 533 3409 inscriptionibus
552 3353 579 3395 et
597 3345 820 3412 subscriptionibus
839 3355 867 3396 nt
884 3355 959 3398 nome
977 3345 1132 3407 numerales,
1156 3346 1192 3397 ita
1210 3345 1272 3397 talia
1293 3361 1405 3411 quoque,
1428 3342 1513 3408 qualis
1530 3351 1589 3393 sunt
1606 3359 1653 3392 nun.
1666 3355 1716 3392 mc.

284 3449 366 3496 sxrn„
384 3432 478 3498 passim
496 3434 662 3500 reperiuntur,
681 3451 839 3500 nequaquam
856 3452 917 3485 uero
934 3435 959 3485 in
978 3434 1060 3486 iudice
1079 3433 1213 3486 titulorum.
1318 3433 1330 3467 ⁸
1348 3433 1404 3484 Hoc
1421 3432 1527 3482 maxime
1545 3430 1613 3482 eadit
1631 3430 1657 3480 in
1674 3429 1714 3480 in-

285 3521 366 3572 dicem
377 3521 513 3583 titulorum,
525 3523 568 3573 ubi
583 3539 639 3574 cum
650 3523 731 3590 prima
742 3541 831 3575 msnns
843 3524 937 3591 passim
949 3523 1077 3591 scripserit
1088 3523 1171 3596 libro,
1180 3540 1236 3575 enm
1249 3522 1389 3589 requiretur
1400 3521 1471 3584 liber,
1489 3522 1548 3572 item
1561 3537 1586 3586 p.
1599 3519 1660 3581 ΧΓ,
1672 3519 1715 3570 33.

283 3609 358 3672 Xll',
374 3611 397 3662 1.
409 3611 443 3661 25
461 3615 556 3681 alconti
573 3612 615 3664 uel
632 3615 740 3682 stupetis
757 3630 803 3680 pre
820 3615 999 3685 eloynlcrinm,
1017 3631 1043 3679 p.
1055 3613 1116 3674 XI',
1129 3611 1172 3664 29.
1190 3612 1293 3674 ΧῙΙ“,9
1312 3611 1459 3683 poeniendis
1472 3628 1518 3677 pro
1530 3608 1715 3672 conueniendia,

286 3715 382 3750 errores
400 3699 446 3751 hes
470 3709 538 3752 ortos
561 3717 618 3752 esse
641 3711 749 3766 apparet
770 3719 802 3753 ex
825 3703 891 3754 notis
909 3702 950 3753 um
970 3733 1001 3740 -
1021 3701 1114 3752 srsnffi
1132 3731 1161 3739 -
1182 3700 1338 3754 auertendus.
1366 3700 1392 3750 iu
1410 3700 1466 3766 ipso
1484 3715 1588 3766 corpore
1605 3697 1662 3749 iibri
1680 3696 1716 3748 si·

284 3787 354 3840 milia
371 3788 412 3839 nix
431 3789 557 3841 offendes:
575 3807 634 3841 nam
652 3790 768 3856 quesibi
787 3791 1009 3858 deprehenduntur
1026 3791 1125 3842 litterae
1143 3790 1284 3858 singulares
1301 3789 1367 3840 male
1384 3788 1490 3850 solutae,
1509 3789 1544 3839 ita
1558 3794 1717 3854 comparatae

286 3885 353 3939 sunt,
371 3887 399 3928 nt
417 3878 523 3929 errarint
540 3878 575 3930 ibi
593 3897 642 3932 non
661 3879 765 3942 librarii,
783 3880 829 3931 sed
846 3881 927 3947 magis
942 3879 1125 3947 compilatores.
1214 3881 1225 3914 ⁴
1243 3879 1334 3931 Paucis
1352 3877 1413 3930 locis
1432 3879 1533 3945 (nempe
1550 3877 1576 3942 3,
1588 3878 1613 3927 4.
1638 3875 1717 3939 19,1.

286 3965 329 4030 20,
341 3967 366 4018 5.
380 3965 405 4018 6.
432 3967 474 4032 21,
490 3969 512 4018 1.
525 3967 550 4019 2.
577 3969 619 4032 22,
632 3969 656 4020 3.
670 3969 695 4018 4.
708 3969 733 4019 o.
761 3967 803 4031 29,
816 3969 885 4020 4.6:
909 3969 967 4020 item
985 3969 1072 4032 22,2,
1091 3970 1134 4021 nbi
1151 3969 1180 4022 Η
1198 3969 1325 4036 suppleuit
1343 3967 1504 4030 emendstor,
1526 3977 1553 4018 et
1570 3966 1613 4030 22,
1626 3966 1656 4028 6,
1674 3963 1717 4016 ubi

286 4063 365 4107 totam
382 4056 506 4108 rubricam
524 4057 661 4124 suppleuit)
679 4057 707 4110 R
725 4075 775 4108 non
794 4057 867 4108 adest
885 4058 931 4110 nisi
949 4059 975 4110 in
993 4059 1115 4125 principio
1133 4058 1255 4110 rubricae.
1282 4056 1394 4108 similiter
1411 4057 1437 4108 in
1456 4055 1547 4108 tabulis
1565 4055 1645 4106 aereis
1658 4053 1716 4106 sil·

286 4161 400 4211 pensans
423 4155 449 4196 et
471 4145 623 4198 Mal-scitans
646 4147 755 4198 exaratis
783 4147 923 4214 imperante
947 4147 1090 4199 Domitiano
1115 4147 1236 4214 (0.1.1..
1260 4146 1310 4198 nol.
1323 4147 1348 4198 ll
1370 4145 1579 4212 n.1963.1964)
1603 4142 1717 4210 singulae

286 4234 401 4286 mbricae
418 4233 541 4301 incipiunt
559 4253 574 4286 a
592 4235 678 4286 littera
694 4235 733 4289 R':
757 4236 783 4286 in
802 4237 853 4287 fine
871 4237 984 4288 rubricae
1002 4255 1033 4288 ea
1050 4246 1111 4288 nota
1128 4237 1164 4288 ibi
1181 4254 1231 4289 non
1250 4236 1330 4288 adest.
1437 4236 1448 4270 ⁸
1470 4234 1509 4286 Ibi
1527 4235 1569 4286 nbi
1587 4234 1620 4285 de
1638 4233 1716 4285 libra·

286 4321 379 4374 riorum
397 4323 542 4376 diuersitate
560 4324 666 4391 egimus,
685 4323 717 4376 de
735 4325 788 4377 cius
805 4325 870 4392 signi
888 4326 977 4387 forma,
995 4343 1060 4392 quae
1078 4343 1128 4378 nou
1146 4343 1245 4393 semper
1263 4325 1353 4378 eedem
1368 4333 1416 4386 est,
1435 4324 1558 4391 quaedam
1570 4323 1716 4375 monuimus.

286 4419 420 4478 praeterea
436 4421 497 4464 ncta
514 4423 609 4479 puncta
626 4413 690 4465 haec
707 4413 743 4465 ibi
761 4431 859 4481 quoquc
878 4413 981 4476 adesse,
1004 4415 1047 4467 ubi
1065 4414 1135 4482 leges
1154 4415 1228 4482 culpa
1245 4413 1402 4466 librariorum
1419 4414 1581 4481 imperfectae
1599 4420 1657 4464 sunt
1675 4409 1717 4478 (cf.

287 4501 320 4553 ed
338 4501 371 4566 11,
384 4501 445 4565 856,
458 4503 516 4569 25):
540 4503 603 4554 haec
627 4502 704 4569 igitur
726 4502 821 4555 librarii
842 4503 931 4556 eodem
949 4505 1052 4556 arbitrio
1070 4513 1208 4571 posuerunt
1226 4521 1275 4570 qno
1299 4503 1338 4555 usi
1356 4511 1415 4555 suut
1432 4511 1477 4555 ant
1493 4503 1570 4554 minio
1587 4511 1631 4553 sut
1648 4511 1716 4552 atra·

287 4597 380 4642 meum.
486 4593 498 4626 ⁸
521 4593 558 4644 cf.
577 4593 688 4645 Isidorus
706 4593 768 4658 orig.
790 4593 814 4655 l,
831 4593 875 4655 21,
896 4595 940 4644 14:
959 4591 1035 4659 'diple
1051 4595 1079 4644 >:
1103 4591 1168 4644 hanc
1191 4593 1325 4660 scriptores
1347 4593 1426 4644 nostri
1449 4599 1580 4659 apponunt
1602 4591 1628 4641 in
1649 4588 1718 4642 libris

288 4677 520 4732 'ecclesiastieorum
543 4681 652 4734 uirorum
675 4682 707 4734 ad
731 4683 873 4747 separanda
900 4683 941 4734 uel
966 4681 1162 4735 demonstranda
1188 4681 1331 4734 testimonis
1357 4689 1499 4734 sanctarum
1525 4675 1719 4748 scripturarum'.

287 4768 299 4802 1
317 4769 357 4820 Ita
375 4770 449 4822 adest
466 4788 483 4821 a
500 4787 575 4821 mauu
594 4771 674 4837 prims
692 4769 767 4823 noll
784 4770 828 4824 lol
842 4771 892 4824 106
909 4791 943 4820 .-.·
961 4772 1035 4824 burins
1052 4771 1127 4834 ed.1,
1141 4768 1200 4834 187,
1213 4771 1259 4824 25:
1282 4767 1373 4822 12149'
1387 4790 1421 4818 =
1434 4770 1495 4832 281,
1508 4768 1557 4822 37:
1579 4763 1669 4821 tele'
1684 4786 1718 4815 π

288 4855 349 4919 637,
361 4857 404 4910 24.
418 4858 466 4911 26ι
490 4859 507 4910 1.
521 4856 580 4911 324*
594 4880 628 4908 =
641 4859 703 4924 663,
716 4859 744 4911 l:
770 4857 982 4923 οοοοετοο,
998 4861 1038 4914 17.
1069 4861 1130 4912 item
1147 4878 1164 4911 a
1181 4877 1256 4912 mann
1274 4859 1443 4912 emendatoris
1465 4857 1565 4910 adiecta
1587 4867 1628 4910 est
1645 4856 1720 4908 uol.1

287 4944 554 5010 t83'=1³8,36:
582 4947 780 5010 t84'=140‚
800 4949 844 5000 17:
874 4946 931 5001 147¹
946 4949 1057 5012 =2ii,
1074 4949 1122 5002 36:
1149 4949 1278 5002 tlon:
1297 4948 1359 5011 283,
1376 4949 1423 5001 25:
1450 4947 1581 5000 i-204:
1598 4947 1659 5010 398,
1676 4946 1720 4999 30.

287 5035 318 5088 iis
336 5036 406 5100 locis,
425 5038 514 5105 quibus
533 5047 595 5105 apta
611 5049 659 5102 ost,
678 5037 763 5106 diplen
782 5057 838 5090 rere
857 5039 996 5091 desiderari
1014 5051 1099 5091 auctor
1117 5049 1157 5092 est
1175 5039 1322 5092 Schoellius.
