3812 5598
295 217 413 285 XXVII
433 221 453 282 3
474 225 510 278 20
529 253 561 262 -
581 218 602 281 4
621 224 636 277 1
972 209 1059 290 800
1281 233 1327 280 nn
1350 231 1548 280 consessus
1571 231 1727 280 3313313

295 390 351 430 rem
370 378 403 430 ut
420 374 522 429 maiore
539 373 656 442 pecunia
678 372 889 427 condemnatum
912 372 941 426 in
962 371 1099 440 integrum
1123 371 1231 426 restitui
1253 371 1364 440 placuit.
1391 385 1425 424 ea
1448 385 1492 425 res
1514 369 1656 426 materiam
1673 369 1729 423 litis

296 463 429 519 aduersus
447 464 562 518 alterum
581 466 733 517 curatorem
752 459 945 515 instaurandae
970 477 1024 516 non
1049 459 1126 515 dabit
1150 460 1228 530 quasi
1252 460 1355 515 minore
1374 459 1491 530 pecunia
1508 457 1729 526 condemnatum,

296 554 320 606 si
342 568 396 607 non
420 553 456 606 sit
479 553 538 607 eius
561 551 660 605 aetatis
682 556 770 618 actor,
794 551 837 603 cui
861 548 1000 604 subueniri
1025 548 1136 604 debeat:
1163 549 1212 603 sed
1237 547 1383 618 aequitatis
1406 549 1511 602 ratione
1529 547 1663 602 suadente
1681 561 1731 614 per

264 651 275 694 1
295 643 390 697 utilem
408 641 542 695 actionem
561 641 586 694 ei
605 638 757 707 subueniri,
782 639 809 693 in
828 645 958 708 quantum
977 639 1046 692 alter
1063 639 1200 692 releuatus
1219 644 1274 707 est,
1298 641 1414 706 oportet.
1450 637 1512 691 Non
1529 636 1631 690 idcirco
1649 636 1731 698 aetio,

296 745 366 800 quae
384 737 448 799 post
465 729 563 798 uiginti
582 729 702 797 quinque
720 743 806 782 annos
824 729 924 782 aetatis
941 729 1012 781 intra
1030 727 1210 782 restitutionis
1228 731 1336 796 tempus
1351 726 1484 782 aduersus
1496 729 1614 780 tutorem
1626 725 1732 779 minore
1751 735 1764 774 1

296 819 412 890 pecunia
429 819 531 872 tutelae
550 816 650 872 iudicio
669 817 880 872 condemnatum
899 816 1034 884 redditur,
1053 816 1156 870 inutilis
1174 817 1239 884 erit,
1258 815 1331 884 quod
1350 814 1518 869 adulescenti
1537 819 1677 868 curatores
1695 811 1732 868 ob

296 923 357 963 eam
376 908 484 977 culpam
502 905 675 960 condemnati
694 910 772 960 sunt:
794 905 887 974 itaque
906 906 928 958 si
947 921 1002 959 non
1020 905 1169 959 iudicatum
1188 921 1205 958 a
1222 903 1393 959 curatoribus
1411 902 1514 958 iactum
1534 909 1590 973 331,
1608 917 1658 973 per
1676 901 1733 958 doli

297 997 487 1065 exceptionem
507 1001 645 1049 curatores
664 994 794 1062 consequi
812 1000 941 1063 poterunt
959 1009 1018 1047 eam
1037 994 1171 1048 actionem
1191 993 1324 1061 praestari
1342 992 1402 1047 sibi.

240 1084 276 1140 21
350 1086 427 1139 13331
444 1084 513 1139 libro
532 1085 618 1154 primo
636 1082 833 1138 definitionum.
864 1082 932 1137 Cum
944 1085 1064 1153 pupillus
1081 1083 1184 1137 tutelae
1200 1082 1307 1136 actione
1325 1086 1420 1135 contra
1436 1086 1555 1136 tutorem
1575 1075 1734 1163 [BT—*J*
1624 1094 1662 1148 33,
1671 1093 1693 1149 3,
1702 1094 1731 1137 11
1753 1085 1779 1138 P

298 1175 412 1228 alterurn
431 1174 523 1242 tutori,
542 1188 622 1242 quem
640 1171 749 1226 iudex
742 1189 769 1226 rn
788 1172 904 1226 solidum
924 1173 1125 1242 condemnauit,
1105 1172 1236 1239 tcessit,
1255 1170 1380 1239 quamuis
1397 1175 1495 1240 postea
1507 1170 1658 1225 indicatum
1676 1168 1733 1238 liat,
1754 1181 1781 1217 11

297 1269 389 1318 tamen
407 1263 479 1317 actio
497 1262 562 1317 datu
580 1277 633 1316 non
652 1261 797 1328 intercidit,
816 1261 881 1329 quia
897 1277 947 1331 pro
965 1266 1043 1332 parte
1063 1260 1236 1316 condemnati
1254 1259 1665 1329 13131131333131313131111113,
1683 1258 1735 1313 sed

298 1352 415 1407 nominis
432 1351 549 1421 pretium
567 1351 685 1404 solutum
705 1349 822 1403 uidetur.

240 1441 278 1498 22
351 1441 470 1496 Pennus
487 1437 556 1494 libro
575 1439 655 1493 tertio
674 1437 781 1493 decimo
799 1439 998 1507 quaestionum.
1030 1435 1165 1492 Defensor
1176 1438 1274 1492 tutoris
1287 1436 1484 1492 condemnatus
1502 1451 1557 1492 non
1577 1429 1736 1520 Q
1754 1441 1781 1494 P

298 1528 406 1584 auferet
422 1528 593 1598 priuilegium
613 1527 721 1597 pupilli·
740 1542 828 1596 neque
846 1527 918 1581 enim
938 1531 1035 1596 sponte
1054 1542 1117 1580 cum
1134 1542 1167 1580 eo
1185 1527 1304 1597 pupillus
1322 1526 1466 1581 contraxit.
1756 1537 1784 1574 ιι

240 1618 278 1676 23
350 1620 427 1672 lours
445 1617 513 1672 libro
531 1632 603 1671 nono
622 1631 822 1685 responsorum.
861 1616 1002 1671 Conucnto
1024 1614 1125 1670 herede
1149 1615 1247 1670 tutoris
1272 1615 1372 1670 iudicio
1390 1616 1493 1670 tutelae
1512 1630 1558 1669 cu·
1578 1608 1736 1696 [Β.
1626 1627 1664 1680 33,
1673 1627 1696 1680 3,
1705 1628 1736 1671 ac
1755 1619 1781 1672 P

297 1713 415 1762 retorem
433 1706 556 1761 eiusdem
575 1720 663 1774 neque
681 1705 741 1774 ipso
759 1705 817 1759 iure
835 1704 979 1760 liberatum
998 1704 1085 1758 uideri
1103 1719 1192 1774 neque
1211 1705 1410 1776 exceptionem
1419 1719 1458 1760 rer
1450 1703 1607 1759 iudicatae
1624 1704 1650 1759 ei
1668 1703 1736 1758 dan·

297 1796 375 1851 dam:
393 1795 547 1864 idemque
539 1813 568 1850 1n
585 1793 732 1850 heredibus
751 1794 959 1862 magistratuum
978 1793 1190 1848 obseruandum.

240 1885 279 1944 24
349 1885 427 1939 Inest
450 1884 520 1940 libro
544 1883 664 1939 secundo
687 1883 892 1938 sententiarum.
929 1883 1059 1938 Postumo
1080 1887 1155 1937 tutor
1173 1881 1254 1936 datus
1272 1897 1327 1938 uon
1345 1886 1410 1936 nato
1428 1886 1556 1950 postumo
1590 1887 1781 1947 Β.3,33,11Ρ

297 1989 386 2043 neque
405 1974 515 2042 tutelae,
534 1973 706 2042 quianullus
724 1972 843 2042 pupillus
861 1973 928 2040 est',
953 1987 1042 2042 neque
1060 1971 1232 2040 negotiorum
1251 1975 1391 2040 gestorum
1410 1970 1511 2026 iudicio
1529 1956 1736 2025 tenetur—
1644 1972 1737 2041 ,quia

297 2062 502 2117 administrasse
520 2061 707 2132 negotiosius
725 2061 806 2130 quia⁸
823 2064 905 2116 natus
922 2077 977 2116 non
995 2066 1069 2116 esset
1087 2075 1140 2116 non
1158 2060 1280 2115 uidetur:
1304 2065 1334 2115 et
1355 2059 1417 2114 ideo
1442 2059 1542 2114 utilis
1534 2077 1563 2114 m
1580 2074 1644 2114 eum
1662 2060 1736 2114 actio
1755 2073 1782 2112 ro

297 2151 415 2206 dabitur.

239 2241 279 2300 25
350 2241 609 2295 11333333313333
630 2237 699 2294 libro
720 2239 841 2308 quinto
833 2240 899 2294 ruris
917 2237 1107 2308 epitomarum.
1144 2238 1206 2293 Non
1223 2239 1310 2292 solum
1329 2231 1779 2320 13131333113113·[ιζ’-3331311

298 2329 373 2399 gium
393 2328 518 2382 daturin
535 2327 615 2383 bonis
632 2327 739 2396 tutoris,
759 2326 808 2382 sed
827 2328 907 2382 etium
926 2328 995 2396 3133,
1013 2327 1060 2396 qui
1077 2342 1126 2396 pro
1144 2328 1247 2381 tutela⁴
1262 2325 1403 2395 negotium
1422 2327 1523 2396 gessit.
1541 2327 1586 2382 uel
1604 2343 1640 2382 ex
1658 2313 1737 2382 3ἷιῖ-

296 2418 371 2474 11333
388 2417 483 2487 pupilli
500 2417 654 2487 pupillaeue
672 2415 767 2471 furiosi
785 2413 939 2472 furiosaeue
958 2414 1126 2485 debebiturl,
1145 2415 1169 2470 si
1187 2431 1220 2471 eo
1240 2416 1348 2471 nomine
1367 2420 1479 2470 cautum
1497 2416 1614 2471 nonsit

1042 2635 1051 2653 .
1756 2591 1783 2630 3

392 2709 430 2784 lt
470 2706 533 2782 DE
562 2703 835 2782 GONTRARIA
862 2570 1083 2781 Telelfflu
1110 2702 1173 2780 ET
1201 2703 1326 2781 illul
1353 2703 1562 2782 ACTIONE
1603 2704 1642 2781 11
1755 2716 1803 2771 sn

262 2859 277 2914 1
351 2862 501 2919 1133111333
528 2861 596 2917 libro
621 2862 763 2931 trigesimo
787 2867 866 2917 sexto
890 2861 926 2917 ad
950 2861 1077 2916 edictum.
1114 2860 1283 2916 Contrarium
1309 2863 1411 2917 tutelae
1436 2862 1571 2917 actionem
1595 2854 1736 2944 [Β.
1642 2873 1672 2918 33
1674 2872 1734 2927 ,31
1756 2867 1777 2920 S

297 2957 408 3023 praetor
428 2952 571 3022 proposuit
593 2951 782 3022 induxitque'
775 2967 804 3005 13
821 2967 914 3021 33331,
939 2954 971 3005 ut
987 2949 1094 3005 facilius
1112 2955 1216 3005 tutores
1235 2950 1269 3004 ad
1289 2949 1553 3006 administrationem
1572 2951 1738 3006 accederent

297 3043 416 3097 scientes
433 3040 565 3111 pupillum
583 3054 690 3110 quoque
709 3039 761 3095 sibi
779 3039 929 3110 obligatum
948 3038 1006 3095 fore
1025 3054 1060 3094 ex
1077 3054 1128 3094 sua
1140 3039 1383 3094 administratione.
1411 3054 1576 3109 quamquam
1591 3039 1664 3094 enim
1677 3040 1737 3095 siue

297 3131 395 3186 tutoris
418 3129 581 3184 auctoritate
604 3129 699 3199 pupilli
722 3144 778 3184 non
796 3128 951 3198 obligentur
967 3143 1019 3183 nec
1036 3129 1065 3182 in
1082 3143 1140 3183 rem
1158 3144 1236 3183 suam
1254 3133 1329 3183 tutor
1346 3128 1469 3199 obligare
1485 3129 1618 3199 pupillum
1637 3130 1736 3198 possit
1757 3141 1786 3180 :to

298 3223 419 3274 attamen
440 3221 581 3288 receptum
599 3221 656 3288 est,
680 3222 711 3273 ut
728 3218 811 3272 tutori
829 3233 880 3273 suo
898 3218 1018 3288 pupillus
1036 3216 1094 3272 3133
1112 3217 1211 3272 tutoris
1229 3217 1392 3273 auctoritate
1411 3218 1528 3273 ciuiliter
1545 3216 1683 3286 obligetur
1702 3233 1737 3273 ex

298 3308 532 3364 administratione
550 3308 662 3362 scilicet.
690 3307 790 3362 etenim
808 3307 977 3377 prouocandi
994 3305 1103 3362 inerant
1120 3312 1233 3376 tutores,
1252 3313 1283 3361 ut
1294 3307 1447 3377 promptius
1459 3306 1495 3360 de
1507 3322 1558 3362 suo
1569 3306 1675 3376 aliquid
1686 3321 1737 3376 pro

265 3402 278 3446 1
297 3397 406 3468 pupillis
424 3395 591 3466 impendant,
611 3395 676 3450 dum
695 3397 785 3451 sciunt
802 3411 833 3451 se
851 3401 1009 3466 recepturos
1027 3395 1055 3450 id
1073 3395 1147 3464 quod
1165 3395 1354 3464 impenderint
1387 3395 1464 3450 Haec
1482 3397 1554 3451 actio
1572 3409 1628 3450 non
1646 3397 1737 3451 solnm

264 3489 279 3534 2
297 3486 389 3556 tutori,
410 3500 506 3540 uerum
524 3485 606 3540 etiam
625 3484 659 3554 ei,
677 3485 724 3554 qui
742 3500 792 3556 pre
811 3491 901 3540 tutore
919 3486 1030 3554 negotia
1047 3485 1142 3554 gessit,
1161 3489 1315 3553 competere
1334 3483 1426 3539 debet.
1463 3483 1519 3538 Sed
1537 3489 1566 3539 et
1584 3486 1607 3538 si
1626 3491 1737 3540 curator

298 3574 335 3630 sit
357 3575 401 3629 331
418 3574 514 3644 pupilli
533 3574 577 3628 uel
596 3573 779 3628 adulescentis
797 3573 842 3628 uel
860 3571 954 3630 furiosi
972 3574 1016 3628 uel
1034 3573 1155 3644 prodigi,
1179 3573 1324 3628 dicendum
1344 3577 1387 3627 est
1404 3573 1487 3627 etiam
1505 3571 1550 3627 his
1567 3573 1734 3628 contrarium
1756 3587 1785 3625 as

296 3662 427 3719 dandum.
458 3663 530 3719 idem
548 3663 576 3718 in
594 3667 719 3721 curatore
737 3676 846 3731 quoque
864 3663 968 3718 uentris
985 3661 1156 3731 probandum
1174 3667 1224 3716 est.
1252 3676 1323 3730 quae
1341 3661 1478 3716 sententia
1495 3660 1591 3717 Sabini
1608 3659 1662 3716 fuit
1680 3663 1736 3717 exi-

264 3759 279 3804 3
297 3752 434 3806 3111333113
453 3751 550 3806 3313113
568 3765 677 3821 queque
696 3749 867 3806 curatoribus
886 3767 920 3806 ex
937 3750 1026 3806 isdem
1044 3751 1135 3805 causis
1153 3750 1274 3806 dandum
1292 3750 1456 3805 contrarium
1475 3751 1616 3805 iudicium.
1644 3751 1736 3806 Finito

296 3845 389 3896 autem
408 3839 498 3896 officio
516 3839 586 3894 hanc
604 3839 740 3894 actionem
761 3840 770 3910 11
790 3846 946 3910 competere
964 3840 1086 3896 dicemus
1104 3839 1201 3895 tutori:
1219 3843 1340 3894 ceterum
1359 3839 1491 3910 quamdiu
1504 3839 1595 3910 dmat,
1612 3838 1734 3896 nondum
1754 3841 1833 3893 1333

296 3938 418 4008 HWD,
436 3947 481 4012 qui
498 3937 672 4010 1131311332
690 3945 717 3991 13
734 3937 844 4007 aliquid,
865 3937 971 4007 QEIO)

299 4081 307 4114 ¹
327 4079 501 4135 condemnati
519 4079 627 4149 tutoris]
647 4079 817 4135 contutoris?
888 4081 900 4115 ²
917 4095 1005 4149 neque
1023 4056 1073 4150 pro
1092 4084 1196 4148 tutore,
1220 4080 1376 4147 quianullus
1394 4076 1559 4148 significatio
1578 4085 1620 4134 est
1638 4089 1687 4134 ιιι.
1700 4081 1737 4132 Ρ

297 4169 353 4205 cum
373 4153 510 4222 Anonymo
530 4152 659 4229 qucntio
682 4154 748 4206 maie
771 4153 848 4218 (3.1.)
919 4153 994 4221 ⁸qui
1013 4155 1048 4218 (3.
1063 4152 1112 4218 ii?
1182 4152 1266 4220 ⁴pr0
1289 4155 1381 4206 tutore
1405 4151 1504 4216 (addit
1576 4151 1736 4206 ‘debituri

299 4284 313 4337 l
333 4282 477 4337 materiem
496 4283 534 4335 F¹
594 4281 774 4338 ildeberti..
786 4282 987 4338 .4subueniri
1040 4282 1591 4346 ἒιιιιιΐιιογιιιιλοιογιιιιοῨῨιιειιιιικιὶ
1609 4283 1734 4346 311113-

297 4355 404 4420 31311,
418 4341 1539 4440 11311331...3313331313333313131333-ιὸιιιιιῴκιιιειογιιιιιέτεχθὲιιτοι,
1557 4363 1616 4410 suat
1633 4357 1734 4425 quiden

298 4425 368 4478 dia'
360 4440 389 4479 13
407 4431 538 4493 quantum
562 4442 621 4477 moe
637 4444 728 4480 rursus
746 4425 843 4491 deletis)
861 4426 921 4479 add.
935 4426 986 4480 F'.
1039 4430 1136 4512 31311113
1154 4427 1226 4512 opud
1238 4427 1400 4496 Anonymum
1418 4445 1480 4488 ογιε
1494 4427 1525 4497 31
1545 4425 1608 4479 sard
1619 4428 1676 4480 ιώιι
1696 4427 1734 4480 duc

298 4494 382 4581 erip
396 4497 495 4560 ιικιίογ
512 4493 633 4559 1311311113
651 4495 770 4557 Βογλετιι
791 4495 833 4549 Διὶ
851 4495 899 4550 rite
917 4515 987 4556 ογτι·
1040 4496 1187 4567 ¹errtrpduuuu
1199 4515 1293 4568 arcora,
1305 4499 1352 4552 sed
1363 4499 1434 4567 apud
1445 4517 1500 4551 sum
1511 4501 1654 4568 protutelae
1666 4505 1734 4552 33113

298 4566 354 4620 liae
371 4565 474 4631 iserae
494 4567 640 4621 doaeeiceat
664 4568 713 4620 BS
730 4565 797 4636 (ult.)
851 4566 987 4622 1111111113·
1041 4576 1142 4623 tertium
1159 4551 1350 4623 133333111331
1385 4571 1734 4638 ocituteioeetuepotiom

296 4637 366 4707 tum]
390 4637 601 4703 F’WDQEIC,
628 4637 759 4692 iudicium
782 4639 819 4692 F²
881 4640 913 4692 ll
938 4653 987 4708 pro
1038 4647 1176 4711 ymos-nm.
1192 4647 1305 4710 putarim
1318 4588 1397 4694 3313
1415 4639 1577 4710 1133333113
1594 4657 1639 4694 aec
1652 4639 1734 4693 Panlo

297 4707 988 4780 331133331331331111113111]ειιιιιιιιγιοιχρεογι
1041 4711 1121 4782 111933
1145 4711 1344 4765 additamentum
1372 4729 1425 4764 esse
1448 4711 1574 4780 Byzantii
1601 4711 1734 4764 cuiucdur

298 4778 425 4850 Rupe)
469 4781 502 4836 14
520 4777 640 4834 auferret
657 4781 682 4832 F
722 4782 756 4834 19
773 4795 863 4850 1133113
881 4795 930 4849 pro
946 4787 987 4835 111·
1039 4781 1622 4852 111133331127,5,1,631133φ13311313
1640 4801 1657 4834 3
1675 4799 1734 4834 ccr-

297 4854 357 4904 tore
374 4851 439 4920 quia
456 4850 531 4905 nulla
548 4849 711 4918 significatio
729 4855 774 4906 331
794 4859 853 4922 post
869 4853 988 4921 pupillus
1040 4861 1138 4906 rectore
1167 4853 1227 4906 1113·
1256 4821 1395 4905 dormitm
1424 4871 1500 4923 quam
1530 4852 1563 4906 31
1596 4852 1694 4923 Amy
1693 4869 1734 4905 33

298 4925 342 4975 esi
359 4923 419 4976 cdd.
431 4921 469 4974 F’
482 4930 506 4976 ct
523 4922 642 4977 irbruciu
660 4943 698 4975 ur.
720 4925 838 4977 audeatur
850 4927 989 4988 33313333
1041 4923 1077 4976 20
1094 4923 1168 4993 quia]
1182 4921 1332 4988 FWDQE,
1350 4937 1399 4990 3111
1391 4921 1451 4976 lc
1496 4923 1530 4976 37
1550 4923 1649 4978 3313113
1666 4937 1734 4992 3110-

298 4992 331 5046 od
344 4999 550 5064 interpretatione
561 4931 701 5059 Barcaei
710 4994 1095 5063 successurumque
1114 4996 1174 5049 cdd
1188 4993 1225 5046 F*
