<?xml version="1.0" encoding="UTF-8"?>
<!DOCTYPE html PUBLIC "-//W3C//DTD XHTML 1.0 Transitional//EN"
    "http://www.w3.org/TR/xhtml1/DTD/xhtml1-transitional.dtd">
<html xmlns="http://www.w3.org/1999/xhtml" xml:lang="en" lang="en">
 <head>
  <title>
</title>
<meta http-equiv="Content-Type" content="text/html;charset=utf-8" />
  <meta name='ocr-system' content='tesseract 3.04.00' />
  <meta name='ocr-capabilities' content='ocr_page ocr_carea ocr_par ocr_line ocrx_word'/>
</head>
<body>
  <div class='ocr_page' id='page_1' title='image "./digestaiustinia00mommgoog_0647.png"; bbox 0 0 3738 5550; ppageno 0'>
   <div class='ocr_carea' id='block_1_1' title="bbox 289 254 1706 332">
    <p class='ocr_par' dir='ltr' id='par_1_1' title="bbox 289 254 1706 332">
     <span class='ocr_line' id='line_1_1' title="bbox 289 254 1706 332; baseline -0.001 -9"><span class='ocrx_word' id='word_1_1' title='bbox 289 259 361 324; x_wconf 83' lang='lat' dir='ltr'>XVI</span> <span class='ocrx_word' id='word_1_2' title='bbox 382 261 401 323; x_wconf 88' lang='lat'>3</span> <span class='ocrx_word' id='word_1_3' title='bbox 422 265 538 318; x_wconf 86' lang='lat'><strong>31-34</strong></span> <span class='ocrx_word' id='word_1_4' title='bbox 955 254 1041 332; x_wconf 81' lang='grc'>478</span> <span class='ocrx_word' id='word_1_5' title='bbox 1273 314 1274 318; x_wconf 67' lang='grc'>,</span> <span class='ocrx_word' id='word_1_6' title='bbox 1308 278 1465 324; x_wconf 77' lang='lat' dir='ltr'>nsrosrnr</span> <span class='ocrx_word' id='word_1_7' title='bbox 1486 274 1553 324; x_wconf 77' lang='lat' dir='ltr'>nst.</span> <span class='ocrx_word' id='word_1_8' title='bbox 1575 277 1706 325; x_wconf 68' lang='lat' dir='ltr'>course</span> 
     </span>
    </p>
   </div>
   <div class='ocr_carea' id='block_1_2' title="bbox 192 414 1766 2532">
    <p class='ocr_par' dir='ltr' id='par_1_2' title="bbox 287 414 1754 1467">
     <span class='ocr_line' id='line_1_2' title="bbox 288 414 1709 485; baseline 0.001 -16"><span class='ocrx_word' id='word_1_9' title='bbox 288 416 312 469; x_wconf 90' lang='lat' dir='ltr'>is</span> <span class='ocrx_word' id='word_1_10' title='bbox 330 416 376 484; x_wconf 90' lang='lat' dir='ltr'>qui</span> <span class='ocrx_word' id='word_1_11' title='bbox 394 415 483 469; x_wconf 86' lang='lat' dir='ltr'>dedit:</span> <span class='ocrx_word' id='word_1_12' title='bbox 502 415 525 469; x_wconf 87' lang='lat' dir='ltr'>si</span> <span class='ocrx_word' id='word_1_13' title='bbox 543 415 627 470; x_wconf 90' lang='lat' dir='ltr'>totius</span> <span class='ocrx_word' id='word_1_14' title='bbox 645 416 683 469; x_wconf 88' lang='lat' dir='ltr'>rei</span> <span class='ocrx_word' id='word_1_15' title='bbox 702 415 879 485; x_wconf 82' lang='lat' dir='ltr'><strong>aequitatem,</strong></span> <span class='ocrx_word' id='word_1_16' title='bbox 898 429 969 484; x_wconf 89' lang='lat' dir='ltr'>quae</span> <span class='ocrx_word' id='word_1_17' title='bbox 987 431 1021 469; x_wconf 85' lang='lat' dir='ltr'>ex</span> <span class='ocrx_word' id='word_1_18' title='bbox 1039 414 1164 470; x_wconf 89' lang='lat' dir='ltr'>omnibus</span> <span class='ocrx_word' id='word_1_19' title='bbox 1182 415 1305 484; x_wconf 89' lang='lat' dir='ltr'>personis</span> <span class='ocrx_word' id='word_1_20' title='bbox 1322 431 1393 484; x_wconf 88' lang='lat' dir='ltr'>quae</span> <span class='ocrx_word' id='word_1_21' title='bbox 1410 417 1521 485; x_wconf 87' lang='lat' dir='ltr'>negotio</span> <span class='ocrx_word' id='word_1_22' title='bbox 1537 416 1592 470; x_wconf 89' lang='lat' dir='ltr'>isto</span> <span class='ocrx_word' id='word_1_23' title='bbox 1610 415 1709 470; x_wconf 89' lang='lat' dir='ltr'>eontin-</span> 
     </span>
     <span class='ocr_line' id='line_1_3' title="bbox 288 503 1711 574; baseline 0 -16"><span class='ocrx_word' id='word_1_24' title='bbox 288 508 389 574; x_wconf 86' lang='lat' dir='ltr'>gnntur</span> <span class='ocrx_word' id='word_1_25' title='bbox 412 505 552 574; x_wconf 89' lang='lat' dir='ltr'>impletur,</span> <span class='ocrx_word' id='word_1_26' title='bbox 576 503 641 558; x_wconf 91' lang='lat' dir='ltr'>mihi</span> <span class='ocrx_word' id='word_1_27' title='bbox 665 503 804 558; x_wconf 88' lang='lat' dir='ltr'>reddenda</span> <span class='ocrx_word' id='word_1_28' title='bbox 825 508 900 574; x_wconf 89' lang='lat' dir='ltr'>sunt,</span> <span class='ocrx_word' id='word_1_29' title='bbox 925 508 994 573; x_wconf 86' lang='lat' dir='ltr'>quo¹</span> <span class='ocrx_word' id='word_1_30' title='bbox 1013 504 1086 559; x_wconf 82' lang='lat' dir='ltr'>facto</span> <span class='ocrx_word' id='word_1_31' title='bbox 1110 505 1301 559; x_wconf 82' lang='lat' dir='ltr'>scelestissimo</span> <span class='ocrx_word' id='word_1_32' title='bbox 1323 504 1452 574; x_wconf 89' lang='lat' dir='ltr'>adempta</span> <span class='ocrx_word' id='word_1_33' title='bbox 1474 511 1547 560; x_wconf 79' lang='lat' dir='ltr'>sunt.</span> <span class='ocrx_word' id='word_1_34' title='bbox 1578 508 1609 558; x_wconf 89' lang='lat' dir='ltr'>et</span> <span class='ocrx_word' id='word_1_35' title='bbox 1628 503 1711 574; x_wconf 93' lang='lat' dir='ltr'>probo</span> 
     </span>
     <span class='ocr_line' id='line_1_4' title="bbox 288 592 1712 663; baseline 0 -15"><span class='ocrx_word' id='word_1_36' title='bbox 288 593 358 648; x_wconf 89' lang='lat' dir='ltr'>hano</span> <span class='ocrx_word' id='word_1_37' title='bbox 376 609 436 648; x_wconf 87' lang='lat' dir='ltr'>esse</span> <span class='ocrx_word' id='word_1_38' title='bbox 455 594 599 663; x_wconf 91' lang='lat' dir='ltr'>iustitiam,</span> <span class='ocrx_word' id='word_1_39' title='bbox 622 608 693 661; x_wconf 82' lang='lat' dir='ltr'>quoe</span> <span class='ocrx_word' id='word_1_40' title='bbox 711 609 789 648; x_wconf 89' lang='lat' dir='ltr'>suum</span> <span class='ocrx_word' id='word_1_41' title='bbox 809 594 906 662; x_wconf 82' lang='lat' dir='ltr'>cuique</span> <span class='ocrx_word' id='word_1_42' title='bbox 923 594 963 647; x_wconf 88' lang='lat' dir='ltr'>ita</span> <span class='ocrx_word' id='word_1_43' title='bbox 980 593 1087 662; x_wconf 91' lang='lat' dir='ltr'>tribuit,</span> <span class='ocrx_word' id='word_1_44' title='bbox 1113 599 1145 648; x_wconf 92' lang='lat' dir='ltr'>ut</span> <span class='ocrx_word' id='word_1_45' title='bbox 1168 609 1222 648; x_wconf 92' lang='lat' dir='ltr'>non</span> <span class='ocrx_word' id='word_1_46' title='bbox 1245 592 1411 647; x_wconf 79' lang='lat' dir='ltr'><strong>distrahatur</strong></span> <span class='ocrx_word' id='word_1_47' title='bbox 1428 593 1463 648; x_wconf 91' lang='lat' dir='ltr'>ab</span> <span class='ocrx_word' id='word_1_48' title='bbox 1481 595 1563 648; x_wconf 92' lang='lat' dir='ltr'>ullius</span> <span class='ocrx_word' id='word_1_49' title='bbox 1580 607 1712 663; x_wconf 76' lang='lat' dir='ltr'><strong>personae</strong></span> 
     </span>
     <span class='ocr_line' id='line_1_5' title="bbox 287 681 1713 752; baseline 0 -16"><span class='ocrx_word' id='word_1_50' title='bbox 287 684 399 737; x_wconf 89' lang='lat' dir='ltr'>iustiore</span> <span class='ocrx_word' id='word_1_51' title='bbox 417 683 584 752; x_wconf 78' lang='lat' dir='ltr'>repetitione.</span> <span class='ocrx_word' id='word_1_52' title='bbox 612 682 685 752; x_wconf 87' lang='lat' dir='ltr'>quod</span> <span class='ocrx_word' id='word_1_53' title='bbox 704 684 727 736; x_wconf 90' lang='lat' dir='ltr'>si</span> <span class='ocrx_word' id='word_1_54' title='bbox 745 697 796 750; x_wconf 90' lang='lat' dir='ltr'>ego</span> <span class='ocrx_word' id='word_1_55' title='bbox 816 682 988 752; x_wconf 90' lang='lat' dir='ltr'>adpetenda</span> <span class='ocrx_word' id='word_1_56' title='bbox 1006 698 1039 736; x_wconf 90' lang='lat' dir='ltr'>ea</span> <span class='ocrx_word' id='word_1_57' title='bbox 1061 699 1115 737; x_wconf 91' lang='lat' dir='ltr'>non</span> <span class='ocrx_word' id='word_1_58' title='bbox 1134 684 1253 751; x_wconf 87' lang='lat' dir='ltr'>neniam,</span> <span class='ocrx_word' id='word_1_59' title='bbox 1278 683 1360 737; x_wconf 86' lang='lat' dir='ltr'>nihilo</span> <span class='ocrx_word' id='word_1_60' title='bbox 1384 683 1473 737; x_wconf 89' lang='lat' dir='ltr'>minus</span> <span class='ocrx_word' id='word_1_61' title='bbox 1496 684 1522 737; x_wconf 90' lang='lat' dir='ltr'>ei</span> <span class='ocrx_word' id='word_1_62' title='bbox 1546 681 1713 737; x_wconf 85' lang='lat' dir='ltr'>restituenda</span> 
     </span>
     <span class='ocr_line' id='line_1_6' title="bbox 288 769 1742 842; baseline -0.003 -15"><span class='ocrx_word' id='word_1_63' title='bbox 288 777 353 827; x_wconf 89' lang='lat' dir='ltr'>sunt</span> <span class='ocrx_word' id='word_1_64' title='bbox 370 773 416 842; x_wconf 90' lang='lat' dir='ltr'>qui</span> <span class='ocrx_word' id='word_1_65' title='bbox 435 773 568 841; x_wconf 85' lang='lat' dir='ltr'>deposuit,</span> <span class='ocrx_word' id='word_1_66' title='bbox 586 772 711 840; x_wconf 80' lang='lat' dir='ltr'>quremuis</span> <span class='ocrx_word' id='word_1_67' title='bbox 730 772 801 824; x_wconf 86' lang='lat' dir='ltr'>male</span> <span class='ocrx_word' id='word_1_68' title='bbox 819 772 943 840; x_wconf 89' lang='lat' dir='ltr'>quaesita</span> <span class='ocrx_word' id='word_1_69' title='bbox 961 771 1096 840; x_wconf 83' lang='lat' dir='ltr'>deposuit.</span> <span class='ocrx_word' id='word_1_70' title='bbox 1124 772 1196 841; x_wconf 88' lang='lat' dir='ltr'>quod</span> <span class='ocrx_word' id='word_1_71' title='bbox 1215 777 1243 825; x_wconf 93' lang='lat' dir='ltr'>et</span> <span class='ocrx_word' id='word_1_72' title='bbox 1255 773 1396 826; x_wconf 80' lang='lat' dir='ltr'>Marcellus</span> <span class='ocrx_word' id='word_1_73' title='bbox 1408 773 1436 826; x_wconf 92' lang='lat' dir='ltr'>in</span> <span class='ocrx_word' id='word_1_74' title='bbox 1453 771 1593 840; x_wconf 75' lang='lat' dir='ltr'>praedone</span> <span class='ocrx_word' id='word_1_75' title='bbox 1610 777 1640 826; x_wconf 90' lang='lat' dir='ltr'>et</span> <span class='ocrx_word' id='word_1_76' title='bbox 1655 769 1742 824; x_wconf 77' lang='lat' dir='ltr'>fures</span> 
     </span>
     <span class='ocr_line' id='line_1_7' title="bbox 288 859 1714 931; baseline -0.003 -14"><span class='ocrx_word' id='word_1_77' title='bbox 288 861 390 917; x_wconf 79' lang='lat' dir='ltr'>scribit.</span> <span class='ocrx_word' id='word_1_78' title='bbox 418 862 441 916; x_wconf 91' lang='lat' dir='ltr'>si</span> <span class='ocrx_word' id='word_1_79' title='bbox 458 867 550 916; x_wconf 87' lang='lat' dir='ltr'>tamen</span> <span class='ocrx_word' id='word_1_80' title='bbox 568 862 697 930; x_wconf 85' lang='lat' dir='ltr'>ignorans</span> <span class='ocrx_word' id='word_1_81' title='bbox 720 861 789 914; x_wconf 86' lang='lat' dir='ltr'>latro</span> <span class='ocrx_word' id='word_1_82' title='bbox 811 861 888 914; x_wconf 87' lang='lat' dir='ltr'>euius</span> <span class='ocrx_word' id='word_1_83' title='bbox 912 859 967 915; x_wconf 90' lang='lat' dir='ltr'>filio</span> <span class='ocrx_word' id='word_1_84' title='bbox 989 862 1033 915; x_wconf 89' lang='lat' dir='ltr'>uel</span> <span class='ocrx_word' id='word_1_85' title='bbox 1057 876 1136 915; x_wconf 90' lang='lat' dir='ltr'>seruo</span> <span class='ocrx_word' id='word_1_86' title='bbox 1158 877 1215 916; x_wconf 92' lang='lat' dir='ltr'>rem</span> <span class='ocrx_word' id='word_1_87' title='bbox 1240 859 1397 915; x_wconf 88' lang='lat' dir='ltr'>abstulisset</span> <span class='ocrx_word' id='word_1_88' title='bbox 1414 861 1486 930; x_wconf 91' lang='lat' dir='ltr'>apud</span> <span class='ocrx_word' id='word_1_89' title='bbox 1505 865 1611 931; x_wconf 89' lang='lat' dir='ltr'>patrem</span> <span class='ocrx_word' id='word_1_90' title='bbox 1630 859 1714 914; x_wconf 89' lang='lat' dir='ltr'>domi-</span> 
     </span>
     <span class='ocr_line' id='line_1_8' title="bbox 288 947 1714 1020; baseline -0.002 -14"><span class='ocrx_word' id='word_1_91' title='bbox 288 967 389 1006; x_wconf 90' lang='lat' dir='ltr'>numne</span> <span class='ocrx_word' id='word_1_92' title='bbox 407 951 483 1005; x_wconf 84' lang='lat' dir='ltr'>eius¹</span> <span class='ocrx_word' id='word_1_93' title='bbox 501 951 627 1020; x_wconf 87' lang='lat' dir='ltr'>deposuit</span> <span class='ocrx_word' id='word_1_94' title='bbox 643 951 826 1018; x_wconf 78' lang='lat' dir='ltr'>ignorantem,</span> <span class='ocrx_word' id='word_1_95' title='bbox 849 964 900 1003; x_wconf 90' lang='lat' dir='ltr'>noe</span> <span class='ocrx_word' id='word_1_96' title='bbox 923 965 957 1003; x_wconf 89' lang='lat' dir='ltr'>ex</span> <span class='ocrx_word' id='word_1_97' title='bbox 980 949 1038 1003; x_wconf 90' lang='lat' dir='ltr'>iure</span> <span class='ocrx_word' id='word_1_98' title='bbox 1055 951 1177 1018; x_wconf 88' lang='lat' dir='ltr'>gentium</span> <span class='ocrx_word' id='word_1_99' title='bbox 1201 950 1332 1004; x_wconf 83' lang='lat' dir='ltr'>consistet</span> <span class='ocrx_word' id='word_1_100' title='bbox 1355 950 1522 1019; x_wconf 90' lang='lat' dir='ltr'>depositum,</span> <span class='ocrx_word' id='word_1_101' title='bbox 1546 951 1625 1004; x_wconf 88' lang='lat' dir='ltr'>euius</span> <span class='ocrx_word' id='word_1_102' title='bbox 1647 947 1714 1003; x_wconf 88' lang='lat' dir='ltr'>haee</span> 
     </span>
     <span class='ocr_line' id='line_1_9' title="bbox 289 1038 1713 1110; baseline -0.003 -14"><span class='ocrx_word' id='word_1_103' title='bbox 289 1047 332 1096; x_wconf 90' lang='lat' dir='ltr'>est</span> <span class='ocrx_word' id='word_1_104' title='bbox 348 1045 484 1110; x_wconf 89' lang='lat' dir='ltr'>potestas,</span> <span class='ocrx_word' id='word_1_105' title='bbox 508 1043 539 1093; x_wconf 89' lang='lat' dir='ltr'>ut</span> <span class='ocrx_word' id='word_1_106' title='bbox 556 1039 624 1108; x_wconf 64' lang='lat' dir='ltr'>sliil,</span> <span class='ocrx_word' id='word_1_107' title='bbox 646 1054 700 1092; x_wconf 91' lang='lat' dir='ltr'>non</span> <span class='ocrx_word' id='word_1_108' title='bbox 718 1038 828 1092; x_wconf 92' lang='lat' dir='ltr'>domino</span> <span class='ocrx_word' id='word_1_109' title='bbox 846 1054 896 1092; x_wconf 89' lang='lat' dir='ltr'>sua</span> <span class='ocrx_word' id='word_1_110' title='bbox 914 1038 999 1107; x_wconf 88' lang='lat' dir='ltr'>ipsius</span> <span class='ocrx_word' id='word_1_111' title='bbox 1016 1053 1060 1092; x_wconf 91' lang='lat' dir='ltr'>res</span> <span class='ocrx_word' id='word_1_112' title='bbox 1078 1040 1156 1108; x_wconf 90' lang='lat' dir='ltr'>quasi</span> <span class='ocrx_word' id='word_1_113' title='bbox 1174 1040 1276 1108; x_wconf 87' lang='lat' dir='ltr'>aliena,</span> <span class='ocrx_word' id='word_1_114' title='bbox 1301 1039 1437 1094; x_wconf 88' lang='lat' dir='ltr'>seruanda</span> <span class='ocrx_word' id='word_1_115' title='bbox 1454 1038 1542 1094; x_wconf 84' lang='lat' dir='ltr'>detrrr.</span> <span class='ocrx_word' id='word_1_116' title='bbox 1569 1043 1599 1094; x_wconf 89' lang='lat' dir='ltr'>et</span> <span class='ocrx_word' id='word_1_117' title='bbox 1617 1038 1641 1092; x_wconf 88' lang='lat' dir='ltr'>si</span> <span class='ocrx_word' id='word_1_118' title='bbox 1658 1052 1713 1092; x_wconf 87' lang='lat' dir='ltr'>rem</span> 
     </span>
     <span class='ocr_line' id='line_1_10' title="bbox 289 1127 1713 1198; baseline -0.001 -14"><span class='ocrx_word' id='word_1_119' title='bbox 289 1145 378 1184; x_wconf 90' lang='lat' dir='ltr'>meam</span> <span class='ocrx_word' id='word_1_120' title='bbox 395 1127 452 1197; x_wconf 82' lang='lat' dir='ltr'>fur,</span> <span class='ocrx_word' id='word_1_121' title='bbox 476 1144 557 1198; x_wconf 82' lang='lat' dir='ltr'>quem</span> <span class='ocrx_word' id='word_1_122' title='bbox 574 1143 618 1182; x_wconf 89' lang='lat' dir='ltr'>me</span> <span class='ocrx_word' id='word_1_123' title='bbox 641 1128 783 1196; x_wconf 88' lang='lat' dir='ltr'>ignorante</span> <span class='ocrx_word' id='word_1_124' title='bbox 805 1127 952 1196; x_wconf 88' lang='lat' dir='ltr'>subripuit,</span> <span class='ocrx_word' id='word_1_125' title='bbox 976 1127 1049 1197; x_wconf 89' lang='lat' dir='ltr'>apud</span> <span class='ocrx_word' id='word_1_126' title='bbox 1072 1143 1115 1182; x_wconf 90' lang='lat' dir='ltr'>me</span> <span class='ocrx_word' id='word_1_127' title='bbox 1133 1129 1288 1183; x_wconf 88' lang='lat' dir='ltr'>etiamnune</span> <span class='ocrx_word' id='word_1_128' title='bbox 1311 1129 1439 1183; x_wconf 85' lang='lat' dir='ltr'>delictum</span> <span class='ocrx_word' id='word_1_129' title='bbox 1462 1129 1521 1183; x_wconf 86' lang='lat' dir='ltr'>eius</span> <span class='ocrx_word' id='word_1_130' title='bbox 1543 1128 1713 1198; x_wconf 81' lang='lat' dir='ltr'>ignorantem</span> 
     </span>
     <span class='ocr_line' id='line_1_11' title="bbox 289 1215 1754 1288; baseline -0.005 -15"><span class='ocrx_word' id='word_1_131' title='bbox 289 1218 457 1288; x_wconf 89' lang='lat' dir='ltr'>deposuerit,</span> <span class='ocrx_word' id='word_1_132' title='bbox 481 1221 555 1271; x_wconf 90' lang='lat' dir='ltr'>reete</span> <span class='ocrx_word' id='word_1_133' title='bbox 573 1216 678 1271; x_wconf 84' lang='lat' dir='ltr'>dieetui</span> <span class='ocrx_word' id='word_1_134' title='bbox 694 1231 749 1271; x_wconf 92' lang='lat' dir='ltr'>non</span> <span class='ocrx_word' id='word_1_135' title='bbox 768 1215 890 1270; x_wconf 81' lang='lat' dir='ltr'>contrahi</span> <span class='ocrx_word' id='word_1_136' title='bbox 907 1215 1074 1287; x_wconf 89' lang='lat' dir='ltr'>depositum,</span> <span class='ocrx_word' id='word_1_137' title='bbox 1099 1218 1163 1286; x_wconf 82' lang='lat' dir='ltr'>quie</span> <span class='ocrx_word' id='word_1_138' title='bbox 1185 1233 1239 1271; x_wconf 92' lang='lat' dir='ltr'>non</span> <span class='ocrx_word' id='word_1_139' title='bbox 1261 1221 1304 1272; x_wconf 92' lang='lat' dir='ltr'>est</span> <span class='ocrx_word' id='word_1_140' title='bbox 1327 1233 1361 1272; x_wconf 81' lang='lat' dir='ltr'>ex</span> <span class='ocrx_word' id='word_1_141' title='bbox 1384 1215 1438 1272; x_wconf 88' lang='lat' dir='ltr'>fide</span> <span class='ocrx_word' id='word_1_142' title='bbox 1460 1217 1535 1272; x_wconf 91' lang='lat' dir='ltr'>bona</span> <span class='ocrx_word' id='word_1_143' title='bbox 1556 1231 1615 1272; x_wconf 91' lang='lat' dir='ltr'>rem</span> <span class='ocrx_word' id='word_1_144' title='bbox 1638 1227 1754 1270; x_wconf 80' lang='lat' dir='ltr'>suamne</span> 
     </span>
     <span class='ocr_line' id='line_1_12' title="bbox 289 1304 1715 1375; baseline -0.002 -12"><span class='ocrx_word' id='word_1_145' title='bbox 289 1309 428 1363; x_wconf 91' lang='lat' dir='ltr'>dominum</span> <span class='ocrx_word' id='word_1_146' title='bbox 452 1306 583 1375; x_wconf 89' lang='lat' dir='ltr'>praedoni</span> <span class='ocrx_word' id='word_1_147' title='bbox 605 1305 749 1359; x_wconf 89' lang='lat' dir='ltr'>restituere</span> <span class='ocrx_word' id='word_1_148' title='bbox 773 1305 906 1375; x_wconf 89' lang='lat' dir='ltr'>oompelli.</span> <span class='ocrx_word' id='word_1_149' title='bbox 934 1305 984 1360; x_wconf 91' lang='lat' dir='ltr'>sed</span> <span class='ocrx_word' id='word_1_150' title='bbox 1002 1311 1029 1360; x_wconf 89' lang='lat' dir='ltr'>et</span> <span class='ocrx_word' id='word_1_151' title='bbox 1047 1306 1070 1360; x_wconf 90' lang='lat' dir='ltr'>si</span> <span class='ocrx_word' id='word_1_152' title='bbox 1093 1307 1247 1360; x_wconf 86' lang='lat' dir='ltr'>etiamnune</span> <span class='ocrx_word' id='word_1_153' title='bbox 1271 1305 1306 1360; x_wconf 94' lang='lat' dir='ltr'>ab</span> <span class='ocrx_word' id='word_1_154' title='bbox 1323 1307 1465 1375; x_wconf 82' lang='lat' dir='ltr'>ignorante</span> <span class='ocrx_word' id='word_1_155' title='bbox 1487 1305 1600 1362; x_wconf 90' lang='lat' dir='ltr'>domino</span> <span class='ocrx_word' id='word_1_156' title='bbox 1617 1304 1715 1360; x_wconf 81' lang='lat' dir='ltr'>tradita</span> 
     </span>
     <span class='ocr_line' id='line_1_13' title="bbox 289 1393 1349 1467; baseline -0.002 -15"><span class='ocrx_word' id='word_1_157' title='bbox 289 1398 326 1452; x_wconf 85' lang='lat' dir='ltr'>sit</span> <span class='ocrx_word' id='word_1_158' title='bbox 342 1397 420 1467; x_wconf 90' lang='lat' dir='ltr'>quasi</span> <span class='ocrx_word' id='word_1_159' title='bbox 439 1411 473 1450; x_wconf 84' lang='lat' dir='ltr'>ex</span> <span class='ocrx_word' id='word_1_160' title='bbox 491 1410 575 1448; x_wconf 85' lang='lat' dir='ltr'>eausa</span> <span class='ocrx_word' id='word_1_161' title='bbox 592 1394 717 1463; x_wconf 87' lang='lat' dir='ltr'>depositi,</span> <span class='ocrx_word' id='word_1_162' title='bbox 735 1399 827 1448; x_wconf 87' lang='lat' dir='ltr'>tamen</span> <span class='ocrx_word' id='word_1_163' title='bbox 845 1393 958 1449; x_wconf 87' lang='lat' dir='ltr'>indebiti</span> <span class='ocrx_word' id='word_1_164' title='bbox 976 1394 1033 1449; x_wconf 85' lang='lat' dir='ltr'>dati</span> <span class='ocrx_word' id='word_1_165' title='bbox 1051 1395 1185 1449; x_wconf 90' lang='lat' dir='ltr'>eondiotio</span> <span class='ocrx_word' id='word_1_166' title='bbox 1204 1401 1349 1465; x_wconf 87' lang='lat' dir='ltr'>eompetet</span> 
     </span>
    </p>

    <p class='ocr_par' dir='ltr' id='par_1_3' title="bbox 232 1475 1766 1910">
     <span class='ocr_line' id='line_1_14' title="bbox 232 1475 1766 1566; baseline 0 -24"><span class='ocrx_word' id='word_1_167' title='bbox 232 1485 270 1542; x_wconf 82' lang='lat'>32</span> <span class='ocrx_word' id='word_1_168' title='bbox 342 1486 455 1541; x_wconf 77' lang='lat' dir='ltr'>Guneus</span> <span class='ocrx_word' id='word_1_169' title='bbox 477 1483 546 1538; x_wconf 93' lang='lat' dir='ltr'>libro</span> <span class='ocrx_word' id='word_1_170' title='bbox 569 1483 712 1537; x_wconf 81' lang='lat' dir='ltr'>undecimo</span> <span class='ocrx_word' id='word_1_171' title='bbox 734 1483 910 1552; x_wconf 89' lang='lat' dir='ltr'>digestorum.</span> <span class='ocrx_word' id='word_1_172' title='bbox 953 1483 1032 1549; x_wconf 85' lang='lat' dir='ltr'>Quod</span> <span class='ocrx_word' id='word_1_173' title='bbox 1049 1484 1140 1538; x_wconf 89' lang='lat' dir='ltr'>Nerua</span> <span class='ocrx_word' id='word_1_174' title='bbox 1163 1483 1266 1538; x_wconf 83' lang='lat' dir='ltr'>diceret</span> <span class='ocrx_word' id='word_1_175' title='bbox 1287 1485 1410 1540; x_wconf 87' lang='lat' dir='ltr'>latiorem</span> <span class='ocrx_word' id='word_1_176' title='bbox 1433 1485 1540 1554; x_wconf 87' lang='lat' dir='ltr'>eulpam</span> <span class='ocrx_word' id='word_1_177' title='bbox 1559 1475 1715 1566; x_wconf 57' lang='lat' dir='ltr'><em>Q</em></span> <span class='ocrx_word' id='word_1_178' title='bbox 1732 1487 1766 1542; x_wconf 79' lang='grc' dir='ltr'><em>Ἐ</em></span> 
     </span>
     <span class='ocr_line' id='line_1_15' title="bbox 289 1571 1715 1643; baseline -0.003 -14"><span class='ocrx_word' id='word_1_179' title='bbox 289 1574 380 1630; x_wconf 90' lang='lat' dir='ltr'>dolum</span> <span class='ocrx_word' id='word_1_180' title='bbox 399 1589 472 1642; x_wconf 90' lang='lat' dir='ltr'>esse,</span> <span class='ocrx_word' id='word_1_181' title='bbox 497 1573 612 1627; x_wconf 83' lang='lat' dir='ltr'>Proculo</span> <span class='ocrx_word' id='word_1_182' title='bbox 630 1571 803 1642; x_wconf 89' lang='lat' dir='ltr'>displieebat,</span> <span class='ocrx_word' id='word_1_183' title='bbox 827 1572 893 1626; x_wconf 91' lang='lat' dir='ltr'>mihi</span> <span class='ocrx_word' id='word_1_184' title='bbox 915 1573 1086 1626; x_wconf 88' lang='lat' dir='ltr'>uerissimum</span> <span class='ocrx_word' id='word_1_185' title='bbox 1109 1573 1226 1626; x_wconf 88' lang='lat' dir='ltr'>uidetur.</span> <span class='ocrx_word' id='word_1_186' title='bbox 1254 1589 1318 1627; x_wconf 89' lang='lat' dir='ltr'>nam</span> <span class='ocrx_word' id='word_1_187' title='bbox 1339 1579 1368 1628; x_wconf 91' lang='lat' dir='ltr'>et</span> <span class='ocrx_word' id='word_1_188' title='bbox 1389 1574 1414 1628; x_wconf 88' lang='lat' dir='ltr'>si</span> <span class='ocrx_word' id='word_1_189' title='bbox 1436 1574 1497 1643; x_wconf 88' lang='lat' dir='ltr'>quis</span> <span class='ocrx_word' id='word_1_190' title='bbox 1519 1588 1574 1627; x_wconf 92' lang='lat' dir='ltr'>non</span> <span class='ocrx_word' id='word_1_191' title='bbox 1600 1571 1637 1626; x_wconf 90' lang='lat' dir='ltr'>ad</span> <span class='ocrx_word' id='word_1_192' title='bbox 1655 1586 1715 1626; x_wconf 90' lang='lat' dir='ltr'>eum</span> 
     </span>
     <span class='ocr_line' id='line_1_16' title="bbox 289 1660 1756 1731; baseline -0.005 -13"><span class='ocrx_word' id='word_1_193' title='bbox 289 1664 399 1719; x_wconf 91' lang='lat' dir='ltr'>modum</span> <span class='ocrx_word' id='word_1_194' title='bbox 418 1677 498 1731; x_wconf 88' lang='lat' dir='ltr'>quem</span> <span class='ocrx_word' id='word_1_195' title='bbox 515 1661 653 1716; x_wconf 91' lang='lat' dir='ltr'>bominum</span> <span class='ocrx_word' id='word_1_196' title='bbox 672 1666 770 1715; x_wconf 87' lang='lat' dir='ltr'>natura</span> <span class='ocrx_word' id='word_1_197' title='bbox 787 1660 925 1716; x_wconf 80' lang='lat' dir='ltr'>desiderat</span> <span class='ocrx_word' id='word_1_198' title='bbox 943 1661 1058 1731; x_wconf 86' lang='lat' dir='ltr'>diligens</span> <span class='ocrx_word' id='word_1_199' title='bbox 1076 1665 1132 1731; x_wconf 91' lang='lat' dir='ltr'>est,</span> <span class='ocrx_word' id='word_1_200' title='bbox 1157 1662 1208 1716; x_wconf 91' lang='lat' dir='ltr'>nisi</span> <span class='ocrx_word' id='word_1_201' title='bbox 1226 1667 1318 1716; x_wconf 89' lang='lat' dir='ltr'>tamen</span> <span class='ocrx_word' id='word_1_202' title='bbox 1336 1662 1372 1717; x_wconf 89' lang='lat' dir='ltr'>ad</span> <span class='ocrx_word' id='word_1_203' title='bbox 1390 1679 1469 1717; x_wconf 92' lang='lat' dir='ltr'>suum</span> <span class='ocrx_word' id='word_1_204' title='bbox 1492 1661 1604 1716; x_wconf 91' lang='lat' dir='ltr'>modum</span> <span class='ocrx_word' id='word_1_205' title='bbox 1623 1675 1716 1716; x_wconf 85' lang='lat' dir='ltr'>euram</span> <span class='ocrx_word' id='word_1_206' title='bbox 1733 1671 1756 1712; x_wconf 85' lang='lat' dir='ltr'>rs</span> 
     </span>
     <span class='ocr_line' id='line_1_17' title="bbox 288 1749 1716 1822; baseline -0.002 -15"><span class='ocrx_word' id='word_1_207' title='bbox 288 1754 317 1807; x_wconf 93' lang='lat' dir='ltr'>in</span> <span class='ocrx_word' id='word_1_208' title='bbox 334 1752 459 1822; x_wconf 87' lang='lat' dir='ltr'>deposito</span> <span class='ocrx_word' id='word_1_209' title='bbox 476 1754 610 1820; x_wconf 85' lang='lat' dir='ltr'>praestat,</span> <span class='ocrx_word' id='word_1_210' title='bbox 633 1749 729 1804; x_wconf 83' lang='lat' dir='ltr'>frauda</span> <span class='ocrx_word' id='word_1_211' title='bbox 746 1765 801 1805; x_wconf 90' lang='lat' dir='ltr'>non</span> <span class='ocrx_word' id='word_1_212' title='bbox 820 1755 906 1804; x_wconf 88' lang='lat' dir='ltr'>earet:</span> <span class='ocrx_word' id='word_1_213' title='bbox 930 1765 981 1806; x_wconf 87' lang='lat' dir='ltr'>nee</span> <span class='ocrx_word' id='word_1_214' title='bbox 999 1751 1071 1805; x_wconf 89' lang='lat' dir='ltr'>enim</span> <span class='ocrx_word' id='word_1_215' title='bbox 1094 1751 1173 1805; x_wconf 88' lang='lat' dir='ltr'>salua</span> <span class='ocrx_word' id='word_1_216' title='bbox 1194 1749 1248 1805; x_wconf 89' lang='lat' dir='ltr'>fide</span> <span class='ocrx_word' id='word_1_217' title='bbox 1267 1751 1397 1806; x_wconf 87' lang='lat' dir='ltr'>minorem</span> <span class='ocrx_word' id='word_1_218' title='bbox 1415 1752 1439 1806; x_wconf 91' lang='lat' dir='ltr'>is</span> <span class='ocrx_word' id='word_1_219' title='bbox 1457 1765 1540 1820; x_wconf 85' lang='lat' dir='ltr'>quam</span> <span class='ocrx_word' id='word_1_220' title='bbox 1559 1751 1618 1805; x_wconf 88' lang='lat' dir='ltr'>suis</span> <span class='ocrx_word' id='word_1_221' title='bbox 1635 1749 1716 1804; x_wconf 86' lang='lat' dir='ltr'>rebus</span> 
     </span>
     <span class='ocr_line' id='line_1_18' title="bbox 287 1837 630 1910; baseline -0.012 -14"><span class='ocrx_word' id='word_1_222' title='bbox 287 1841 455 1910; x_wconf 86' lang='lat' dir='ltr'>diligentiam</span> <span class='ocrx_word' id='word_1_223' title='bbox 473 1837 630 1908; x_wconf 88' lang='lat' dir='ltr'>praestsbit.</span> 
     </span>
    </p>

    <p class='ocr_par' dir='ltr' id='par_1_4' title="bbox 231 1920 1756 2354">
     <span class='ocr_line' id='line_1_19' title="bbox 231 1920 1754 2011; baseline -0.001 -23"><span class='ocrx_word' id='word_1_224' title='bbox 231 1929 269 1988; x_wconf 83' lang='lat'>33</span> <span class='ocrx_word' id='word_1_225' title='bbox 340 1932 442 1984; x_wconf 76' lang='lat' dir='ltr'>Leuso</span> <span class='ocrx_word' id='word_1_226' title='bbox 459 1927 527 1983; x_wconf 92' lang='lat' dir='ltr'>libro</span> <span class='ocrx_word' id='word_1_227' title='bbox 546 1931 623 1982; x_wconf 86' lang='lat' dir='ltr'>sexto</span> <span class='ocrx_word' id='word_1_228' title='bbox 643 1928 822 1998; x_wconf 90' lang='lat' dir='ltr'>posteriorum</span> <span class='ocrx_word' id='word_1_229' title='bbox 848 1927 1011 1983; x_wconf 87' lang='lat' dir='ltr'>aIauoleno</span> <span class='ocrx_word' id='word_1_230' title='bbox 1033 1928 1250 1996; x_wconf 87' lang='lat' dir='ltr'>epitomatorum.</span> <span class='ocrx_word' id='word_1_231' title='bbox 1288 1927 1390 1983; x_wconf 91' lang='lat' dir='ltr'>Seruus</span> <span class='ocrx_word' id='word_1_232' title='bbox 1412 1933 1476 1983; x_wconf 87' lang='lat' dir='ltr'>tuus</span> <span class='ocrx_word' id='word_1_233' title='bbox 1494 1943 1541 1998; x_wconf 90' lang='lat' dir='ltr'>pe-</span> <span class='ocrx_word' id='word_1_234' title='bbox 1560 1920 1754 2011; x_wconf 50' lang='grc' dir='ltr'>ΜΛ</span> 
     </span>
     <span class='ocr_line' id='line_1_20' title="bbox 288 2016 1715 2087; baseline -0.002 -14"><span class='ocrx_word' id='word_1_235' title='bbox 288 2020 395 2073; x_wconf 82' lang='lat' dir='ltr'>cuniam</span> <span class='ocrx_word' id='word_1_236' title='bbox 414 2033 476 2072; x_wconf 88' lang='lat' dir='ltr'>eum</span> <span class='ocrx_word' id='word_1_237' title='bbox 495 2017 571 2072; x_wconf 80' lang='lat' dir='ltr'>Attio</span> <span class='ocrx_word' id='word_1_238' title='bbox 589 2018 617 2071; x_wconf 94' lang='lat' dir='ltr'>in</span> <span class='ocrx_word' id='word_1_239' title='bbox 635 2023 776 2084; x_wconf 89' lang='lat' dir='ltr'>sequestre</span> <span class='ocrx_word' id='word_1_240' title='bbox 794 2016 921 2087; x_wconf 88' lang='lat' dir='ltr'>deposuit</span> <span class='ocrx_word' id='word_1_241' title='bbox 939 2017 1011 2087; x_wconf 93' lang='lat' dir='ltr'>apud</span> <span class='ocrx_word' id='word_1_242' title='bbox 1029 2018 1165 2072; x_wconf 82' lang='lat' dir='ltr'>Maeuium</span> <span class='ocrx_word' id='word_1_243' title='bbox 1188 2031 1222 2071; x_wconf 89' lang='lat' dir='ltr'>ea</span> <span class='ocrx_word' id='word_1_244' title='bbox 1240 2016 1411 2087; x_wconf 88' lang='lat' dir='ltr'>eondieione,</span> <span class='ocrx_word' id='word_1_245' title='bbox 1434 2022 1466 2072; x_wconf 90' lang='lat' dir='ltr'>ut</span> <span class='ocrx_word' id='word_1_246' title='bbox 1488 2031 1523 2072; x_wconf 85' lang='lat' dir='ltr'>ea</span> <span class='ocrx_word' id='word_1_247' title='bbox 1546 2017 1597 2072; x_wconf 89' lang='lat' dir='ltr'>tibi</span> <span class='ocrx_word' id='word_1_248' title='bbox 1621 2016 1715 2072; x_wconf 89' lang='lat' dir='ltr'>redde·</span> 
     </span>
     <span class='ocr_line' id='line_1_21' title="bbox 288 2103 1756 2178; baseline -0.004 -16"><span class='ocrx_word' id='word_1_249' title='bbox 288 2113 375 2178; x_wconf 91' lang='lat' dir='ltr'>retur,</span> <span class='ocrx_word' id='word_1_250' title='bbox 398 2107 422 2162; x_wconf 90' lang='lat' dir='ltr'>si</span> <span class='ocrx_word' id='word_1_251' title='bbox 438 2112 515 2160; x_wconf 91' lang='lat' dir='ltr'>tuam</span> <span class='ocrx_word' id='word_1_252' title='bbox 533 2120 594 2160; x_wconf 89' lang='lat' dir='ltr'>esse</span> <span class='ocrx_word' id='word_1_253' title='bbox 612 2105 771 2175; x_wconf 88' lang='lat' dir='ltr'>probasses,</span> <span class='ocrx_word' id='word_1_254' title='bbox 796 2107 820 2160; x_wconf 91' lang='lat' dir='ltr'>si</span> <span class='ocrx_word' id='word_1_255' title='bbox 842 2107 943 2176; x_wconf 90' lang='lat' dir='ltr'>minus,</span> <span class='ocrx_word' id='word_1_256' title='bbox 967 2110 999 2161; x_wconf 92' lang='grc' dir='ltr'>ιιι</span> <span class='ocrx_word' id='word_1_257' title='bbox 1016 2106 1093 2160; x_wconf 82' lang='grc' dir='ltr'>Αιιίο</span> <span class='ocrx_word' id='word_1_258' title='bbox 1114 2105 1282 2160; x_wconf 89' lang='lat' dir='ltr'>redderetur.</span> <span class='ocrx_word' id='word_1_259' title='bbox 1309 2121 1391 2174; x_wconf 89' lang='lat' dir='ltr'>posse</span> <span class='ocrx_word' id='word_1_260' title='bbox 1409 2105 1466 2160; x_wconf 86' lang='lat' dir='ltr'>dixi</span> <span class='ocrx_word' id='word_1_261' title='bbox 1483 2121 1547 2161; x_wconf 89' lang='lat' dir='ltr'>enm</span> <span class='ocrx_word' id='word_1_262' title='bbox 1570 2121 1619 2176; x_wconf 89' lang='lat' dir='ltr'>eo,</span> <span class='ocrx_word' id='word_1_263' title='bbox 1643 2103 1714 2175; x_wconf 82' lang='lat' dir='ltr'>spnd</span> <span class='ocrx_word' id='word_1_264' title='bbox 1731 2115 1756 2157; x_wconf 82' lang='lat' dir='ltr'>st</span> 
     </span>
     <span class='ocr_line' id='line_1_22' title="bbox 288 2193 1715 2266; baseline -0.001 -15"><span class='ocrx_word' id='word_1_265' title='bbox 288 2212 368 2266; x_wconf 91' lang='lat' dir='ltr'>quem</span> <span class='ocrx_word' id='word_1_266' title='bbox 387 2196 513 2265; x_wconf 90' lang='lat' dir='ltr'>deposita</span> <span class='ocrx_word' id='word_1_267' title='bbox 530 2199 617 2264; x_wconf 90' lang='lat' dir='ltr'>esset,</span> <span class='ocrx_word' id='word_1_268' title='bbox 640 2195 734 2250; x_wconf 89' lang='lat' dir='ltr'>ineerti</span> <span class='ocrx_word' id='word_1_269' title='bbox 753 2209 848 2263; x_wconf 85' lang='lat' dir='ltr'>agere,</span> <span class='ocrx_word' id='word_1_270' title='bbox 873 2194 901 2249; x_wconf 92' lang='lat' dir='ltr'>id</span> <span class='ocrx_word' id='word_1_271' title='bbox 924 2199 967 2250; x_wconf 91' lang='lat' dir='ltr'>est</span> <span class='ocrx_word' id='word_1_272' title='bbox 989 2194 1024 2248; x_wconf 91' lang='lat' dir='ltr'>ad</span> <span class='ocrx_word' id='word_1_273' title='bbox 1043 2193 1239 2264; x_wconf 88' lang='lat' dir='ltr'>exhibendum,</span> <span class='ocrx_word' id='word_1_274' title='bbox 1263 2200 1292 2250; x_wconf 90' lang='lat' dir='ltr'>et</span> <span class='ocrx_word' id='word_1_275' title='bbox 1309 2195 1456 2250; x_wconf 79' lang='lat' dir='ltr'>exhibitam</span> <span class='ocrx_word' id='word_1_276' title='bbox 1474 2195 1630 2265; x_wconf 77' lang='lat' dir='ltr'>uindicare,</span> <span class='ocrx_word' id='word_1_277' title='bbox 1653 2194 1715 2264; x_wconf 79' lang='lat' dir='ltr'>quis</span> 
     </span>
     <span class='ocr_line' id='line_1_23' title="bbox 288 2282 1242 2354; baseline -0.002 -14"><span class='ocrx_word' id='word_1_278' title='bbox 288 2299 385 2340; x_wconf 91' lang='lat' dir='ltr'>seruus</span> <span class='ocrx_word' id='word_1_279' title='bbox 401 2285 430 2338; x_wconf 90' lang='lat' dir='ltr'>in</span> <span class='ocrx_word' id='word_1_280' title='bbox 448 2283 610 2354; x_wconf 90' lang='lat' dir='ltr'>deponendo</span> <span class='ocrx_word' id='word_1_281' title='bbox 627 2289 704 2338; x_wconf 90' lang='lat' dir='ltr'>tuum</span> <span class='ocrx_word' id='word_1_282' title='bbox 722 2284 765 2338; x_wconf 89' lang='lat' dir='ltr'>ius</span> <span class='ocrx_word' id='word_1_283' title='bbox 783 2282 902 2338; x_wconf 90' lang='lat' dir='ltr'>deterius</span> <span class='ocrx_word' id='word_1_284' title='bbox 920 2283 1009 2338; x_wconf 82' lang='lat' dir='ltr'>faeere</span> <span class='ocrx_word' id='word_1_285' title='bbox 1027 2299 1082 2338; x_wconf 90' lang='lat' dir='ltr'>non</span> <span class='ocrx_word' id='word_1_286' title='bbox 1099 2285 1242 2353; x_wconf 90' lang='lat' dir='ltr'>potuisset.</span> 
     </span>
    </p>

    <p class='ocr_par' dir='ltr' id='par_1_5' title="bbox 192 2363 1756 2532">
     <span class='ocr_line' id='line_1_24' title="bbox 192 2363 1756 2459; baseline -0.001 -27"><span class='ocrx_word' id='word_1_287' title='bbox 192 2447 196 2459; x_wconf 33' lang='lat'>¹</span> <span class='ocrx_word' id='word_1_288' title='bbox 231 2373 270 2432; x_wconf 84' lang='lat'>34</span> <span class='ocrx_word' id='word_1_289' title='bbox 340 2374 418 2428; x_wconf 83' lang='lat' dir='ltr'>lusu</span> <span class='ocrx_word' id='word_1_290' title='bbox 435 2372 504 2428; x_wconf 94' lang='lat' dir='ltr'>libro</span> <span class='ocrx_word' id='word_1_291' title='bbox 521 2373 642 2428; x_wconf 90' lang='lat' dir='ltr'>seeundo</span> <span class='ocrx_word' id='word_1_292' title='bbox 660 2372 799 2443; x_wconf 89' lang='lat' dir='ltr'>pithanon.</span> <span class='ocrx_word' id='word_1_293' title='bbox 834 2373 917 2427; x_wconf 90' lang='lat' dir='ltr'>Potes</span> <span class='ocrx_word' id='word_1_294' title='bbox 941 2387 1022 2442; x_wconf 84' lang='lat' dir='ltr'>agere</span> <span class='ocrx_word' id='word_1_295' title='bbox 1045 2372 1162 2442; x_wconf 87' lang='lat' dir='ltr'>depositi</span> <span class='ocrx_word' id='word_1_296' title='bbox 1185 2389 1247 2427; x_wconf 86' lang='lat' dir='ltr'>eum</span> <span class='ocrx_word' id='word_1_297' title='bbox 1271 2386 1318 2442; x_wconf 90' lang='lat' dir='ltr'>eo,</span> <span class='ocrx_word' id='word_1_298' title='bbox 1342 2372 1389 2441; x_wconf 90' lang='lat' dir='ltr'>qni</span> <span class='ocrx_word' id='word_1_299' title='bbox 1410 2369 1461 2427; x_wconf 91' lang='lat' dir='ltr'>tibi</span> <span class='ocrx_word' id='word_1_300' title='bbox 1484 2387 1541 2428; x_wconf 88' lang='lat' dir='ltr'>non</span> <span class='ocrx_word' id='word_1_301' title='bbox 1560 2363 1756 2454; x_wconf 50' lang='grc' dir='ltr'>ΜΔ</span> 
     </span>
     <span class='ocr_line' id='line_1_25' title="bbox 288 2461 1712 2532; baseline -0.001 -14"><span class='ocrx_word' id='word_1_302' title='bbox 288 2463 367 2518; x_wconf 90' lang='lat' dir='ltr'>aliter</span> <span class='ocrx_word' id='word_1_303' title='bbox 383 2477 465 2531; x_wconf 86' lang='lat' dir='ltr'>quarn</span> <span class='ocrx_word' id='word_1_304' title='bbox 482 2462 599 2518; x_wconf 89' lang='lat' dir='ltr'>nummis</span> <span class='ocrx_word' id='word_1_305' title='bbox 617 2477 634 2516; x_wconf 85' lang='lat' dir='ltr'>a</span> <span class='ocrx_word' id='word_1_306' title='bbox 650 2466 679 2518; x_wconf 89' lang='lat' dir='ltr'>te</span> <span class='ocrx_word' id='word_1_307' title='bbox 697 2462 817 2532; x_wconf 90' lang='lat' dir='ltr'>aeoeptis</span> <span class='ocrx_word' id='word_1_308' title='bbox 834 2461 988 2531; x_wconf 88' lang='lat' dir='ltr'>depositum</span> <span class='ocrx_word' id='word_1_309' title='bbox 1006 2461 1120 2518; x_wconf 90' lang='lat' dir='ltr'>reddere</span> <span class='ocrx_word' id='word_1_310' title='bbox 1138 2463 1267 2532; x_wconf 91' lang='lat' dir='ltr'>uoluerit,</span> <span class='ocrx_word' id='word_1_311' title='bbox 1292 2461 1418 2532; x_wconf 85' lang='lat' dir='ltr'>quamuis</span> <span class='ocrx_word' id='word_1_312' title='bbox 1441 2461 1501 2517; x_wconf 87' lang='lat' dir='ltr'>sine</span> <span class='ocrx_word' id='word_1_313' title='bbox 1524 2477 1603 2517; x_wconf 87' lang='lat' dir='ltr'>mora</span> <span class='ocrx_word' id='word_1_314' title='bbox 1626 2467 1655 2517; x_wconf 89' lang='lat' dir='ltr'>et</span> <span class='ocrx_word' id='word_1_315' title='bbox 1675 2462 1712 2516; x_wconf 90' lang='lat' dir='ltr'>in·</span> 
     </span>
    </p>
   </div>
   <div class='ocr_carea' id='block_1_3' title="bbox 288 2549 1847 2622">
    <p class='ocr_par' dir='ltr' id='par_1_6' title="bbox 288 2549 1847 2622">
     <span class='ocr_line' id='line_1_26' title="bbox 288 2549 1847 2622; baseline -0.003 -16"><span class='ocrx_word' id='word_1_316' title='bbox 288 2557 444 2622; x_wconf 69' lang='lat' dir='ltr'>dormptllm</span> <span class='ocrx_word' id='word_1_317' title='bbox 462 2549 618 2606; x_wconf 63' lang='lat' dir='ltr'>reddiderit.</span> <span class='ocrx_word' id='word_1_318' title='bbox 1729 2551 1798 2603; x_wconf 64' lang='lat'><strong>{240¹</strong></span> <span class='ocrx_word' id='word_1_319' title='bbox 1806 2570 1847 2600; x_wconf 74' lang='lat' dir='ltr'>uest</span> 
     </span>
    </p>
   </div>
   <div class='ocr_carea' id='block_1_4' title="bbox 286 2665 1656 2915">
    <p class='ocr_par' dir='ltr' id='par_1_7' title="bbox 286 2665 1656 2915">
     <span class='ocr_line' id='line_1_27' title="bbox 286 2665 449 2738; baseline 0 0"><span class='ocrx_word' id='word_1_320' title='bbox 286 2665 449 2738; x_wconf 74' lang='lat' dir='ltr'><strong><em>F[P(VU)]</em></strong></span> 
     </span>
     <span class='ocr_line' id='line_1_28' title="bbox 288 2841 1656 2915; baseline -0.003 -15"><span class='ocrx_word' id='word_1_321' title='bbox 288 2849 297 2882; x_wconf 91' lang='lat'><strong>¹</strong></span> <span class='ocrx_word' id='word_1_322' title='bbox 316 2845 361 2900; x_wconf 88' lang='lat' dir='ltr'>oui</span> <span class='ocrx_word' id='word_1_323' title='bbox 379 2843 539 2913; x_wconf 70' lang='lat' dir='ltr'>(llrenuml&#39;l</span> <span class='ocrx_word' id='word_1_324' title='bbox 607 2843 620 2878; x_wconf 78' lang='lat'><em>²</em></span> <span class='ocrx_word' id='word_1_325' title='bbox 637 2843 711 2914; x_wconf 86' lang='lat' dir='ltr'>apud</span> <span class='ocrx_word' id='word_1_326' title='bbox 728 2847 835 2913; x_wconf 89' lang='lat' dir='ltr'>patrem</span> <span class='ocrx_word' id='word_1_327' title='bbox 853 2843 1027 2901; x_wconf 92' lang='lat' dir='ltr'>dominumue</span> <span class='ocrx_word' id='word_1_328' title='bbox 1045 2843 1112 2914; x_wconf 86' lang='lat' dir='ltr'>eius]</span> <span class='ocrx_word' id='word_1_329' title='bbox 1132 2843 1206 2915; x_wconf 88' lang='lat' dir='ltr'>apud</span> <span class='ocrx_word' id='word_1_330' title='bbox 1224 2859 1286 2898; x_wconf 91' lang='lat' dir='ltr'>enm</span> <span class='ocrx_word' id='word_1_331' title='bbox 1304 2845 1338 2912; x_wconf 82' lang='lat' dir='ltr'>(a.</span> <span class='ocrx_word' id='word_1_332' title='bbox 1351 2841 1400 2912; x_wconf 80' lang='lat' dir='ltr'>t.)?</span> <span class='ocrx_word' id='word_1_333' title='bbox 1470 2843 1482 2879; x_wconf 81' lang='lat'><strong>¹</strong></span> <span class='ocrx_word' id='word_1_334' title='bbox 1500 2843 1591 2900; x_wconf 88' lang='lat' dir='ltr'>aliena</span> <span class='ocrx_word' id='word_1_335' title='bbox 1608 2852 1656 2898; x_wconf 79' lang='lat' dir='ltr'>tna.</span> 
     </span>
    </p>
   </div>
   <div class='ocr_carea' id='block_1_5' title="bbox 205 3009 1720 3667">
    <p class='ocr_par' dir='ltr' id='par_1_8' title="bbox 205 3009 1720 3593">
     <span class='ocr_line' id='line_1_29' title="bbox 205 3009 1714 3094; baseline -0.003 -14"><span class='ocrx_word' id='word_1_336' title='bbox 205 3085 206 3088; x_wconf 8' lang='grc' dir='ltr'><strong>Ἴ</strong></span> <span class='ocrx_word' id='word_1_337' title='bbox 288 3026 303 3080; x_wconf 97' lang='grc'>1</span> <span class='ocrx_word' id='word_1_338' title='bbox 323 3023 369 3094; x_wconf 87' lang='lat' dir='ltr'>qui</span> <span class='ocrx_word' id='word_1_339' title='bbox 387 3021 470 3091; x_wconf 88' lang='lat' dir='ltr'>dedit]</span> <span class='ocrx_word' id='word_1_340' title='bbox 490 3020 600 3091; x_wconf 89' lang='lat' dir='ltr'>quidem</span> <span class='ocrx_word' id='word_1_341' title='bbox 618 3020 660 3076; x_wconf 92' lang='lat' dir='ltr'>dit</span> <span class='ocrx_word' id='word_1_342' title='bbox 678 3021 735 3089; x_wconf 76' lang='grc' dir='ltr'>Ρ“1</span> <span class='ocrx_word' id='word_1_343' title='bbox 756 3019 819 3091; x_wconf 89' lang='lat' dir='ltr'>isto]</span> <span class='ocrx_word' id='word_1_344' title='bbox 837 3025 916 3090; x_wconf 85' lang='lat' dir='ltr'>gesto</span> <span class='ocrx_word' id='word_1_345' title='bbox 935 3021 975 3076; x_wconf 87' lang='lat' dir='ltr'>P·</span> <span class='ocrx_word' id='word_1_346' title='bbox 1026 3022 1162 3077; x_wconf 77' lang='lat' dir='ltr'>substituta</span> <span class='ocrx_word' id='word_1_347' title='bbox 1185 3041 1238 3077; x_wconf 80' lang='lat' dir='ltr'>esre</span> <span class='ocrx_word' id='word_1_348' title='bbox 1258 3030 1308 3094; x_wconf 80' lang='lat' dir='ltr'>pre</span> <span class='ocrx_word' id='word_1_349' title='bbox 1330 3021 1414 3076; x_wconf 68' lang='lat' dir='ltr'>nerto</span> <span class='ocrx_word' id='word_1_350' title='bbox 1438 3009 1515 3090; x_wconf 82' lang='lat' dir='ltr'>apud</span> <span class='ocrx_word' id='word_1_351' title='bbox 1530 3037 1593 3076; x_wconf 89' lang='lat' dir='ltr'>eum</span> <span class='ocrx_word' id='word_1_352' title='bbox 1613 3022 1618 3090; x_wconf 87' lang='grc'>1</span> <span class='ocrx_word' id='word_1_353' title='bbox 1639 3022 1714 3090; x_wconf 83' lang='lat' dir='ltr'>igno</span> 
     </span>
     <span class='ocr_line' id='line_1_30' title="bbox 287 3092 1718 3162; baseline -0.003 -12"><span class='ocrx_word' id='word_1_354' title='bbox 287 3097 304 3150; x_wconf 79' lang='lat'>2</span> <span class='ocrx_word' id='word_1_355' title='bbox 340 3093 541 3162; x_wconf 77' lang='lat' dir='ltr'>scelestissimo]</span> <span class='ocrx_word' id='word_1_356' title='bbox 579 3092 728 3162; x_wconf 79' lang='lat' dir='ltr'>FV·?U·‘?,</span> <span class='ocrx_word' id='word_1_357' title='bbox 764 3093 974 3148; x_wconf 81' lang='lat' dir='ltr'>sceleratissimo</span> <span class='ocrx_word' id='word_1_358' title='bbox 1026 3109 1071 3148; x_wconf 80' lang='lat' dir='ltr'>res</span> <span class='ocrx_word' id='word_1_359' title='bbox 1089 3094 1130 3147; x_wconf 78' lang='grc' dir='ltr'>Ρ·</span> <span class='ocrx_word' id='word_1_360' title='bbox 1183 3096 1216 3148; x_wconf 93' lang='grc'>11</span> <span class='ocrx_word' id='word_1_361' title='bbox 1236 3101 1264 3148; x_wconf 90' lang='lat' dir='ltr'>et</span> <span class='ocrx_word' id='word_1_362' title='bbox 1281 3113 1329 3146; x_wconf 87' lang='lat' dir='ltr'>om.</span> <span class='ocrx_word' id='word_1_363' title='bbox 1343 3093 1396 3147; x_wconf 88' lang='lat' dir='ltr'>PU</span> <span class='ocrx_word' id='word_1_364' title='bbox 1440 3095 1474 3147; x_wconf 77' lang='lat'>12</span> <span class='ocrx_word' id='word_1_365' title='bbox 1492 3099 1584 3147; x_wconf 87' lang='lat' dir='ltr'>tamen</span> <span class='ocrx_word' id='word_1_366' title='bbox 1602 3092 1718 3147; x_wconf 83' lang='lat' dir='ltr'>indebiti</span> 
     </span>
     <span class='ocr_line' id='line_1_31' title="bbox 286 3163 1717 3234; baseline 0 -14"><span class='ocrx_word' id='word_1_367' title='bbox 286 3167 388 3220; x_wconf 66' lang='lat' dir='ltr'><em>PV‘U‘</em></span> <span class='ocrx_word' id='word_1_368' title='bbox 432 3165 503 3220; x_wconf 84' lang='lat' dir='ltr'>3ab</span> <span class='ocrx_word' id='word_1_369' title='bbox 521 3165 602 3220; x_wconf 88' lang='lat' dir='ltr'>ullius</span> <span class='ocrx_word' id='word_1_370' title='bbox 615 3163 757 3234; x_wconf 92' lang='lat' dir='ltr'>personae]</span> <span class='ocrx_word' id='word_1_371' title='bbox 776 3164 876 3220; x_wconf 88' lang='lat' dir='ltr'>abillis</span> <span class='ocrx_word' id='word_1_372' title='bbox 894 3166 974 3220; x_wconf 89' lang='lat' dir='ltr'>ullius</span> <span class='ocrx_word' id='word_1_373' title='bbox 1027 3163 1133 3220; x_wconf 65' lang='lat' dir='ltr'>‘buren&#39;</span> <span class='ocrx_word' id='word_1_374' title='bbox 1146 3165 1203 3220; x_wconf 85' lang='lat' dir='ltr'>dati</span> <span class='ocrx_word' id='word_1_375' title='bbox 1222 3167 1265 3230; x_wconf 53' lang='grc' dir='ltr'>Ε),</span> <span class='ocrx_word' id='word_1_376' title='bbox 1285 3169 1378 3220; x_wconf 88' lang='lat' dir='ltr'>tamen</span> <span class='ocrx_word' id='word_1_377' title='bbox 1395 3163 1560 3220; x_wconf 87' lang='lat' dir='ltr'>indebititati</span> <span class='ocrx_word' id='word_1_378' title='bbox 1577 3165 1616 3220; x_wconf 91' lang='lat' dir='ltr'>P·</span> <span class='ocrx_word' id='word_1_379' title='bbox 1632 3167 1637 3232; x_wconf 84' lang='lat' dir='ltr'>l</span> <span class='ocrx_word' id='word_1_380' title='bbox 1653 3179 1717 3220; x_wconf 88' lang='lat' dir='ltr'>oon·</span> 
     </span>
     <span class='ocr_line' id='line_1_32' title="bbox 286 3235 1718 3308; baseline -0.003 -14"><span class='ocrx_word' id='word_1_381' title='bbox 286 3251 402 3308; x_wconf 89' lang='lat' dir='ltr'>persone</span> <span class='ocrx_word' id='word_1_382' title='bbox 428 3237 552 3306; x_wconf 82' lang='lat' dir='ltr'>personis</span> <span class='ocrx_word' id='word_1_383' title='bbox 577 3237 624 3301; x_wconf 86' lang='lat' dir='ltr'>P·,</span> <span class='ocrx_word' id='word_1_384' title='bbox 655 3235 689 3290; x_wconf 91' lang='lat' dir='ltr'>ab</span> <span class='ocrx_word' id='word_1_385' title='bbox 718 3237 779 3290; x_wconf 91' lang='lat' dir='ltr'>ullis</span> <span class='ocrx_word' id='word_1_386' title='bbox 805 3251 921 3305; x_wconf 90' lang='lat' dir='ltr'>persone</span> <span class='ocrx_word' id='word_1_387' title='bbox 953 3235 978 3290; x_wconf 88' lang='lat' dir='ltr'><em>U</em></span> <span class='ocrx_word' id='word_1_388' title='bbox 1027 3236 1093 3290; x_wconf 90' lang='lat' dir='ltr'>dieti</span> <span class='ocrx_word' id='word_1_389' title='bbox 1102 3235 1151 3291; x_wconf 88' lang='lat' dir='ltr'>e&#39;io</span> <span class='ocrx_word' id='word_1_390' title='bbox 1174 3239 1263 3300; x_wconf 79' lang='lat' dir='ltr'>(uoluit</span> <span class='ocrx_word' id='word_1_391' title='bbox 1282 3235 1349 3302; x_wconf 77' lang='lat' dir='ltr'>‘ei&#39;ol</span> <span class='ocrx_word' id='word_1_392' title='bbox 1373 3235 1412 3288; x_wconf 66' lang='grc' dir='ltr'><strong>Ρ</strong></span> <span class='ocrx_word' id='word_1_393' title='bbox 1432 3237 1437 3302; x_wconf 80' lang='lat' dir='ltr'>l</span> <span class='ocrx_word' id='word_1_394' title='bbox 1459 3236 1605 3306; x_wconf 77' lang='lat' dir='ltr'>competet]</span> <span class='ocrx_word' id='word_1_395' title='bbox 1630 3237 1718 3300; x_wconf 67' lang='lat' dir='ltr'>W,</span> 
     </span>
     <span class='ocr_line' id='line_1_33' title="bbox 287 3305 1718 3380; baseline -0.003 -15"><span class='ocrx_word' id='word_1_396' title='bbox 287 3311 345 3365; x_wconf 80' lang='lat' dir='ltr'>esi</span> <span class='ocrx_word' id='word_1_397' title='bbox 364 3315 456 3363; x_wconf 89' lang='lat' dir='ltr'>tamen</span> <span class='ocrx_word' id='word_1_398' title='bbox 473 3309 601 3377; x_wconf 84' lang='lat' dir='ltr'>ignorans</span> <span class='ocrx_word' id='word_1_399' title='bbox 618 3307 678 3380; x_wconf 68' lang='lat' dir='ltr'>seu]</span> <span class='ocrx_word' id='word_1_400' title='bbox 699 3306 721 3360; x_wconf 81' lang='grc' dir='ltr'>εἰ</span> <span class='ocrx_word' id='word_1_401' title='bbox 738 3305 903 3370; x_wconf 70' lang='grc' dir='ltr'>ιὲτοῨέιιοῨ</span> <span class='ocrx_word' id='word_1_402' title='bbox 916 3307 974 3371; x_wconf 62' lang='lat' dir='ltr'>rio?</span> <span class='ocrx_word' id='word_1_403' title='bbox 1027 3308 1157 3376; x_wconf 81' lang='lat' dir='ltr'>competit</span> <span class='ocrx_word' id='word_1_404' title='bbox 1168 3305 1304 3362; x_wconf 74' lang='lat' dir='ltr'><strong><em>F2P⁸VU</em></strong></span> <span class='ocrx_word' id='word_1_405' title='bbox 1338 3307 1370 3362; x_wconf 86' lang='lat'>15</span> <span class='ocrx_word' id='word_1_406' title='bbox 1382 3305 1530 3377; x_wconf 87' lang='lat' dir='ltr'>hominum]</span> <span class='ocrx_word' id='word_1_407' title='bbox 1546 3308 1665 3362; x_wconf 88' lang='lat' dir='ltr'>omniurn</span> <span class='ocrx_word' id='word_1_408' title='bbox 1679 3307 1718 3360; x_wconf 85' lang='lat' dir='ltr'>P·</span> 
     </span>
     <span class='ocr_line' id='line_1_34' title="bbox 288 3376 1720 3450; baseline -0.003 -16"><span class='ocrx_word' id='word_1_409' title='bbox 288 3381 302 3433; x_wconf 72' lang='grc' dir='ltr'>ἢ</span> <span class='ocrx_word' id='word_1_410' title='bbox 331 3380 433 3444; x_wconf 79' lang='grc' dir='ltr'>οἶκὲτογ</span> <span class='ocrx_word' id='word_1_411' title='bbox 461 3378 476 3434; x_wconf 86' lang='grc' dir='ltr'>ὁ</span> <span class='ocrx_word' id='word_1_412' title='bbox 503 3379 598 3450; x_wconf 69' lang='lat' dir='ltr'>tieret</span> <span class='ocrx_word' id='word_1_413' title='bbox 627 3379 640 3430; x_wconf 79' lang='lat' dir='ltr'>r&#39;t</span> <span class='ocrx_word' id='word_1_414' title='bbox 670 3377 685 3432; x_wconf 89' lang='grc' dir='ltr'>ὁ</span> <span class='ocrx_word' id='word_1_415' title='bbox 713 3379 822 3433; x_wconf 70' lang='lat' dir='ltr'>saturae</span> <span class='ocrx_word' id='word_1_416' title='bbox 852 3377 973 3442; x_wconf 70' lang='grc' dir='ltr'>ἆφείλετο</span> <span class='ocrx_word' id='word_1_417' title='bbox 1028 3379 1062 3433; x_wconf 88' lang='grc'>16</span> <span class='ocrx_word' id='word_1_418' title='bbox 1084 3379 1117 3447; x_wconf 84' lang='lat' dir='ltr'>is]</span> <span class='ocrx_word' id='word_1_419' title='bbox 1142 3379 1175 3444; x_wconf 88' lang='lat' dir='ltr'>F,</span> <span class='ocrx_word' id='word_1_420' title='bbox 1197 3377 1239 3433; x_wconf 82' lang='lat' dir='ltr'>his</span> <span class='ocrx_word' id='word_1_421' title='bbox 1261 3377 1323 3431; x_wconf 81' lang='lat' dir='ltr'>PU·</span> <span class='ocrx_word' id='word_1_422' title='bbox 1377 3379 1410 3432; x_wconf 88' lang='lat'>18</span> <span class='ocrx_word' id='word_1_423' title='bbox 1433 3379 1613 3448; x_wconf 84' lang='lat' dir='ltr'>epitomamm</span> <span class='ocrx_word' id='word_1_424' title='bbox 1637 3376 1720 3432; x_wconf 84' lang='lat' dir='ltr'>PVU</span> 
     </span>
     <span class='ocr_line' id='line_1_35' title="bbox 286 3448 1719 3593; baseline 0 -15"><span class='ocrx_word' id='word_1_425' title='bbox 286 3451 417 3593; x_wconf 61' lang='lat' dir='ltr'>&#39;iiiiii</span> <span class='ocrx_word' id='word_1_426' title='bbox 435 3448 816 3576; x_wconf 39' lang='lat' dir='ltr'>“balii-{Eilillliffl</span> <span class='ocrx_word' id='word_1_427' title='bbox 834 3448 973 3576; x_wconf 55' lang='lat' dir='ltr'>titt</span> <span class='ocrx_word' id='word_1_428' title='bbox 1027 3449 1317 3590; x_wconf 66' lang='lat' dir='ltr'>ttltlltltll</span> <span class='ocrx_word' id='word_1_429' title='bbox 1331 3450 1719 3590; x_wconf 57' lang='lat' dir='ltr'>legitimitate}</span> 
     </span>
    </p>

    <p class='ocr_par' dir='ltr' id='par_1_9' title="bbox 285 3531 1564 3667">
     <span class='ocr_line' id='line_1_36' title="bbox 364 3531 1564 3588; baseline -0.003 -11"><span class='ocrx_word' id='word_1_430' title='bbox 364 3543 432 3588; x_wconf 87' lang='lat' dir='ltr'>u.,</span> <span class='ocrx_word' id='word_1_431' title='bbox 531 3542 547 3576; x_wconf 85' lang='lat' dir='ltr'>r</span> <span class='ocrx_word' id='word_1_432' title='bbox 585 3543 593 3574; x_wconf 86' lang='lat' dir='ltr'>t</span> <span class='ocrx_word' id='word_1_433' title='bbox 671 3543 680 3574; x_wconf 83' lang='lat' dir='ltr'>s</span> <span class='ocrx_word' id='word_1_434' title='bbox 882 3541 891 3575; x_wconf 93' lang='lat'><em>:</em></span> <span class='ocrx_word' id='word_1_435' title='bbox 1283 3531 1295 3554; x_wconf 79' lang='lat'><em>⁰</em></span> <span class='ocrx_word' id='word_1_436' title='bbox 1555 3563 1564 3588; x_wconf 95' lang='lat'>,</span> 
     </span>
     <span class='ocr_line' id='line_1_37' title="bbox 285 3541 1153 3667; baseline -0.005 -17"><span class='ocrx_word' id='word_1_437' title='bbox 285 3603 328 3667; x_wconf 77' lang='lat' dir='ltr'>qis</span> <span class='ocrx_word' id='word_1_438' title='bbox 344 3594 493 3650; x_wconf 71' lang='lat' dir='ltr'>crediderim</span> <span class='ocrx_word' id='word_1_439' title='bbox 512 3592 586 3664; x_wconf 86' lang='lat' dir='ltr'>apud</span> <span class='ocrx_word' id='word_1_440' title='bbox 601 3598 708 3664; x_wconf 77' lang='lat' dir='ltr'>patrem</span> <span class='ocrx_word' id='word_1_441' title='bbox 723 3541 897 3648; x_wconf 49' lang='lat' dir='ltr'>domicgssnm</span> <span class='ocrx_word' id='word_1_442' title='bbox 915 3593 974 3648; x_wconf 77' lang='lat' dir='ltr'>eius</span> <span class='ocrx_word' id='word_1_443' title='bbox 1026 3591 1096 3648; x_wconf 81' lang='lat' dir='ltr'>dixit</span> <span class='ocrx_word' id='word_1_444' title='bbox 1114 3593 1153 3646; x_wconf 80' lang='lat' dir='ltr'>P⁰</span> 
     </span>
    </p>
   </div>
   <div class='ocr_carea' id='block_1_6' title="bbox 0 0 1874 5550">
    <p class='ocr_par' dir='ltr' id='par_1_10' title="bbox 0 0 1874 5550">
     <span class='ocr_line' id='line_1_38' title="bbox 0 0 1874 5550; baseline 0 0"><span class='ocrx_word' id='word_1_445' title='bbox 0 0 1874 5550; x_wconf 95' lang='lat' dir='ltr'> </span> 
     </span>
    </p>
   </div>
  </div>
 </body>
</html>
