3814 5542
292 707 575 774 DIGESTORUM
596 709 714 772 LIBRI
736 705 1067 786 QUADRAGESIMI
1089 707 1242 785 QUINTI
1262 709 1531 776 FRAGMENTA

681 808 1140 873 POMMERSFELDENSIA.

786 929 839 998 (ιιι.
857 934 881 998 r,
900 929 1034 1000 as-ts.)

250 1081 455 1176 Bibliotheca
469 1109 732 1174 Schoenborniana
753 1130 831 1188 quae
853 1119 899 1172 est
919 1113 951 1171 in
966 1113 1034 1170 uico
1049 1111 1303 1172 Pommersfelden
1317 1131 1410 1192 prope
1424 1114 1625 1194 Bambcrgum

194 1203 297 1256 seruat
324 1194 469 1270 reliquias
497 1195 632 1254 codicum
661 1195 787 1254 duorum
809 1195 917 1254 litteris
939 1195 1093 1271 quadratis
1115 1195 1146 1254 in
1167 1213 1283 1272 papyro
1305 1199 1484 1274 scriptorum
1505 1200 1562 1258 sibi
1584 1201 1624 1260 si-

193 1278 386 1338 millimcrum
408 1277 601 1354 eiusdemque
621 1278 684 1336 lere
705 1285 739 1337 ut
759 1278 879 1336 uidetur
899 1285 930 1337 et
951 1277 1058 1336 aetatis
1080 1286 1110 1336 et
1131 1279 1265 1355 originis,
1287 1297 1414 1355 quorum
1436 1281 1512 1342 alter
1529 1281 1625 1342 Grae·

193 1377 247 1420 cus
269 1359 340 1419 olim
361 1359 475 1419 formas
496 1361 642 1420 continuit
661 1361 737 1420 iuris
758 1360 929 1434 Iustiniani,
951 1361 1027 1420 alter
1048 1361 1175 1420 Latinus
1196 1360 1356 1420 Iustiniani
1377 1363 1501 1440 digesta.
1546 1365 1624 1424 unde

193 1443 296 1502 illatae
323 1443 384 1502 sint
411 1442 538 1502 laciniae
565 1461 618 1504 eae
645 1444 677 1502 in
702 1443 912 1502 bibliothecam
934 1441 1243 1515 Schoenbornianam‚
1268 1444 1436 1520 ignoratur,
1463 1445 1523 1504 nisi
1544 1447 1625 1524 quod

192 1532 315 1602 propter
334 1543 443 1584 nomen
464 1525 574 1584 alicubi
594 1526 627 1584 in
647 1525 685 1584 iis
707 1527 889 1602 adscriptum
909 1523 1042 1586 ‘Ioannes
1061 1523 1537 1603 Gallus(Franclci)uan.1630'
1556 1547 1625 1605 pro-

192 1607 292 1666 babile
313 1607 428 1666 titiam
449 1607 583 1684 perduc
605 1609 727 1668 saecula
748 1609 798 1666 uel
820 1609 948 1684 amplius
970 1611 1001 1666 in
1022 1607 1186 1668 Germania
1207 1627 1243 1666 ea
1264 1609 1427 1668 adseruari.
1462 1619 1625 1687 supersunt

193 1697 294 1748 autem
314 1688 403 1748 hodie
424 1689 607 1766 digestorum
635 1691 708 1750 iulia
735 1699 850 1767 septem
878 1691 948 1768 plus
973 1692 1111 1750 minusue
1135 1691 1236 1750 lacere
1259 1691 1376 1763 omnia,
1404 1710 1531 1769 quorum
1556 1712 1624 1752 cnm

193 1772 372 1854 cohaereant
396 1771 485 1831 hodie
511 1773 560 1832 uel
581 1781 660 1833 certe
682 1774 869 1834 cohaeserint
889 1781 953 1833 tum
974 1791 1042 1834 cum
1064 1793 1100 1832 ea
1121 1773 1306 1832 examinanit
1327 1772 1431 1834 lanius
1453 1775 1573 1834 tertium
1594 1783 1625 1836 et

193 1861 324 1928 sextum,
345 1855 417 1914 item
438 1862 579 1931 quartum
599 1864 630 1915 et
650 1857 796 1932 quintum,
818 1875 874 1916 sex
896 1865 995 1916 autem
1016 1857 1114 1934 prima
1134 1857 1205 1914 dum
1225 1856 1342 1932 integra
1362 1857 1509 1916 essentia
1523 1857 1624 1917 codiee

191 1937 308 2014 integro
329 1937 471 1997 continua
491 1955 559 1998 sese
580 1940 736 2014 excepisse
757 1939 948 1998 manifestum
963 1941 1012 2010 sit,
1034 1947 1159 2016 apparet
1173 1956 1330 2014 superesse
1345 1939 1431 1998 nobis
1446 1941 1536 1998 unius
1549 1957 1624 2017 qua·

191 2019 335 2079 terrionis
357 2019 430 2078 folia
451 2037 507 2079 sex
528 2021 635 2098 prima,
656 2022 727 2079 item
749 2023 901 2098 sequentis
924 2022 1128 2098 quaternionis
1149 2021 1254 2080 folium
1276 2040 1367 2080 unum
1387 2022 1547 2100 singulare.
1579 2023 1624 2082 fo·

190 2101 266 2160 lium
293 2101 410 2161 nullum
437 2101 527 2162 hodie
553 2103 701 2180 integrum
728 2111 790 2162 eat:
818 2112 850 2162 at
876 2122 944 2164 cum
972 2105 1003 2162 in
1023 2103 1105 2164 soliis
1126 2099 1223 2180 primo
1245 2104 1375 2162 secundo
1397 2105 1524 2181 septima
1545 2105 1625 2164 adsit

191 2201 296 2263 margo
315 2183 448 2258 inferior,
469 2186 668 2263 computando
690 2187 828 2246 effectum
849 2193 896 2245 est
917 2188 1051 2264 singulas
1073 2188 1199 2264 paginas
1221 2186 1363 2244 habuisse
1384 2205 1490 2246 uersus
1512 2188 1551 2245 ad
1570 2188 1624 2246 tri·

191 2283 300 2340 cenos,
328 2267 463 2343 singulos
491 2287 598 2327 uersus
625 2269 772 2328 elementa
797 2268 836 2327 ad
862 2269 968 2328 uicena
988 2277 1103 2328 octona.
1147 2269 1319 2345 ceteroquin
1341 2287 1406 2326 eam
1427 2269 1624 2346 computatio·

190 2367 259 2408 nem
286 2350 446 2426 quominus
473 2351 565 2409 anxia
590 2351 744 2427 diligentia
764 2369 996 2428 persequamur,
1023 2352 1123 2411 obstat
1145 2369 1246 2409 aarum
1268 2351 1398 2426 partium
1420 2369 1497 2428 quae
1519 2369 1624 2428 snper-

193 2439 265 2491 sunt
285 2432 434 2508 scriptura
454 2433 575 2492 minime
596 2435 779 2510 aequabilis,
805 2441 838 2491 ιιι
858 2435 990 2511 exempli
1011 2451 1104 2492 causa
1124 2433 1189 2492 solii
1211 2433 1291 2492 sexti
1311 2433 1384 2492 recti
1405 2451 1513 2493 uersus
1533 2435 1624 2511 primi

191 2519 334 2590 quattuor
358 2515 539 2591 respondere
565 2517 724 2575 mudantur
751 2516 888 2575 uersibus
917 2518 1048 2592 quinque
1075 2515 1139 2574 tulii
1165 2515 1298 2574 eiusdem
1325 2516 1415 2574 uersi.
1457 2516 1624 2576 continetur

191 2596 276 2655 hisce
303 2596 422 2656 laciniis
450 2616 521 2673 pars
548 2598 617 2658 libri
645 2599 827 2675 digestorum
849 2598 1070 2674 quadragesimi
1091 2597 1202 2674 quinti:
1229 2615 1307 2672 quae
1334 2598 1452 2673 digesta
1479 2599 1516 2656 ad
1544 2598 1624 2660 hunc

190 2677 312 2738 modum
339 2680 506 2755 perscripto
533 2699 593 2740 uon
620 2688 781 2756 potuerrmt
801 2680 899 2739 minus
921 2680 1062 2738 soliorum
1081 2679 1202 2738 milibus
1224 2678 1319 2738 tribus
1342 2679 1473 2753 absolui,
1501 2688 1535 2740 ut
1555 2683 1623 2758 plu·

190 2761 274 2821 ribus
296 2761 498 2820 uoluminibus
519 2781 556 2820 ea
576 2761 674 2820 diuisa
695 2762 789 2821 fuisse
810 2780 932 2822 neeesse
954 2761 1002 2820 sit.

232 2843 380 2920 Repperit
405 2844 572 2920 fragmenta
599 2863 636 2902 aa
661 2852 728 2902 ante
757 2861 783 2902 a
802 2842 881 2903 18Ιῖ
904 2841 1075 2920 Sauignyus
1098 2841 1438 2917 (deterioraberunt.
1460 2845 1563 2904 Recita
1584 2849 1624 2906 im

190 2925 364 2986 Mittelolter
385 2928 444 2986 uol.
461 2928 479 2986 3
502 2944 531 3003 p.
547 2927 633 3003 471),
660 2926 819 3002 descripsit
838 2927 954 3003 primus
975 2925 1148 2985 Ludonicns
1170 2943 1189 2982 a
1209 2925 1264 2983 Ian
1286 2923 1541 2999 Sueuufurtensis,
1561 2928 1623 2987 edi·

190 3007 235 3068 dit
260 3008 376 3086 primus
406 3009 445 3068 ad
465 3009 544 3068 lanii
564 3009 736 3085 exemplum
756 3010 793 3068 E.
816 3008 981 3068 Zachariae
1002 3028 1021 3067 a
1040 3007 1221 3086 Lingenthal
1242 3008 1273 3065 in
1295 3005 1486 3084 Sauignianis
1508 3011 1623 3070 annali·

189 3092 247 3151 bus
275 3090 457 3166 (Zeitacbrist
476 3091 535 3166 fuir
558 3093 772 3168 pacticdtlicbe
800 3091 1100 3165 Rechtsroiaeeneabofl
1126 3089 1185 3148 nol.
1212 3091 1246 3148 ll
1275 3109 1302 3148 a.
1327 3089 1406 3150 1842
1432 3111 1462 3168 p.
1485 3089 1545 3151 239
1561 3093 1622 3170 sq.)

189 3172 328 3249 idemque
349 3173 506 3250 diligenter
525 3175 720 3250 pertractauit
741 3175 962 3252 suppleuitque.
996 3173 1080 3232 nobis
1102 3179 1221 3250 praeter
1241 3173 1400 3232 editionem
1421 3191 1487 3232 eam
1501 3183 1622 3250 praesto

188 3256 310 3316 fuerunt
335 3257 476 3334 exempla
503 3263 639 3315 accurate
668 3264 698 3316 et
722 3258 816 3333 perite
845 3274 872 3314 a.
895 3255 974 3316 1865
1003 3257 1040 3314 ab
1068 3255 1163 3314 Iaffeo
1190 3263 1310 3330 sumpta
1330 3256 1469 3314 loliorum
1491 3257 1623 3333 quinque

189 3339 337 3416 priorumr
365 3357 435 3397 nam
461 3346 581 3398 sextum
603 3347 633 3398 et
654 3340 813 3416 septimum
834 3339 893 3398 nisi
914 3340 1080 3416 perierunt,
1108 3343 1187 3396 certe
1208 3344 1272 3396 tum
1292 3339 1416 3414 reperiri
1437 3357 1497 3396 non
1517 3347 1623 3416 potue-

188 3427 268 3480 runt.
310 3421 380 3497 ipsa
399 3421 454 3480 illa
480 3421 553 3480 lolia
578 3439 657 3498 quae
684 3423 761 3481 uidit
786 3424 847 3481 iam
868 3422 964 3498 magis
985 3422 1143 3480 imminuta
1162 3419 1275 3478 Iaffeus
1296 3421 1430 3497 repperit
1449 3439 1540 3498 quam
1561 3439 1622 3497 quo

68 3543 94 3569 2.
188 3509 323 3581 tempore
344 3503 503 3580 descripsit
522 3523 559 3562 ea
579 3504 692 3564 lanius.
735 3506 821 3565 nobis
850 3513 950 3564 autem
970 3505 1076 3564 inutile
1099 3503 1197 3562 uisum
1219 3509 1265 3562 est
1286 3503 1428 3562 adnotare
1449 3510 1524 3579 quot
1542 3503 1623 3562 litte-

15 3581 98 3660 ςξζ-ῒ-
188 3603 242 3645 rae
266 3592 337 3662 post
364 3585 482 3644 Iunium
508 3587 673 3646 exciderint
699 3606 796 3664 neque
824 3588 943 3646 omnino
964 3587 1078 3663 placuit
1099 3585 1208 3644 morari
1229 3585 1355 3644 lectores
1376 3585 1553 3644 adnotandis
1573 3587 1623 3646 lit·

22 3665 85 3752 μ’
188 3668 263 3728 teris
284 3667 446 3728 dimidiatis
466 3670 640 3745 minutaque
661 3671 715 3728 illa
736 3677 765 3728 et
786 3670 899 3728 nullius
921 3669 1059 3728 utilitatis
1081 3668 1235 3740 uarietate,
1257 3685 1334 3743 qnae
1354 3668 1433 3726 inter
1445 3668 1623 3728 laciniarum

20 3751 75 3819 ,3³⁹
189 3750 234 3811 itu
248 3751 328 3809 mals
346 3750 517 3810 habitarum
538 3753 587 3810 uel
609 3753 722 3830 optima
743 3752 883 3828 exempla
903 3752 1066 3810 intercedat
1080 3767 1201 3810 necesse
1216 3757 1272 3822 est,
1294 3768 1361 3808 cum
1374 3751 1550 3827 praesertim
1564 3752 1623 3810 hae

187 3833 335 3910 reliquiae
361 3833 401 3892 ad
427 3835 519 3893 crisin
547 3835 759 3911 pandectarum
786 3853 938 3912 perpauca
957 3835 1119 3893 conserant
1163 3834 1370 3909 supplementa
1390 3851 1526 3910 quoque,
1553 3853 1622 3894 cunr

188 3916 335 3992 reliquiae
357 3923 419 3975 tam
440 3917 568 3994 exiguae
590 3918 713 3978 sinaiis
736 3919 783 3978 edi
805 3919 860 3978 uix
884 3935 974 3994 posse
997 3917 1168 3977 uiderentur
1189 3917 1317 3988 utiliter,
1339 3915 1553 3976 Zachariaeum
1575 3935 1622 3976 se·

189 3999 250 4058 cuti
278 3997 447 4058 addidimus
474 4007 504 4058 et
531 4000 592 4058 lere
620 4001 686 4058 eius
713 4001 744 4060 in
768 4001 953 4062 restituendo
975 4000 1104 4078 uestigia
1123 3999 1298 4076 pressimus.
1342 3999 1454 4056 errauit
1473 4005 1572 4057 tamen
1593 3999 1621 4059 is

188 4080 348 4140 admittens
368 4082 583 4142 'uocabulorum
605 4081 782 4142 diuisionem
805 4103 865 4142 non
886 4081 1089 4160 syllabarum,
1112 4081 1274 4164 sedplane
1295 4080 1492 4154 arbitrariam,
1517 4089 1622 4140 contra

188 4163 433 4223 consuetudinem
455 4165 519 4223 eius
542 4165 648 4224 aetatis
671 4184 732 4241 qua
752 4165 827 4224 liber
848 4167 978 4242 scriptus
1000 4173 1047 4224 est
1067 4173 1096 4222 et
1118 4165 1221 4222 conns
1241 4163 1400 4221 manifesta
1420 4162 1530 4222 indicia
1550 4163 1621 4223 reli·

189 4246 343 4323 quiarumr
370 4247 429 4304 nisi
456 4247 537 4324 quod
561 4248 619 4306 hoc
646 4248 804 4306 tenendum
832 4255 878 4306 est
899 4244 972 4328 pallo
999 4247 1052 4323 (δ’,
1074 4248 1102 4306 7.
1126 4246 1159 4323 8)
1179 4253 1259 4304 recte
1281 4245 1375 4322 accipi
1395 4264 1450 4322 pro
1472 4246 1620 4324 disyllabo

188 4327 385 4406 (quamquam
412 4329 463 4388 uel
483 4331 540 4387 hoe
561 4330 732 4388 emendauit
751 4331 891 4389 librarius
913 4332 949 4403 5,
972 4329 1019 4388 13.
1045 4329 1082 4387 14
1104 4329 1134 4386 in
1155 4324 1253 4408 quiite,
1281 4335 1315 4385 ut
1336 4327 1462 4386 similem
1483 4327 1621 4388 mendam

189 4412 313 4472 austum
334 4411 364 4484 6,
386 4411 420 4488 9)
440 4418 471 4470 ει
491 4412 522 4471 id
542 4413 623 4488 quod
643 4421 690 4472 est
711 4409 944 4494 babaetsscmea
965 4411 1018 4488 (ι’,
1032 4409 1081 4471 24.
1104 4411 1157 4488 25)
1179 4429 1239 4468 non
1260 4411 1471 4487 explicandum
1491 4427 1560 4470 essa
1581 4425 1621 4471 ex

189 4493 337 4554 diuisione
357 4495 572 4554 uocabulorum
593 4495 760 4568 arbitraria,
782 4496 835 4554 sed
856 4515 897 4556 ex
916 4495 1033 4555 librarii
1053 4495 1182 4556 hominis
1198 4492 1362 4554 Christiani
1381 4493 1514 4552 inscitia:
1537 4493 1620 4554 sirni-

63 4599 81 4626 κ
188 4575 258 4636 liter
278 4578 367 4637 etiam
383 4577 549 4636 Florentini
571 4579 682 4638 codicis
703 4577 841 4638 librarios
863 4579 1039 4656 saepissime
1060 4575 1234 4656 peccauisse
1255 4583 1379 4636 constat.
1413 4593 1555 4634 uersuum
1569 4575 1619 4634 de-

188 4659 279 4737 nique
299 4662 533 4720 numerationem
554 4662 731 4721 retinuimus
754 4661 967 4720 aZachariaeo
988 4662 1184 4738 propositum,
1206 4660 1319 4719 scilicet
1339 4666 1373 4717 ut
1393 4666 1620 4719 numerarentur

189 4743 352 4806 secundum
372 4745 472 4805 locum
493 4761 582 4824 quem
602 4745 635 4806 in
654 4746 766 4824 pagina
786 4745 858 4806 olim
879 4744 950 4806 dum
969 4745 1061 4824 plena
1081 4751 1161 4806 esset
1180 4745 1314 4804 ιειιιιιεεε
1334 4739 1513 4802 uiderentur.
