3698 5560
147 289 460 338 munumentum
808 269 889 345 111
1389 271 1434 338 III
1457 275 1477 340 6
1496 279 1570 336 t-e

146 435 224 482 tutem
247 442 304 484 nou
327 427 459 483 mendetu
482 442 544 483 meo
567 427 637 482 elius
659 427 685 482 ei
708 425 772 480 lieet
795 427 996 482 misericordiae
1021 443 1105 483 ennea
1128 427 1235 482 dederit
1252 442 1286 482 ne
1305 426 1354 482 tint
1372 443 1460 498 neque
1478 433 1569 484 retum

122 514 222 584 rinbui,
240 520 308 571 tune
326 520 354 570 et
371 517 460 586 ipsum
478 519 602 586 repetere
620 522 649 570 et
667 530 711 570 me
730 515 757 569 in
775 516 957 585 quadruplum
976 530 1058 586 egere
1076 531 1166 586 posue.
1194 515 1272 571 Sint
1289 513 1343 570 filio
1361 513 1478 572 familiae
1490 535 1567 588 neqo-

143 605 201 658 tium
217 603 297 660 fieret
314 609 458 674 eeeeptum
475 608 527 673 eet,
545 604 629 659 etiam
646 603 718 676 petri
736 604 809 658 ectio
828 603 919 658 denda
937 609 988 660 eet.
1017 604 1082 658 item
1102 603 1125 658 ei
1142 603 1214 658 filiun
1233 602 1349 658 familiae
1368 605 1511 674 pecuniam
1524 619 1567 660 ee·

143 692 248 761 eeperit,
274 697 305 748 ut
328 691 432 748 foderet
455 693 595 762 negotium
613 693 658 748 uel
677 708 732 748 nou
749 690 865 761 smeret,
889 692 917 747 in
936 691 1025 761 ipsum
1043 691 1173 746 indicium
1192 691 1314 747 debitur:
1338 695 1367 746 et
1385 691 1407 746 ui
1427 691 1495 747 eiius
1514 707 1569 747 uon

142 795 193 835 meu
215 781 348 836 mendntu
371 781 397 836 ei
416 781 524 836 dederit
546 796 581 835 ne
604 779 666 850 fiet,
690 786 756 835 tuno
777 779 860 834 etiem
880 779 969 850 ipsum
988 785 1111 849 repetere
1130 786 1158 836 et
1176 795 1219 836 me
1238 781 1266 836 in
1284 779 1466 849 quadruplum
1485 795 1568 850 agere
1587 793 1600 834 t

116 882 218 938 tpomn
247 869 318 925 Cum
340 869 503 940 publionnue
526 869 663 938 mancipia
686 869 816 924 retineret
837 868 957 938 doteque
980 869 1005 922 ei
1025 869 1142 940 peeunie
1160 875 1235 924 eneet
1251 883 1323 939 quae
1341 884 1396 923 non
1414 867 1568 938 deberetur,

140 963 164 1012 et
178 957 233 1027 ipee
252 973 289 1012 ex
307 957 359 1012 heo
377 962 456 1028 perte
475 957 557 1012 edioti
575 958 603 1012 in
621 955 725 1012 fautum
743 958 851 1014 notione
869 962 987 1012 tenetur.

111 1046 125 1104 8
183 1045 335 1102 domnus
356 1045 424 1101 libro
447 1050 545 1116 quarto
568 1045 735 1115 opinionum.
772 1043 801 1101 Si
820 1045 855 1101 eb
874 1059 921 1114 eo,
946 1045 992 1114 qui
1010 1045 1141 1100 innoeenu
1160 1043 1223 1114 fuit,
1248 1044 1301 1100 sub
1318 1045 1409 1115 speeie
1429 1039 1608 1127 [ΒΤ-θοῖιῖεε

138 1134 247 1188 oriminis
266 1135 390 1202 uiieuiue,
408 1133 484 1203 quod
501 1135 529 1188 in
546 1149 580 1189 eo
597 1132 743 1203 probatum
763 1149 816 1190 non
835 1138 885 1204 eet,
904 1133 1048 1204 pecuniam
1067 1139 1209 1204 acceptam
1227 1133 1252 1188 ie
1266 1135 1343 1188 euius
1358 1133 1392 1188 de
1405 1150 1439 1188 ee
1451 1149 1479 1188 re
1492 1135 1568 1190 notio

136 1229 173 1276 ert
187 1222 304 1278 edootue
322 1220 417 1277 firerit:
435 1221 465 1277 id
482 1221 557 1292 quod
574 1222 667 1277 illieite
685 1225 822 1278 extorum
841 1227 884 1278 eet
902 1223 1052 1278 seeundum
1071 1221 1154 1276 edioti
1172 1220 1296 1291 formem,
1314 1221 1389 1291 quod
1407 1221 1442 1276 de
1461 1221 1503 1277 hin
1516 1227 1566 1292 eet,
1587 1235 1615 1276 ro

136 1311 175 1378 qui
196 1311 344 1381 peouuhm
366 1316 397 1366 ut
417 1311 559 1380 negotium
577 1309 700 1366 feoerent
718 1315 766 1367 eut
785 1326 839 1367 non
857 1309 980 1366 fenerent
997 1309 1138 1380 eeeepieee
1156 1309 1323 1380 dicerentur,
1348 1309 1455 1366 rentiuri
1474 1310 1567 1366 iubent

135 1399 145 1468 Ι
161 1405 186 1454 et
203 1400 237 1468 ei,
258 1397 353 1470 quiid
372 1399 517 1468 eommirit,
535 1415 585 1469 pro
603 1399 685 1456 modo
703 1399 795 1456 deiioti
813 1414 932 1469 poenum
949 1399 1060 1468 irroget.
1585 1409 1634 1469 no
1650 1407 1665 1455 t.
1677 1409 1706 1454 uo

106 1489 120 1546 9
177 1487 362 1543 Pennunuue
378 1487 448 1543 libro
466 1487 588 1544 seeundo
606 1489 642 1544 de
654 1487 804 1544 eduitenin
832 1488 875 1543 De
887 1503 968 1544 seruo
981 1487 1028 1557 qui
1040 1489 1194 1554 edometur,
1213 1486 1237 1540 ei
1249 1487 1410 1557 postuletur,
1430 1483 1567 1570 [iffoss
1586 1493 1608 1548 S

132 1575 250 1644 maereo
276 1574 486 1646 hebetemque
511 1575 637 1634 nbeoiuto
660 1577 688 1632 in
712 1577 825 1647 duplum
848 1575 967 1645 pretium
991 1579 1136 1632 eeoumtor
1159 1573 1270 1630 domino
1288 1573 1447 1632 demotum:
1471 1577 1521 1632 sed
1539 1581 1568 1632 et

131 1664 192 1718 eiua
214 1664 299 1734 pretii
322 1665 541 1720 aestimationem
564 1666 703 1736 quaeritur
726 1664 761 1721 de
784 1663 920 1720 calumnie
943 1663 1011 1719 eim.
1049 1667 1206 1733 reparatum
1229 1667 1273 1718 eet
1295 1663 1397 1720 etenim
1415 1664 1567 1720 mumnine
1587 1675 1614 1718 ro

130 1752 223 1808 crimen
241 1769 261 1808 e
280 1751 381 1810 dnmno
398 1753 472 1824 quod
489 1754 519 1810 in
536 1769 617 1810 seruo
634 1757 746 1824 propter
764 1753 952 1822 quoeetiouem
971 1751 1081 1810 domino
1099 1751 1195 1808 dutum
1213 1755 1264 1808 eet

129 1858 277 1927 umis)

128 2013 345 2086 tinmili't'neFi
361 2015 687 2088 negotinmldeeogitium
695 2017 819 2088 Heus)
872 2014 1116 2086 Siuit1puitF¹
1182 2019 1215 2070 10
1243 2014 1366 2085 ednotus]
1392 2015 1506 2072 edentum
1530 2016 1565 2070 F¹

128 2087 259 2142 tetum*
279 2089 318 2140 Ρ
370 2089 467 2144 4non
491 2103 552 2144 meo
576 2087 708 2142 mandatu
732 2088 818 2153 (men
873 2087 906 2142 11
930 2085 1034 2141 fuceret
1058 2091 1106 2142 aut
1127 2103 1181 2142 non
1200 2084 1303 2142 feceret
1323 2087 1360 2142 P·
1415 2088 1449 2142 12
1467 2086 1567 2142 deiiotn

127 2155 186 2214 dete
202 2157 817 2226 1⁷)]FeomB(Auon):ninuriinrontn
872 2158 912 2210 P⁶
928 2159 932 2224 Ι
948 2158 1097 2228 irrogatum
1108 2158 1145 2211 F²
1184 2159 1217 2212 13
1227 2157 1377 2213 adulterius
1387 2157 1433 2211 F⁰‘
1468 2158 1501 2212 14
1512 2173 1566 2226 quo

128 2247 185 2290 κογ,
209 2229 325 2284 nomine
343 2245 405 2284 meo
423 2229 550 2294 PV‘LU,
568 2239 616 2284 ino.
633 2229 667 2282 V⁶
721 2229 819 2284 (ireti-
873 2229 962 2284 soluto
981 2229 1020 2282 1²·
1074 2229 1108 2283 16
1126 2227 1245 2297 domino]
1267 2229 1412 2284 edomino
1431 2227 1545 2282 ΜΠ·

127 2305 198 2354 neret
207 2301 247 2354 ΙΝ
266 2301 272 2369 Ι
287 2301 323 2370 er]
336 2305 365 2356 et
374 2301 409 2356 F¹
456 2301 471 2355 7
484 2299 613 2372 per'en'te
625 2301 667 2369 Fi
682 2299 773 2354 edioto
781 2299 818 2353 ΡΙ
