3738 5550
304 248 391 317 XVII
414 253 428 315 1
453 256 568 310 30-34
972 246 1062 326 490
1580 275 1741 322 manum

304 423 366 463 eum
384 410 496 477 postca¹
514 405 598 462 falsas
616 408 736 463 rationes
754 406 913 476 confecisse,
932 408 1046 464 insidias
1063 410 1138 465 uitae
1156 409 1254 479 prioris
1272 409 1375 466 domini
1387 411 1528 481 struxisse,
1546 410 1668 482 tenebor,
1687 413 1740 468 nisi

304 496 502 552 denuntiationi
524 498 708 566 procuratoris
731 513 861 567 paruero:
886 498 910 552 si
932 513 997 552 uero
1016 499 1090 554 nulla
1106 500 1179 553 iusta
1197 515 1281 554 causa
1298 501 1467 570 procuratori
1483 498 1536 556 fuit
1552 500 1740 572 denuntiandi,

304 601 338 640 ne
356 601 451 640 seruus
470 586 714 656 manumitteretur,
732 602 787 641 non
805 586 905 656 poterit
922 602 1030 641 mecum
1048 588 1101 656 agi,
1120 587 1246 658 quamuis
1264 588 1299 643 ad
1316 588 1469 645 libertatem
1482 604 1544 644 eum
1556 589 1739 659 perduxerim.

248 676 284 734 31
355 675 434 730 [nnn
450 674 519 729 libro
537 679 634 743 quarto
653 675 759 730 docimo
777 675 954 744 digestorum.
992 674 1022 730 Si
1038 676 1151 744 negotia
1175 692 1237 731 mea
1258 677 1425 733 mandauero
1443 678 1564 748 gerenda
1582 674 1740 762 [ffel]
1758 686 1778 742 s

304 763 342 832 ei,
365 762 412 831 qui
431 761 496 818 mihi
514 764 621 818 actione
645 764 674 818 in
698 764 879 834 quadruplum
898 763 1055 833 tenebatur,
1080 769 1144 833 post
1167 781 1267 820 annom
1292 781 1359 820 nero
1382 766 1411 821 in
1434 766 1574 836 simplum,
1599 769 1652 822 etsi
1675 775 1772 838 poste

304 867 403 907 annum
423 867 484 907 cum
504 867 537 906 eo
555 851 677 906 mandati
695 869 790 922 agam
816 857 956 923 praestare
976 852 1041 908 mihi
1060 852 1241 922 quadruplum
1266 853 1390 910 debebit:
1415 870 1478 910 nam
1496 855 1544 924 qui
1562 855 1675 910 alterius
1692 872 1741 912 ne·

304 942 379 1010 gotia
397 940 613 995 administranda
631 941 754 1010 suscipit,
773 941 801 995 id
819 947 959 1010 praestare
977 942 1060 997 debet
1077 943 1106 996 in
1124 958 1175 996 sua
1193 957 1317 1010 persona,
1336 943 1410 1012 qood
1428 944 1456 999 in
1475 945 1598 998 aliorum.

247 1031 286 1090 32
356 1031 433 1083 lnam
450 1027 518 1084 libro
536 1030 618 1084 tortio
637 1028 672 1083 ad
691 1028 815 1084 Urseium
835 1031 975 1085 Ferocem.
1013 1029 1042 1085 Si
1060 1030 1240 1085 hereditatem
1263 1031 1343 1086 aliter
1366 1031 1490 1088 aditums
1507 1027 1780 1116 n0n[[14]{28

304 1133 389 1174 essem
408 1133 490 1187 qnam
508 1123 618 1172 cautum
637 1117 702 1172 mibi
720 1116 818 1172 fuisset
840 1117 970 1172 damnum
993 1119 1127 1188 praestari
1150 1122 1179 1172 et
1196 1118 1248 1174 hoc
1266 1118 1425 1175 mandatum
1443 1121 1657 1191 intercessisset,
1681 1119 1741 1177 fore

304 1208 424 1264 mandati
443 1207 578 1262 actionem
597 1207 732 1261 existimo.
760 1207 868 1275 siquis
893 1212 985 1261 autem
1009 1207 1181 1262 mandauerit
1203 1207 1296 1277 alicui,
1320 1223 1355 1262 ne
1377 1207 1497 1277 legatum
1521 1223 1539 1263 a
1563 1223 1593 1263 se
1616 1210 1742 1280 repellat,
1761 1226 1787 1265 ro

303 1298 383 1366 longo
402 1298 427 1350 el
444 1295 575 1350 dissimile
594 1310 669 1350 esse:
694 1311 756 1350 nam
774 1295 896 1362 legatum
915 1295 1082 1364 adquisitum
1101 1311 1250 1366 numquam
1272 1296 1310 1350 illi
1329 1295 1429 1352 damno
1452 1311 1513 1352 esse
1536 1297 1639 1366 potuit:
1664 1297 1743 1352 here·

303 1385 375 1441 ditas
393 1384 529 1440 interdum
548 1383 681 1438 damnosa
698 1388 749 1437 est.
778 1391 801 1438 st
818 1384 846 1437 in
859 1398 967 1438 summa
979 1385 1144 1454 quicumque
1156 1389 1313 1440 contractus
1332 1385 1402 1440 tales
1420 1390 1492 1455 aunt,
1511 1390 1543 1440 ut
1556 1386 1744 1456 quicumque²

303 1489 395 1530 eorum
414 1473 523 1528 nomino
541 1470 685 1526 fideiussor
703 1471 819 1540 obligari
836 1477 946 1542 posset,
970 1479 999 1527 et
1023 1473 1145 1527 mandati
1163 1471 1359 1542 obligationem
1378 1473 1528 1528 consistere
1546 1479 1627 1545 puto:
1651 1489 1743 1544 neque

303 1564 374 1618 enim
393 1563 479 1618 multo
496 1558 608 1628 referre,
632 1575 763 1629 praesens
787 1559 848 1629 quis
871 1560 1055 1630 interrogatus
1078 1560 1228 1616 fidoiubeat
1250 1579 1286 1617 an
1304 1561 1405 1618 absens
1423 1565 1464 1616 ael
1478 1582 1601 1634 pssum
1619 1562 1743 1618 mmdst

302 1659 444 1722 praeterea
461 1650 543 1718 uolgo
561 1649 780 1705 animaduertere
799 1649 862 1704 licet
880 1648 1011 1706 mandatu
1029 1650 1195 1706 creditorum
1218 1650 1382 1706 hereditates
1401 1655 1546 1720 suspectas
1564 1650 1647 1722 adiri,
1674 1666 1744 1721 quor
1762 1667 1788 1707 rs

302 1740 424 1796 mandati
442 1739 542 1794 iudicio
560 1739 646 1792 teneri
665 1739 759 1808 procul
778 1736 862 1792 dubio
880 1742 931 1792 est

246 1825 284 1884 33
355 1828 435 1882 lnam
452 1825 520 1881 libro
538 1832 636 1896 quarto
654 1842 689 1882 ex
706 1826 825 1882 Minicio.
861 1827 985 1895 Rogatus
1008 1831 1040 1882 ut
1062 1825 1224 1882 lideinberet
1247 1826 1271 1882 si
1293 1827 1321 1883 in
1340 1827 1472 1882 minorem
1490 1841 1564 1882 sum·
1582 1822 1781 1912 ωε

303 1932 374 1972 mam
393 1931 424 1970 sc
443 1915 588 1985 obligauit,
612 1919 686 1970 recto
705 1919 826 1969 tenetur:
850 1915 874 1969 si
891 1915 920 1970 in
937 1915 1082 1984 maiorem,
1107 1916 1229 1971 Iulianus
1247 1915 1339 1970 uerius
1362 1919 1443 1986 putat
1465 1915 1539 1985 quod
1562 1933 1580 1970 a
1601 1916 1744 1986 plerisque

302 2021 463 2075 responsum
486 2007 530 2059 est
560 2017 637 2072 oum,
664 2003 728 2072 qui¹
752 2003 882 2057 maiorem
905 2019 1039 2058 summam
1063 2019 1145 2074 quam
1169 2007 1282 2074 rogatus
1306 2009 1365 2059 erat
1388 2002 1583 2074 lidciussiaset,
1608 2003 1744 2061 hactenus

302 2092 424 2148 mandati
442 2095 576 2148 actionem
596 2091 704 2160 habere,
724 2096 859 2160 quatenus
877 2098 990 2161 rogatus
1008 2101 1090 2161 esset,
1109 2093 1174 2163 quia
1192 2092 1220 2146 id
1238 2089 1357 2162 iecisset,
1377 2091 1451 2161 quod
1463 2093 1624 2148 mandatum
1638 2095 1665 2148 ei
1683 2099 1743 2150 est:
1762 2110 1790 2150 ιι

303 2199 366 2238 uam
384 2197 471 2252 usque
489 2181 524 2236 ad
537 2196 598 2236 eam
611 2197 754 2249 summum,
772 2182 801 2235 in
813 2196 895 2250 qnam
910 2184 1024 2250 rogatus
1037 2185 1104 2251 erat,
1122 2180 1204 2236 iidem
1218 2181 1277 2235 eius
1290 2185 1430 2250 spectasse
1442 2180 1553 2236 uidetur
1561 2181 1609 2251 qui
1621 2183 1743 2250 rogauit.

246 2269 286 2327 34
357 2270 534 2327 Asusamus
557 2269 626 2325 libro
648 2273 748 2325 octauo
771 2270 970 2339 quaestionum.
1008 2269 1060 2336 Qui
1078 2269 1189 2339 negotia
1206 2269 1285 2324 Lucii
1303 2269 1369 2324 Titii
1389 2267 1562 2341 promanabat
1582 2266 1783 2353 [iffqfiais

302 2359 335 2428 is,
354 2375 415 2414 oum
434 2375 451 2413 a
469 2356 638 2413 debitoribus
657 2357 716 2413 eius
733 2357 878 2428 pecuniam
897 2358 1049 2428 exegisset,
1073 2358 1217 2428 epistulam
1236 2357 1272 2412 od
1290 2373 1352 2412 eum
1371 2357 1476 2427 emisit,
1499 2373 1555 2427 qua
1572 2349 1745 2428 sigmhcm'fft

303 2453 406 2504 certam
423 2463 557 2502 summam
576 2463 610 2502 ex
628 2445 864 2504 administratione
883 2446 957 2517 apud
974 2461 1004 2502 so
1023 2461 1085 2502 esse
1103 2462 1219 2516 eamque
1237 2445 1369 2502 creditam
1387 2446 1440 2501 sibi
1458 2461 1488 2502 se
1502 2445 1660 2503 debiturum
1678 2465 1744 2506 cum

303 2538 393 2592 nands
410 2536 584 2592 semissibus:
603 2536 757 2605 quaesitum
776 2539 826 2605 est,
845 2551 882 2590 un
899 2551 935 2590 ex
951 2550 986 2590 ea
1003 2550 1087 2590 causa
1105 2535 1210 2591 eredita
1226 2535 1343 2605 pecunia
1359 2535 1417 2605 peti
1434 2535 1524 2605 possit
1541 2541 1569 2589 et
1586 2551 1622 2592 an
1640 2553 1745 2594 usuras
1764 2553 1794 2594 as

302 2625 360 2695 peti
382 2625 497 2695 possint
526 2624 667 2695 respondit
690 2639 745 2680 non
769 2639 831 2679 esse
855 2623 999 2679 creditam:
1024 2624 1144 2692 alioquin
1167 2622 1312 2679 dicendum
1338 2638 1373 2678 ex
1400 2623 1474 2679 omni
1501 2631 1644 2681 contactu
1667 2627 1746 2684 nuda

302 2714 429 2785 pactione
446 2714 591 2784 pecuniam
609 2712 741 2768 creditam
759 2711 817 2768 lieri
834 2727 926 2782 posse.
953 2727 1004 2768 nec
1022 2710 1085 2767 huic
1103 2713 1190 2768 simile
1209 2727 1284 2782 esse,
1301 2712 1390 2784 quod,
1414 2714 1438 2769 si
1455 2715 1601 2786 pecuniam
1619 2717 1696 2786 apud
1714 2723 1746 2774 ts

303 2801 455 2873 depositam
473 2802 632 2859 conuenerit
649 2807 681 2858 ut
698 2801 830 2858 creditam
848 2800 964 2871 habeas,
988 2801 1094 2856 credita
1115 2800 1176 2871 fist,
1199 2802 1265 2870 quia
1287 2806 1353 2856 tuno
1375 2803 1491 2872 nummi,
1515 2803 1563 2872 qui
1581 2806 1636 2860 mei
1654 2813 1745 2877 erant,

302 2892 343 2948 tui
361 2889 443 2946 liunt:
461 2892 527 2946 itum
545 2891 627 2961 quod,
647 2891 670 2947 si
687 2907 706 2947 a
724 2890 847 2946 debitore
866 2905 928 2946 meo
946 2890 1052 2946 iussem
1069 2895 1098 2948 te
1116 2891 1240 2961 accipere
1258 2891 1411 2961 pecuniam,
1430 2891 1535 2948 credita
1546 2890 1604 2962 liat,
1623 2893 1652 2950 id
1666 2897 1746 2952 enim

245 3027 249 3034 .
302 2978 421 3051 benigne
438 2983 579 3050 receptum
598 2984 649 3034 est.
676 2979 719 3034 his
737 2984 928 3049 argumentum
947 2994 1008 3036 esse
1026 2994 1098 3049 eum,
1118 2980 1173 3048 qui,
1192 2994 1254 3034 cum
1272 2985 1397 3034 mutuam
1408 2979 1552 3049 pecuniam
1565 2981 1631 3036 darc
1648 2985 1746 3054 uellet,
1766 2997 1797 3039 aa

303 3075 447 3140 argentum
479 3067 652 3124 uendendum
681 3068 815 3138 dedisset,
847 3067 930 3124 nihilo
957 3069 1046 3138 magis
1074 3068 1218 3138 pecuniam
1250 3067 1382 3122 creditam
1412 3071 1486 3124 recte
1518 3069 1684 3138 petiturum:
1715 3079 1748 3129 et

301 3162 395 3214 mmor
412 3157 557 3228 pecuniam
576 3172 611 3212 ex
628 3163 743 3226 argento
762 3157 902 3212 redactam
919 3157 1042 3226 periculo
1065 3157 1125 3211 eius
1140 3154 1215 3225 iore,
1238 3157 1287 3226 qui
1308 3157 1462 3227 accepisset
1484 3163 1639 3227 argentum.
1665 3165 1698 3216 et
1715 3163 1748 3217 in

301 3247 443 3318 proposito
461 3247 545 3316 igitur
563 3245 709 3300 dicendum
727 3246 835 3301 actione
854 3244 977 3300 mandati
988 3243 1140 3314 obligatum
1155 3243 1213 3300 iore
1225 3250 1437 3316 procuratorem,
1456 3250 1495 3317 ut,
1514 3249 1641 3317 quamuis
1653 3249 1748 3319 ipsius

271 3350 282 3395 1
302 3336 422 3406 periculo
441 3335 545 3390 nummi
562 3331 659 3390 iterent
676 3338 786 3390 tumen⁴
804 3349 912 3404 usuras,
930 3331 1083 3402 dequibus
1101 3334 1266 3404 conuenerit,
1284 3339 1425 3404 praestaro
1442 3333 1552 3391 debeat
1580 3336 1649 3392 Cum
1661 3337 1750 3394 heros
1771 3352 1802 3392 ar

302 3438 337 3481 ox
354 3429 433 3494 parte
452 3438 536 3494 esses,
555 3423 684 3479 maudaui
701 3421 761 3492 tibi,
779 3428 811 3477 ut
827 3423 970 3493 praedium
991 3423 1001 3492 ll
1019 3421 1211 3478 hereditarium
1230 3421 1296 3478 mihi
1314 3437 1413 3478 erueres
1430 3429 1506 3478 certo
1517 3425 1623 3494 pretio:
1641 3427 1749 3482 emisti.
1768 3433 1847 3482 teto

301 3528 351 3584 pro
374 3510 539 3568 coheredum
562 3511 672 3581 quidem
696 3509 821 3580 partibus
844 3526 899 3566 non
922 3509 1005 3566 dubio
1029 3510 1151 3566 mandati
1174 3511 1245 3566 actio
1269 3517 1312 3567 est
1333 3513 1405 3568 inter
1426 3528 1485 3568 nos.
1512 3529 1563 3582 pro
1580 3519 1631 3569 tna
1647 3519 1751 3572 autem

301 3606 379 3671 parte
397 3613 480 3670 posse
497 3599 617 3655 dubitari
634 3601 686 3668 ait,
710 3605 838 3655 utrumne
863 3604 1014 3669 exempto
1038 3615 1072 3654 aa
1095 3597 1217 3654 mandati
1240 3601 1286 3669 ogi
1310 3605 1450 3670 oporteat:
1473 3616 1562 3671 noque
1585 3604 1658 3658 onim
1683 3605 1754 3662 sine

302 3689 407 3745 ratione
429 3705 508 3760 quem
531 3689 750 3744 existimaturum
774 3703 824 3758 pro
848 3688 900 3744 hac
922 3693 1000 3758 parte
1023 3687 1075 3744 sub
1099 3687 1258 3744 condicione
1276 3694 1443 3746 contractam
1461 3691 1637 3760 emptionem.
1665 3693 1754 3763 quod

302 3795 414 3862 rrae
431 3796 526 3868 apsaro
543 3793 654 3862 ervo)

304 3957 430 4024 ¹postea
446 3953 530 4008 cum?
618 3953 813 4023 'quicumque
836 3955 882 4037 del.
902 3953 989 4018 (Hats
1012 3973 1091 4038 aequa
1113 3961 1253 4025 apamensi
1276 3955 1305 4007 id
1323 3953 1430 4023 Graeci)
1517 3955 1576 4010 'in
1595 3964 1642 4010 im.
1660 3957 1756 4026 (edri.)

302 4026 313 4060 ⁴
330 4029 542 4096 procuratorem,
560 4025 687 4094 quamuis
705 4025 791 4094 ipsius
808 4025 930 4094 periculo
948 4040 1052 4080 numm:
1070 4023 1180 4080 fierent:
1198 4025 1358 4080 attamen?

302 4167 447 4220 3seruum
466 4165 725 4221 manumittetur?
769 4165 941 4221 bactionem
954 4165 994 4220 P·
1047 4175 1132 4221 tenear
1156 4164 1204 4220 rio
1226 4165 1360 4231 Ῡιιὸιιτογι
1384 4166 1557 4238 stupououiao
1578 4165 1758 4228 iusroeAOeira

302 4237 458 4306 isoscepit
469 4237 525 4290 PV
566 4236 701 4305 liessem]
712 4236 808 4309 fPiU,
826 4251 889 4292 esso
905 4237 934 4292 in
946 4237 994 4301 1³⁰,
1048 4240 1086 4292 sai
1101 4237 1246 4300 iuoseiurar
1264 4239 1296 4307 τῇ
1309 4239 1365 4308 περὶ
1375 4237 1485 4293 errores
1493 4235 1580 4308 ἆῐωῐιζι
1594 4239 1759 4308 Biduum.)

301 4321 363 4362 esse
387 4309 413 4361 F
467 4309 501 4362 10
523 4307 547 4361 si
570 4307 641 4376 quis]
666 4323 752 4377 squas
775 4309 813 4362 F·
837 4309 842 4375 1
869 4307 992 4377 repellat]
1049 4310 1081 4363 17
1106 4308 1179 4363 idem
1202 4328 1251 4363 em.
1275 4317 1301 4362 r'a
1323 4309 1482 4380 212.an
1508 4311 1568 4364 ‘18
1591 4309 1666 4378 quod
1694 4313 1760 4368 a'd'

293 4377 375 4454 sPU,
393 4379 509 4446 repellet
524 4379 551 4431 F
601 4381 632 4433 ll
652 4379 689 4433 illi
702 4378 812 4447 damno]
831 4379 882 4434 tibi
900 4379 994 4449 damp-
1047 4381 1114 4449 pler.
1133 4381 1159 4433 F
1205 4381 1238 4434 19
1257 4379 1325 4448 crat]
1344 4381 1381 4435 sit
1398 4380 1425 4433 P
1470 4381 1505 4434 ᾗ
1523 4378 1673 4451 ahimaas]
1696 4383 1764 4439 PU

301 4465 367 4504 num
386 4448 413 4501 P
464 4451 498 4504 12
522 4453 550 4502 et
567 4449 605 4518 in]
629 4450 687 4515 PV,
712 4451 739 4505 iu
758 4449 818 4504 FU·
872 4451 906 4505 14
923 4450 994 4520 quis]
1048 4471 1104 4506 cum
1122 4451 1158 4516 B,
1176 4461 1266 4506 omia
1283 4452 1428 4522 φησι]
1467 4451 1501 4505 23
1519 4452 1613 4506 emhis
1627 4454 1674 4518 F',
1698 4456 1761 4511 mi·

301 4519 994 4590 quaePluelpraeseus1PVUramB(Anon.):
1048 4521 1133 4576 siti]
1181 4523 1216 4576 26
1233 4526 1350 4592 possum
1375 4521 1466 4588 P⁰Vl
1487 4523 1569 4591 omnil
1594 4524 1654 4578 eius
1674 4525 1767 4580 ΡΨ

303 4591 317 4646 ir
342 4592 381 4645 sui
404 4590 495 4660 nupsbu
520 4591 534 4642 ir
558 4592 596 4644 usi
620 4590 695 4646 indua
718 4592 860 4646 ’cursitaret
883 4599 906 4646 et
930 4592 993 4647 Rs:
1046 4594 1081 4648 29
1100 4593 1173 4662 quod
1191 4593 1332 4647 ooaPVU
1383 4593 1419 4648 30
1436 4595 1553 4662 aenigne
1572 4595 1620 4647 Ρ*
1636 4595 1641 4661 Ι
1658 4611 1763 4664 pecu-

302 4662 384 4717 ιἰιιὲκ
397 4660 471 4727 ersis
485 4660 550 4733 πρὸς
567 4662 683 4734 uspours
696 4665 797 4728 riserat,
816 4663 848 4717 τὸ
860 4663 993 4718 uicturos
1045 4665 1192 4728 niuflem.
1272 4663 1457 4720 tuetomffl·
1502 4665 1693 4722 macriorem
1712 4669 1765 4724 P·

301 4732 331 4788 te
345 4731 583 4803 stirpiniacum,
597 4735 684 4788 om.F
732 4735 767 4788 15
781 4735 863 4804 uolgo
876 4755 924 4788 orn.
934 4735 991 4804 Ρ·Ι
1047 4735 1082 4789 34
1099 4733 1196 4790 fierent
1224 4743 1332 4805 seipsi:
1355 4733 1444 4790 fierint
1461 4735 1507 4799 P',
1530 4731 1613 4790 ierim
1630 4737 1663 4799 F,
1688 4737 1764 4798 fue·

301 4805 433 4860 mandatu
456 4803 597 4866 (mandato
616 4804 709 4870 PVU)
731 4805 895 4860 oreditomm
917 4805 993 4860 here·
1047 4813 1109 4860 rant
1125 4806 1156 4872 V,
1174 4805 1275 4860 fuerint
1285 4803 1379 4881 sprU
1425 4806 1460 4861 35
1478 4807 1593 4875 emeres]
1615 4805 1671 4862 PU
1688 4831 1763 4868 m

301 4877 402 4932 ditatm
421 4876 489 4942 (PU,
502 4875 686 4950 bereditaesf,
701 4875 816 4931 heredes
827 4877 864 4945 F)
882 4891 993 4947 suspec·
1048 4878 1074 4933 Β
1088 4877 1210 4946 (amp
1230 4877 1427 4948 stapououraioa
1446 4875 1524 4948 inspira
1539 4875 1672 4948 tropicae
1697 4901 1763 4950 asor,

301 4955 345 5004 tas
363 4947 440 5016 adiri,
459 4962 528 5016 qnos
546 4947 659 5012 (PlVU,
677 4947 798 5016 quisP·,
816 4947 939 5017 quodl')
957 4965 993 5003 m.
1048 4945 1127 5004 heres
1145 4949 1171 5001 F
1209 4949 1244 5004 37
1262 4947 1306 5017 an]
1321 4947 1380 5012 PU,
1397 4949 1452 5004 aF
1489 4948 1525 5002 38
1542 4949 1635 5019 quom]
1644 4951 1765 5023 sPU·,

301 5017 663 5089 heptadaemon
688 5019 728 5074 :bo
751 5020 880 5076 haustorsi
905 5017 993 5080 iuuit·
1047 5034 1101 5090 quo
1119 5020 1148 5086 1²,
1166 5034 1330 5091 quemquam
1352 5018 1387 5076 Π*
