3812 5598
292 222 441 291 XXVIHI
461 225 481 289 2
504 228 620 283 30-37
966 211 1054 292 880
1345 233 1392 280 ur
1414 231 1641 288 anoumnuus
1662 229 1729 277 usu

260 387 274 433 s
293 397 347 436 non
372 380 511 450 adquiret,
535 379 559 434 si
582 393 611 432 se
635 380 716 446 putet
732 379 924 446 praegnatem,
948 389 1011 430 eum
1029 388 1083 427 non
1102 371 1146 427 sit
1183 369 1269 426 Suum
1287 369 1416 426 heredem
1433 373 1538 426 certum
1556 372 1600 426 cst
1617 383 1651 424 ex
1669 381 1730 422 asse

294 469 421 524 heredem
440 483 511 537 esse,
531 467 582 521 etsi
599 470 681 536 putet
699 481 761 522 esse
779 469 958 535 praegnatem
977 463 1126 531 mulierem,
1145 475 1216 530 quae
1235 475 1291 516 non
1309 465 1353 515 est
1363 473 1509 529 praegnas.
1535 457 1602 529 quid
1613 458 1637 512 si
1648 471 1731 512 uuum

293 559 321 613 iu
346 563 423 613 utero
447 555 561 626 habeat,
586 572 621 611 au
645 571 679 611 ex
696 560 775 626 purte
794 553 907 608 dimidia
925 553 961 607 sit
978 551 1070 620 heres,
1094 551 1152 605 siue
1171 549 1326 605 institutum
1343 553 1503 618 postumum
1519 562 1657 617 proponas
1673 546 1732 602 siue

293 647 453 702 intestatum
477 650 584 715 patrem
607 643 781 700 decessisse?
806 642 880 712 quod
903 645 932 696 et
956 639 1070 696 Sextum
1093 639 1269 708 Pomponium
1293 638 1434 708 opinatum
1457 637 1643 692 Tertullianus
1665 633 1733 690 libro

294 741 391 804 quarto
409 735 600 804 quaestionum
618 732 715 789 refert:
733 736 847 804 putasse
866 731 947 800 enim,
966 730 1047 784 sicuti
1065 733 1142 784 cuml
1161 743 1250 783 uacuo
1269 733 1347 782 utero
1366 741 1433 782 suus
1451 741 1486 780 ex
1505 739 1567 780 asse
1585 724 1666 779 heres
1683 728 1733 790 est,
1751 730 1764 771 ι

293 825 378 879 itaet
396 839 457 878 curn
476 840 559 878 unum
579 823 651 892 gerit
666 837 719 877 nec
736 837 785 891 per
802 825 929 876 naturam
947 817 1082 872 humanae
1100 817 1268 872 condicionis
1287 816 1369 870 alium
1387 818 1497 885 partum
1515 811 1633 869 formam
1644 817 1748 882 potest·

294 912 383 982 (quod
402 911 512 980 quidem
536 917 602 982 post
619 918 723 967 certum
741 914 851 980 tempus
870 909 1056 978 conceptionis
1074 907 1214 974 eueniet),
1238 920 1274 960 ex
1290 909 1369 975 parte
1388 903 1501 958 dimidia
1518 908 1548 958 et
1563 903 1735 971 ignorantem

261 1009 274 1054 7
293 999 352 1057 fore
369 1000 507 1070 heredem,
526 1015 581 1056 non
599 1016 634 1056 ex
652 1005 759 1070 quarta,
777 1004 810 1053 ut
826 999 948 1054 Iulianus
960 1002 1048 1068 putat.
1085 995 1206 1052 Scieutia
1217 999 1309 1050 autern
1321 993 1366 1048 uel
1380 992 1480 1062 opinio,
1499 992 1523 1046 si
1535 990 1607 1046 filius
1619 989 1736 1046 sanitas

294 1092 339 1147 uel
357 1106 454 1145 seruus
471 1089 591 1144 instituti
609 1095 680 1158 sunt,
700 1093 791 1142 utrum
809 1088 932 1157 ipsorum
950 1103 986 1142 an
1003 1085 1107 1142 domini
1124 1086 1169 1141 uel
1186 1084 1273 1154 petris
1291 1080 1452 1151 accipienda
1468 1080 1523 1136 sit?
1541 1078 1615 1149 tinge
1630 1084 1736 1150 patrem

293 1183 408 1250 putasse
431 1184 624 1249 praegnatem,
647 1176 731 1232 tilium
756 1182 861 1230 certum
889 1191 950 1232 esse
978 1173 1081 1244 tingere
1104 1173 1196 1228 etsie
1220 1172 1308 1242 adire,
1331 1187 1367 1226 au
1390 1169 1518 1238 adquirat
1536 1165 1737 1224 hereditatem?
1754 1175 1780 1215 rt

261 1277 275 1322 8
293 1275 361 1339 puto
385 1267 542 1337 adquirere:
568 1266 618 1321 sed
641 1268 737 1320 contra
760 1279 814 1320 non
838 1265 990 1335 adquirere.
1028 1263 1057 1319 Si
1081 1267 1173 1318 certus
1191 1277 1251 1316 sum
1270 1275 1325 1314 nou
1343 1274 1405 1314 esse
1423 1257 1523 1313 laisum
1539 1261 1736 1314 testamentum

295 1360 339 1415 uel
357 1359 463 1413 irritum
482 1357 526 1411 uel
545 1358 663 1424 ruptum,
682 1354 746 1409 licet
763 1353 871 1409 dicatur
889 1369 958 1424 csse,
977 1369 1089 1422 possum
1108 1351 1184 1406 adire
1201 1349 1390 1405 hereditatem.

238 1445 275 1502 3ι
348 1447 467 1502 Psunus
485 1443 554 1499 libro
572 1441 694 1499 seeundo
713 1443 749 1498 ad
762 1441 902 1498 Sabinum.
940 1442 1042 1497 Heredi
1059 1457 1121 1496 cum
1140 1445 1269 1510 postumo
1286 1436 1545 1506 institutoreliquae
1563 1432 1738 1518 [sequtus
1769 1437 1788 1490 S

294 1540 387 1604 partes
411 1533 587 1603 adcrescunt,
612 1547 683 1602 quae
706 1538 836 1602 postumo
860 1533 941 1588 datae
966 1536 1044 1601 sunt,
1067 1530 1091 1585 si
1114 1534 1218 1585 certum
1238 1527 1347 1582 sitnon
1370 1540 1433 1580 esse
1456 1529 1653 1595 praegnatem,
1676 1523 1740 1578 h'cet

295 1623 374 1678 heres
395 1623 512 1692 ignoret.
1758 1619 1783 1660 ιι

238 1706 277 1765 32
350 1712 500 1767 Unarauus
522 1709 592 1766 libro
615 1715 715 1766 octauo
739 1710 775 1765 ad
794 1709 934 1766 Sabinum.
970 1709 1058 1762 Heres
1080 1707 1225 1762 institutus
1245 1705 1270 1760 si
1287 1708 1366 1775 putet
1384 1707 1545 1760 testatorem
1565 1686 1740 1774 Q
1770 1692 1790 1746 S

263 1806 276 1851 1
296 1802 398 1870 uiuere,
417 1799 544 1869 quamuis
561 1799 615 1854 iam
634 1797 782 1854 defunctus
800 1800 843 1867 sit,
863 1798 939 1853 adire
950 1796 1130 1852 hereditatem
1142 1812 1197 1851 non
1210 1798 1310 1865 potest
1341 1791 1438 1849 Sedet
1456 1785 1740 1876 [ffffiaffiifffl

295 1889 320 1945 si
337 1889 390 1944 seit
407 1903 438 1944 se
456 1887 583 1943 heredem
601 1887 766 1956 institutum,
784 1886 834 1941 sed
851 1890 943 1941 utrum
961 1901 1029 1955 pure
1047 1901 1082 1940 an
1100 1883 1152 1939 sub
1170 1882 1331 1939 condicione
1347 1883 1464 1952 ignoret,
1483 1896 1538 1936 non
1550 1881 1655 1950 poterit
1667 1878 1742 1934 adire

263 1985 277 2030 t
295 1977 484 2047 hereditatem,
502 1977 567 2031 licet
583 1991 651 2046 pure
669 1974 749 2030 heres
767 1976 910 2030 institutus
928 1975 972 2044 sit,
992 1979 1019 2029 ct
1037 1972 1089 2029 sub
1107 1973 1267 2028 condicione
1279 1972 1344 2027 licet
1355 1971 1478 2041 paruerit
1489 1968 1656 2024 condicioni.
1687 1965 1742 2022 Sed

296 2071 325 2122 et
342 2067 366 2121 si
384 2066 419 2121 de
438 2065 598 2120 condicione
615 2064 757 2120 testatoris
774 2065 895 2119 incertus
913 2063 963 2134 sit,
980 2067 1059 2133 pater
1076 2060 1193 2116 familias
1212 2077 1247 2117 au
1266 2060 1337 2117 filius
1355 2060 1473 2116 familias
1491 2059 1541 2128 slt,
1565 2073 1622 2112 uon
1641 2057 1742 2126 poterit
1759 2061 1786 2102 ¹⁰

296 2155 372 2210 adire
389 2153 579 2223 hereditatem,
598 2155 650 2209 etsi
668 2155 727 2210 eiua
746 2153 914 2210 condicionis
931 2152 968 2208 sit
985 2153 1014 2207 in
1031 2152 1157 2221 ueritate,
1176 2155 1207 2206 ut
1225 2151 1321 2206 testari
1338 2150 1465 2220 potuerit.

240 2241 278 2300 33
349 2245 469 2299 Paunus
492 2242 562 2298 libro
586 2242 748 2299 duodecimo
772 2242 807 2297 ad
826 2242 971 2297 Plautium.
1009 2240 1088 2306 Quod
1112 2241 1136 2296 si
1154 2239 1274 2311 dubitet,
1294 2239 1368 2310 apud
1385 2239 1480 2294 hostes
1498 2237 1545 2292 de·
1565 2229 1742 2318 [Q
1760 2231 1797 2287 Ἐ

297 2332 381 2389 cessit
403 2349 440 2388 an
461 2332 530 2386 ciuis
554 2332 708 2402 Romanus,
733 2332 861 2402 quoniam
885 2335 1002 2400 utroque
1025 2345 1091 2385 casu
1116 2335 1160 2385 est
1182 2329 1225 2384 ius
1243 2327 1363 2384 adeundi
1382 2334 1411 2384 et
1427 2328 1456 2382 in
1473 2341 1503 2382 re
1522 2329 1579 2396 est,
1604 2330 1638 2380 ut
1655 2324 1743 2395 possit

297 2421 381 2491 adire,
400 2421 545 2479 dicendum
564 2425 608 2476 est
625 2436 707 2491 posse
725 2421 809 2476 adire.
1760 2417 1787 2457 ¹⁴

240 2508 279 2567 34
352 2509 501 2565 Unrrauus
518 2509 588 2566 libro
606 2515 705 2566 octauo
724 2509 759 2565 ad
778 2508 918 2565 Sabinum.
955 2507 1011 2564 Sed
1029 2511 1058 2562 et
1075 2507 1099 2562 si
1117 2506 1152 2561 de
1170 2522 1221 2561 sua
1238 2505 1399 2562 condicione
1417 2505 1479 2575 quis
1497 2503 1545 2560 du·
1566 2497 1744 2587 [3ιῖζῇ
1773 2499 1792 2552 S

296 2599 379 2669 bitet,
403 2613 439 2654 an
456 2597 528 2654 filius
546 2597 663 2656 familias
681 2599 732 2669 sit,
755 2612 838 2668 posse
856 2613 919 2652 eum
937 2596 1081 2667 adquirere
1098 2595 1278 2652 hereditatem
1296 2595 1351 2650 ιιιιι
1369 2593 1473 2650 dictum
1492 2599 1543 2650 est
1572 2610 1621 2649 our
1641 2581 1743 2669 inem,

297 2689 321 2744 si
339 2703 418 2743 suam
435 2687 544 2756 ignoret
562 2687 765 2758 condicionem,
790 2687 866 2742 adire
883 2691 984 2757 potest,
1002 2685 1027 2740 si
1044 2684 1197 2753 testatoris,
1221 2699 1277 2739 non
1294 2683 1406 2753 potest?
1428 2683 1475 2738 illa
1493 2683 1564 2739 ratio
1588 2687 1647 2752 est,
1671 2681 1744 2752 quod

297 2777 345 2847 qui
363 2776 551 2832 condicionem
568 2777 710 2832 testatoris
727 2777 849 2845 ignorat,
873 2791 909 2830 an
926 2775 1020 2832 ualeat
1036 2778 1231 2829 testamentum
1252 2771 1374 2842 dubitat,
1398 2772 1446 2841 qui
1464 2771 1498 2826 de
1516 2787 1581 2841 sua,
1604 2771 1644 2826 de
1662 2777 1744 2826 testa·

266 2874 278 2918 1
298 2869 391 2922 mento
409 2869 501 2920 certus
519 2870 570 2921 est
607 2864 663 2921 Sed
681 2865 751 2920 etsi
769 2880 832 2920 eum
850 2868 925 2920 esset
942 2879 1009 2934 pure
1027 2863 1182 2932 institutus,
1206 2861 1317 2932 putauit
1334 2859 1386 2916 sub
1404 2860 1566 2916 condicione
1583 2863 1613 2914 et
1632 2860 1746 2930 impleta

298 2955 467 3024 condicione,
486 2969 568 3024 quarn
587 2953 733 3009 iniectam·
744 2953 862 3024 putauit,
881 2953 957 3022 adiit,
976 2968 1012 3007 an
1029 2951 1118 3022 possit
1134 2950 1278 3020 adquirere
1296 2948 1497 3006 hereditatem?
1515 2963 1693 3018 consequeus
1704 2953 1746 3004 est
1763 2947 1788 2988 ³⁰

298 3043 389 3100 dicere
412 3057 494 3113 posse
518 3058 581 3100 eum
605 3043 695 3112 adire,
720 3042 838 3098 mammo
862 3057 924 3097 cunr
949 3040 1017 3096 haec
1040 3039 1161 3110 suspicio
1182 3038 1248 3094 nihil
1267 3039 1308 3094 ιι1
1327 3038 1438 3095 offuerit
1454 3053 1507 3093 noc
1524 3038 1681 3108 perieulum
1700 3037 1746 3092 sd-

297 3133 399 3188 tulerit
429 3130 536 3188 tuoilius
553 3133 616 3202 quis
634 3131 775 3202 admittet,
794 3131 818 3186 si
836 3131 898 3200 quis
915 3145 984 3200 pure
1001 3129 1143 3184 institutus
1160 3127 1270 3199 putauit
1287 3143 1317 3183 se
1335 3126 1388 3184 sub
1406 3127 1568 3184 condicione
1586 3127 1747 3182 instihrtum

299 3221 542 3291 condicionemque
560 3220 701 3291 impletam
719 3220 820 3289 qnam‘
837 3219 866 3274 in
884 3223 1013 3275 euentum
1032 3216 1162 3288 putabat:
1182 3233 1245 3272 narn
1263 3216 1292 3272 iu
1309 3217 1384 3272 nullo
1401 3215 1470 3272 haec
1488 3215 1609 3285 suspicio
1628 3215 1721 3270 offuit

149 3387 152 3392 .
242 3307 281 3368 35
353 3309 503 3366 Unrrnuus
520 3308 589 3365 libro
608 3324 679 3366 nono
697 3309 733 3364 ad
751 3306 893 3364 Sabinum.
929 3306 959 3362 Si
977 3307 1039 3376 quis
1056 3306 1135 3362 heres
1153 3305 1295 3362 institutus
1316 3320 1351 3360 ea
1368 3311 1460 3375 parte,
1485 3319 1550 3360 mox
1568 3297 1793 3387 [Βῖῐιῖιῖιῑδ

299 3398 373 3454 Titio
385 3397 560 3468 substitutus,
574 3403 721 3469 antequam
732 3413 768 3454 ex
783 3411 867 3452 causa
877 3394 1079 3452 substitutionis
1091 3395 1117 3450 ei
1129 3391 1267 3450 deteratur
1279 3393 1425 3464 hereditas,
1439 3409 1489 3463 pro
1502 3393 1603 3448 herede
1616 3393 1746 3463 gesserh,
1763 3393 1789 3435 ιι

300 3487 353 3543 erit
368 3485 448 3542 heres
466 3501 501 3542 ex
519 3502 603 3542 causa
620 3502 729 3557 quoque
747 3484 959 3554 substitutionis,
977 3484 1106 3554 quoniam
1125 3483 1212 3539 inuito
1230 3497 1339 3552 quoque
1357 3483 1384 3537 ei
1396 3481 1532 3538 adcrescit
1543 3482 1645 3552 portic.
1674 3481 1746 3537 idern

299 3575 361 3632 dico
379 3581 408 3631 et
426 3576 450 3630 si
466 3574 538 3631 lilius
556 3574 674 3631 familias
691 3575 737 3632 uel
755 3589 853 3630 seruus
870 3575 947 3629 iussu
966 3573 1069 3628 domiui
1080 3573 1126 3628 uel
1137 3573 1224 3642 patris
1236 3571 1353 3626 adierint
1364 3570 1555 3641 hereditatem,
1575 3585 1642 3626 mox
1653 3587 1746 3626 emau-

300 3664 408 3734 cipatus
426 3665 471 3719 uel
490 3664 729 3720 manumissores
747 3678 831 3720 musa
848 3661 1051 3718 substitutionis
1070 3661 1184 3718 adeant:
1204 3666 1284 3716 erunt
1295 3675 1413 3730 namque
1425 3658 1573 3715 heredes‘:
1593 3665 1662 3715 sunt
1674 3660 1746 3714 euim

268 3761 281 3806 1
301 3752 467 3824 appendices
485 3753 674 3822 praecedentis
692 3751 880 3808 institutionis.
917 3749 947 3806 Si
965 3751 1093 3808 exclusus
1110 3766 1161 3821 per
1178 3747 1366 3806 condicionem
1384 3747 1438 3803 sibi
1455 3747 1549 3802 ιιιιιιιι
1567 3753 1650 3818 pater
1662 3747 1747 3804 tilium

268 3849 283 3896 s
301 3841 382 3897 iussit
403 3840 491 3910 adire,
516 3840 663 3896 dicendum
685 3841 738 3897 erit
761 3855 823 3896 enm
848 3855 904 3895 non
927 3840 1069 3910 quaesisse
1090 3853 1168 3894 suam
1186 3838 1348 3909 portionem.
1385 3835 1442 3892 Sed
1459 3837 1484 3892 si
1501 3851 1537 3892 ex
1554 3835 1667 3892 duobus
1685 3835 1747 3892 filiis
1763 3837 1788 3876 *ι

301 3943 386 3986 unum
403 3929 521 4000 iusserit,
540 3928 653 3985 debebit
670 3935 698 3986 st
715 3929 798 3985 ahom
815 3927 902 3984 tilium
919 3928 1013 3984 iubere
1032 3928 1117 3984 adire.

244 4018 284 4078 36
355 4018 527 4074 Postremus
549 4017 620 4074 libro
641 4019 723 4075 tertio
747 4016 784 4073 ad
801 4015 944 4073 Sabinum.
980 4015 1010 4072 Si
1034 4031 1069 4072 cx
1093 4031 1144 4072 sua
1165 4019 1244 4086 parte
1264 4015 1392 4070 dominus
1409 4013 1455 4069 uel
1471 4017 1551 4084 pater
1569 4009 1746 4098 Q
1775 4009 1794 4062 S

301 4106 408 4176 adierit,
427 4106 611 4163 necessarium
629 4112 673 4164 est
690 4107 804 4178 iussum,
822 4113 854 4163 nt
871 4105 944 4162 filius
961 4106 1006 4161 uel
1024 4121 1122 4162 seruus
1140 4103 1288 4160 coheredes
1306 4102 1416 4158 adeant

245 4195 284 4255 37
353 4195 432 4250 Ιιιιιι
454 4194 523 4252 libro
546 4189 641 4267 quin'to
665 4196 701 4251 ad
719 4195 860 4252 Sabinum.
886 4196 983 4258 ¹Heres
1008 4195 1037 4250 in
1059 4209 1141 4250 omne
1164 4193 1208 4248 ius
1231 4191 1345 4262 mortui,
1369 4206 1424 4246 nou
1442 4195 1550 4246 tautum
1568 4188 1745 4276 [Batitas
1775 4185 1795 4240 8

301 4283 471 4354 siugrrlarum
493 4300 585 4342 rerum
607 4285 758 4342 dominium
782 4284 919 4354 succedit,
942 4298 1006 4340 curu
1028 4289 1057 4339 et
1080 4297 1128 4354 ea,
1151 4297 1223 4353 qnae
1246 4281 1275 4337 in
1293 4279 1448 4337 nominibus
1466 4281 1536 4350 sint,
1559 4282 1597 4337 ad
1614 4281 1745 4338 heredem
1763 4281 1790 4328 ιι

301 4377 452 4429 ιιιιιιιιιιι.

302 4460 526 4531 samuelo)

303 4588 394 4641 lcum
413 4587 460 4640 del.
524 4586 703 4640 ’iniunctam
722 4584 820 4654 (edd.)?
887 4582 1036 4655 ⁸uihillsi]
1054 4583 1108 4639 nisi
1126 4583 1151 4638 ei
1169 4582 1255 4638 nulli?
1318 4580 1452 4651 ‘queml
1513 4583 1524 4618 ¹
1534 4585 1625 4651 fatres
1642 4583 1746 4636 ardeas

300 4657 606 4799 ἓξὲρῶιιῗιέὃιῆιιιιιιιι
629 4671 747 4726 namque
770 4655 886 4712 heredes
912 4655 996 4712 nihilo
1023 4655 1126 4710 miuus:
1154 4673 1219 4726 quus
1244 4655 1422 4726 compilatores
1449 4653 1569 4706 uideatur
1599 4659 1746 4706 sarmatam

302 4851 519 4936 tpompouium]
535 4850 643 4917 WQIO,
656 4851 856 4936 proponimnl’,
869 4865 995 4920 propom·
1048 4851 1082 4905 21
1092 4849 1221 4919 potuerit]
1231 4850 1268 4912 D,
1276 4848 1378 4919 poterit
1386 4848 1441 4914 ιιι,
1450 4847 1540 4918 possit
1548 4846 1591 4900 10
1615 4847 1744 4930 ttltesta·

302 4937 415 4992 pomum
434 4922 472 4988 D,
490 4926 519 4978 et
535 4935 711 4992 pomponium
729 4921 757 4977 Ia*
769 4923 775 4990 Ι
791 4923 1000 4993 tertyllianusF
1048 4926 1143 4977 menta
1157 4926 1223 4976 cert
1237 4921 1272 4972 Ρ
1308 4921 1344 4974 33
1362 4919 1518 4988 putabitlw
1554 4917 1592 4972 et
1606 4913 1743 4986 ulpianus]

304 4993 571 5063 ιιοιιιιιιιιοιιιιιιι
609 4995 643 5049 10
654 4991 767 5064 fingere]
777 4995 835 5060 ΡΙ),
848 4992 921 5064 tinge
932 4994 998 5048 1310
1048 4993 1094 5058 ι’,
1106 4993 1179 5048 idern
1191 4992 1229 5046 Β*
1244 4993 1250 5061 l
1265 4991 1289 5046 si
1300 5010 1350 5046 om.
1360 4991 1396 5046 1²¹
1441 4991 1477 5046 39
1488 4985 1744 5046 *condicionemf’
