3720 5544
935 271 1068 340 XXXVI

160 452 249 524 signa·
336 448 552 519 Transponenda
579 447 714 503 uocabula
736 447 779 502 uel
806 451 942 502 commeta
964 447 1090 502 breuiora
1116 446 1281 502 denotantur
1308 446 1394 502 solitis
1424 444 1546 516 apicibus
1574 461 1656 515 super
1684 461 1717 501 eu

129 517 266 561 correctoria
282 555 394 626 positis,
423 559 454 610 ut
477 555 486 594 l
506 554 619 610 denotet
645 554 674 609 id
702 553 775 624 qnod
798 554 915 624 primum
941 553 1031 609 locum
1059 552 1181 609 obtinere
1209 552 1302 624 debet,
1331 554 1347 592 ¹¹
1372 559 1400 607 et
1423 553 1441 593 ¹1¹
1466 551 1540 621 qnod
1566 552 1716 608 secundum

283 667 313 717 et
334 661 475 717 tertium¹r
499 667 594 718 contra
617 661 741 731 longiora
763 661 854 731 capita
872 661 896 715 ei
910 675 970 745 'qua
987 659 1191 731 transponenda
1209 664 1287 729 sunt,
1310 658 1533 728 praescribuntur
1555 659 1588 714 iie
1610 659 1716 714 litterae

283 770 328 824 nel
345 769 437 839 potius
461 773 543 825 notae
561 770 715 824 numerales
734 767 864 824 Graecae.
894 767 966 823 male
984 767 1130 823 coniuncta
1147 771 1309 837 separantur
1327 767 1407 837 signo
1425 766 1552 836 apposito
1569 766 1621 835 7²,
1647 765 1716 820 male

283 880 412 947 separata
433 877 636 945 coniunguntur
657 876 710 946 ita,
734 880 765 930 ιιι
787 874 906 945 epatium
930 889 1073 945 perperam
1097 876 1220 931 relictum
1238 875 1311 930 linea
1328 873 1454 930 badncta
1472 873 1621 943 expleatur.
1646 873 1715 927 inse·

283 983 369 1039 rende
394 981 520 1053 qualibus
547 983 632 1052 signis
658 982 693 1038 ad
721 998 800 1037 suurn
826 983 916 1038 locum
942 986 1117 1052 reuocentur,
1145 981 1250 1052 figurae
1277 997 1359 1052 snpra
1385 980 1541 1051 propositae
1568 979 1715 1034 declarant.

283 1089 399 1146 delenda
418 1094 466 1146 ant
483 1089 723 1145 circumducuntur
740 1089 874 1160 appositis
892 1090 1027 1160 utrimque
1044 1089 1154 1145 sicilicis
1170 1090 1208 1129 <³
1227 1093 1269 1156 (ιιι
1281 1089 1359 1144 uides
1371 1088 1399 1142 in
1411 1089 1465 1144 nol.
1475 1085 1500 1141 ll
1513 1085 1607 1142 tabula
1618 1091 1716 1156 quartu

283 1199 308 1268 1,
321 1199 364 1254 26.
379 1199 438 1266 26);
457 1202 504 1252 aut
522 1202 717 1268 expunguntur
734 1196 844 1268 punctis
866 1196 901 1252 ad
922 1196 1026 1253 litterae
1045 1197 1191 1268 appositis,
1215 1202 1243 1252 et
1261 1197 1420 1267 plerumque
1438 1193 1549 1264 quidem
1567 1209 1650 1264 supra
1667 1207 1715 1248 eae

282 1307 325 1371 (nt
341 1305 421 1360 uides
438 1305 467 1360 in
485 1303 579 1360 tabula
597 1303 718 1360 secunda
736 1305 815 1375 2,1),
840 1304 927 1359 rarius
945 1302 1028 1376 infra,
1053 1303 1188 1359 interdum
1206 1307 1263 1359 tam
1282 1318 1365 1373 snpra
1382 1317 1464 1372 qnam
1482 1299 1584 1357 inlra⁸r
1609 1305 1658 1355 aut
1675 1299 1715 1354 in-

282 1410 420 1467 ducuntur
443 1413 485 1478 (nt
508 1410 586 1466 uides
609 1412 637 1466 in
661 1411 756 1468 tabula
778 1411 867 1482 prima
886 1413 910 1481 1,
922 1414 965 1478 2)ι
989 1427 1040 1466 nec
1064 1425 1125 1467 raro
1150 1410 1229 1466 simul
1248 1415 1276 1465 et
1294 1414 1487 1481 expunguntur
1505 1411 1533 1463 et
1548 1407 1715 1462 inducuntur

281 1521 324 1586 (ut
341 1518 419 1574 uides
437 1518 466 1573 in
483 1517 577 1574 tabula
594 1523 692 1587 quarta
710 1519 735 1588 2,
748 1519 785 1584 4).
814 1517 867 1572 tria
884 1518 951 1574 baec
967 1519 1047 1588 signa
1062 1517 1193 1574 deletcria
1205 1515 1368 1573 adhibentur
1380 1516 1453 1572 nullo
1466 1515 1620 1570 discrimine
1632 1513 1714 1584 lactc,

281 1625 334 1680 nisi
351 1625 426 1695 quod
445 1624 491 1681 ubi
508 1626 587 1696 plura
604 1624 721 1680 delenda
738 1628 840 1696 eseent,
859 1624 1050 1682 emendatores
1064 1625 1223 1696 plerumque
1238 1639 1272 1680 ea
1287 1623 1534 1693 circumduxerunt,
1552 1637 1586 1678 ne
1605 1621 1714 1677 euiden-

281 1732 350 1788 tiorc
368 1733 503 1788 deletione
520 1731 619 1788 librum
638 1729 830 1788 deformarent.
858 1730 960 1789 bonum
979 1731 1095 1804 lactum,
1116 1731 1189 1802 quod
1208 1736 1320 1802 propter
1337 1731 1499 1788 tenuitatem
1517 1730 1613 1800 opinor
1631 1743 1714 1784 mem-

281 1837 382 1894 branae
401 1853 462 1894 raro
482 1841 523 1906 (nt
540 1840 561 1909 Ι,
574 1841 635 1910 628,
649 1841 695 1907 28)
713 1839 822 1895 lituram
841 1837 978 1911 iecerunt,
999 1845 1031 1895 ut
1051 1854 1085 1894 ea
1105 1855 1214 1910 quoque
1232 1854 1302 1909 quae
1321 1838 1379 1894 tolli
1397 1838 1535 1894 iusserunt
1555 1836 1713 1906 plerumque

280 1961 335 2001 non
353 1943 498 2002 difficulter
514 1945 649 2016 legentur.
676 1947 787 2002 nonita
805 1961 867 2003 raro
885 1947 966 2001 ctiam
986 1945 1178 2002 eatieiecerunt
1189 1944 1242 2002 eibi
1254 1946 1389 2002 elemento
1400 1959 1443 2013 co,
1461 1943 1535 2013 quod
1547 1941 1714 1998 substituen-

281 2051 345 2108 dum
365 2057 432 2120 erat,
450 2053 529 2108 alteri
546 2052 663 2108 delendo
681 2053 890 2123 superscriptos
918 2067 968 2108 nos
987 2068 1049 2109 cum
1067 2054 1095 2108 in
1113 2053 1233 2109 editione
1251 2053 1347 2108 sedulo
1363 2051 1547 2120 indicarimus,
1566 2065 1634 2120 quas
1647 2063 1713 2119 quo-

280 2175 334 2230 que
356 2159 417 2215 loco
441 2159 600 2217 emendator
623 2160 727 2215 litterae
745 2159 789 2214 uel
807 2158 939 2215 adiecerit
956 2159 1000 2216 uel
1019 2160 1128 2231 delerit,
1151 2175 1206 2230 quo
1224 2159 1305 2215 modo
1324 2158 1495 2230 potissimum
1515 2157 1652 2212 addiderit
1668 2156 1713 2211 nel

280 2265 376 2322 delerit
393 2282 448 2322 non
466 2266 650 2337 expressimus
668 2267 741 2322 etin
760 2265 998 2323 emendationibus
1016 2266 1058 2323 bie
1080 2265 1230 2322 referendis
1254 2267 1342 2336 magis
1364 2265 1393 2320 id
1418 2265 1538 2334 egimus,
1562 2269 1593 2318 ut
1616 2263 1713 2318 erroris

280 2387 377 2443 caum,
395 2374 507 2430 omissio
525 2374 643 2430 maxime
661 2376 772 2444 propter
788 2372 1027 2430 homoeoteleuton
1045 2375 1089 2429 nel
1107 2373 1256 2444 geminatio
1274 2387 1417 2443 perperam
1436 2370 1517 2442 iacta,
1536 2375 1611 2426 certo
1629 2385 1713 2441 eppa·

279 2486 353 2535 reret
375 2495 457 2550 quam
480 2485 511 2537 ut
533 2481 746 2551 declararemus,
770 2495 820 2551 per
842 2495 989 2550 quamnam
1013 2481 1086 2536 uiam
1110 2480 1271 2536 emendator
1292 2494 1327 2534 ex
1350 2480 1463 2549 andqua
1483 2478 1712 2548 scripturaruum

280 2587 427 2644 effecerit‘.
452 2618 486 2629 -
513 2588 721 2659 Suppreeeimus
743 2603 792 2643 eas
816 2587 1034 2658 emendationes,
1065 2603 1136 2658 quae
1159 2587 1333 2644 continentur
1354 2586 1382 2641 in
1405 2585 1502 2652 litteris
1525 2585 1594 2639 male
1617 2583 1713 2638 diuisis

280 2693 315 2748 ad
334 2709 384 2749 sua
402 2710 526 2765 quaeque
544 2695 680 2753 uocabula
696 2694 868 2751 reuocandis.
896 2711 959 2750 nam
979 2699 1010 2750 ut
1028 2695 1055 2750 in
1068 2695 1248 2764 Neapolitano
1265 2692 1333 2749 libro
1352 2691 1442 2760 (noll
1460 2707 1487 2760 p.
1500 2693 1541 2761 3',
1555 2693 1596 2746 16.
1611 2692 1655 2756 li)
1672 2705 1713 2744 re-

279 2801 369 2871 peries
386 2800 464 2873 seldet
479 2817 530 2874 pro
547 2805 594 2858 red
611 2810 646 2868 et,
668 2803 696 2857 in
713 2799 970 2858 Pommersieldensi
988 2803 1077 2869 (noll
1095 2819 1122 2872 p.
1136 2803 1196 2867 11⁴)
1218 2798 1333 2871 baberet!
1352 2819 1424 2854 omen
1443 2813 1494 2870 pro
1512 2799 1604 2853 bebere
1622 2804 1713 2863 ιιιιιιειι,

279 2906 319 2963 ita
336 2908 419 2964 etiam
436 2909 465 2964 in
482 2909 640 2967 Florentino
656 2909 760 2980 passim
778 2908 902 2965 similiter
919 2923 1023 2965 errores
1041 2914 1070 2965 et
1087 2908 1200 2965 admissi
1219 2911 1284 2964 eunt
1301 2912 1330 2963 et
1347 2906 1463 2962 sublati:
1485 2905 1533 2961 sed
1552 2920 1614 2960 cum
1632 2918 1713 2960 noca·

280 3013 403 3072 bulorum
423 3015 522 3073 diuisio
546 3017 696 3088 antiquitus
713 3016 815 3072 tradita
838 3032 893 3073 non
916 3016 969 3072 ιίιο
986 3030 1076 3087 neque
1099 3016 1128 3071 in
1151 3014 1252 3072 talibus
1270 3013 1372 3072 librarii
1389 3011 1641 3085 quioqusmeecuti
1659 3011 1715 3066 sint

278 3121 332 3177 nisi
349 3139 428 3180 suum
447 3123 602 3196 arbitrium,
626 3124 661 3180 de
684 3123 727 3179 bis
752 3122 852 3194 referre
870 3137 1105 3194 superuacaneum
1124 3123 1213 3179 uisum
1232 3127 1282 3178 est
1302 3152 1335 3162 -·
1354 3123 1466 3178 Praeter
1483 3120 1563 3190 signa
1581 3119 1649 3174 baec
1666 3116 1714 3173 ad·

279 3283 339 3335 bule
356 3285 439 3336 omnia
457 3285 569 3351 spatiolis
589 3295 738 3353 separantur
756 3285 868 3359 exceptis
886 3285 925 3337 hie
935 3284 1197 3358 soliumborbericum
1215 3283 1395 3354 nardielaebyr
1413 3282 1615 3338 oromoindieum
1634 3297 1713 3350 onyx-

279 3371 400 3428 orabicur
418 3374 608 3442 opasbuesr'csm
624 3375 866 3446 pellesbnbploaicae
881 3373 1091 3445 peilespnrlbr'cne
1099 3374 1316 3444 serrumiadicum
1329 3375 1530 3443 lopiruniuersur
1546 3369 1714 3440 bopiolndice

279 3461 422 3516 eelodmrta
439 3465 641 3518 occlusericauel
657 3467 803 3518 eeloilincto
821 3469 1001 3516 armarerinum
1020 3462 1181 3517 indiciteones
1196 3463 1314 3534 pardliso
1329 3461 1548 3532 perdipoatberoe
1566 3458 1714 3527 innascens:

279 3559 411 3615 praeterea
434 3567 490 3601 cum
512 3568 597 3604 errore
621 3551 932 3606 aredioarcardamomum
955 3550 1072 3602 continuo
1096 3551 1190 3618 scripta
1213 3561 1312 3614 essent,
1339 3558 1457 3617 separate
1484 3559 1543 3600 sunt
1565 3545 1713 3612 interposito

280 3637 373 3706 duplici
391 3647 495 3706 puncto:
514 3641 540 3691 in
558 3641 608 3691 line
627 3650 685 3706 post
703 3640 782 3694 indici
799 3658 823 3691 u.
837 3639 871 3690 22
889 3649 1006 3706 coeptum
1023 3660 1037 3695 s
1054 3657 1085 3692 ex
1102 3648 1127 3694 si
1144 3639 1266 3692 uocabulo
1288 3640 1355 3706 quod
1373 3640 1485 3706 sequutur
1503 3637 1618 3689 librarius
1636 3633 1713 3686 erasit

279 3737 306 3778 et
323 3727 405 3794 spatio
423 3728 565 3781 intermisse
584 3729 683 3781 demum
702 3729 855 3796 perscripsit.

334 3817 486 3884 ¹Exempla
502 3818 561 3870 uide
579 3819 600 3881 Ι,
619 3818 680 3880 752,
698 3819 741 3870 34.
761 3817 822 3880 775,
844 3819 884 3871 12.
991 3819 1002 3853 ²
1026 3819 1081 3871 Hoc
1099 3819 1208 3870 cernitur
1226 3818 1260 3869 sd
1279 3819 1299 3881 1,
1317 3817 1379 3881 248,
1397 3817 1441 3880 21,
1459 3816 1506 3868 sed
1523 3816 1663 3876 adiectum,
1686 3812 1713 3864 ni

280 3905 345 3958 oculi
362 3905 506 3958 fefellenmt
524 3907 681 3970 collatorem,
706 3927 721 3958 a
739 3915 879 3959 correctore
897 3907 1000 3974 antiquo
1018 3908 1119 3975 quidem
1137 3925 1219 3974 neque
1237 3915 1321 3959 tamen
1339 3906 1473 3960 ordinario.
1567 3901 1714 3968 ⁸Exempli

279 3996 421 4047 ιιιιιιιι
434 3994 527 4064 sonere
539 3995 573 4059 11,
585 3997 647 4060 neu,
660 3997 685 4060 o,
704 4011 727 4045 ω
743 3996 769 4047 ιι
783 3976 901 4060 reponsio
919 3995 953 4058 11,
971 3997 1032 4060 asa,
1050 3999 1094 4049 31.
1205 3997 1216 4030 ⁴
1240 3996 1280 4048 ra
1301 3996 1394 4062 regrrn
1415 3996 1436 4058 1,
1462 3994 1503 4057 ιο,
1527 3995 1558 4047 15
1582 3987 1711 4046 sennaar:

279 4085 393 4148 1,12,1
416 4072 540 4142 oscensi:
567 4085 593 4148 Ι,
615 4087 660 4148 13,
679 4086 715 4137 24
735 4097 761 4138 et
782 4087 822 4148 14,
835 4085 869 4138 27
894 4083 981 4140 necis:
1009 4086 1035 4149 1,
1053 4087 1141 4150 31‚3
1166 4083 1361 4140 uernerdr'soess:
1389 4084 1410 4148 Ι,
1429 4085 1476 4147 41,
1497 4083 1531 4135 22
1552 4071 1712 4154 6ιυι6ξιιι169ι

279 4175 291 4209 ⁸
308 4173 424 4240 Exempli
441 4191 518 4228 cauea
535 4175 568 4238 ll,
580 4174 642 4237 276,
654 4175 688 4226 22
706 4193 763 4226 curn
780 4193 841 4227 uere
858 4177 895 4228 sic
913 4177 945 4228 sit
962 4177 988 4227 in
1007 4174 1104 4228 codice:
1129 4191 1252 4228 eoeneum
1276 4181 1470 4228 Possesslo‘lleol
1495 4191 1586 4227 serene
1607 4189 1712 4225 meuses

279 4279 326 4317 uec
342 4279 466 4316 sororum
485 4272 679 4318 rosseaero⁴sem
697 4281 846 4328 suumress,
864 4284 911 4318 nos
929 4266 1035 4318 diximus
1053 4265 1240 4318 emendatorum
1257 4263 1415 4331 suppleuisee
1433 4281 1524 4318 serere
1542 4279 1647 4315 meuses
1666 4277 1714 4314 seo

279 4367 403 4404 sunonem
428 4369 623 4406 rosaeeerorrern.
659 4353 772 4406 similiter
795 4355 833 4417 ΙΙ,
855 4355 922 4417 283,
946 4356 980 4406 25
1008 4372 1063 4406 cunr
1084 4355 1110 4406 in
1134 4355 1221 4406 codice
1244 4355 1277 4406 sit
1303 4354 1399 4407 sorren
1422 4369 1448 4404 ιιι
1472 4367 1527 4406 eso>
1552 4368 1630 4404 usare
1654 4349 1713 4407 'uus

280 4457 396 4494 susurrus
415 4441 512 4497 rorans
535 4459 560 4494 rs
579 4459 634 4495 eac>
653 4442 764 4496 raurem'
782 4461 833 4500 aue
851 4461 983 4506 scmrrus,
1007 4462 1053 4496 nos
1076 4444 1112 4495 sic
1133 4443 1272 4495 rettulimus
1294 4443 1391 4497 ebream·
1413 4443 1439 4493 in
1461 4457 1515 4495 sam
1538 4455 1642 4494 rnorem
1660 4437 1714 4506 (uel

279 4547 358 4584 reare
376 4531 455 4583 altero
472 4530 545 4597 loco)·
557 4547 608 4588 sus
625 4549 742 4584 conserus
766 4533 805 4585 bis
828 4533 957 4601 scripsisse
980 4531 1124 4595 librarium,
1141 4532 1266 4584 sublatum
1284 4549 1340 4584 esee
1359 4549 1468 4584 errorem
1486 4532 1518 4583 ab
1536 4529 1713 4582 emendatore:

279 4637 403 4686 quaenam
425 4637 486 4672 uero
509 4621 589 4673 uerba
611 4638 642 4673 ex
662 4621 728 4673 mele
745 4623 879 4688 geminatis
897 4622 1041 4685 retinuerit,
1059 4639 1183 4689 quaenam
1201 4622 1363 4689 expunxerit,
1383 4639 1434 4673 uon
1451 4620 1625 4672 iudicauimus.
1653 4617 1714 4670 talia

279 4718 395 4762 sescenta
412 4709 580 4761 inueniuntur.
607 4710 695 4777 paucis
713 4719 810 4763 tantum
821 4712 882 4764 locis
895 4711 1045 4764 eontrmiarn
1058 4711 1126 4764 uiam
1137 4711 1216 4773 tenui,
1234 4721 1262 4761 ut
1278 4711 1299 4772 1,
1311 4711 1372 4773 452,
1387 4711 1419 4762 lii
1436 4709 1521 4762 monui
1540 4709 1572 4760 ds
1589 4707 1713 4760 uocabulo

280 4815 336 4853 esse
359 4801 392 4851 ab
416 4799 579 4854 emendatore
601 4809 629 4850 et
651 4798 735 4852 deleto
759 4809 786 4851 et
807 4801 931 4868 reposito,
955 4800 1072 4868 quoniam
1095 4817 1126 4851 eo
1150 4799 1307 4868 explicantur
1329 4817 1426 4852 errores
1450 4798 1607 4851 librariorum
1624 4797 1712 4848 Bouo-

279 4888 409 4940 nieneium.
516 4889 527 4922 ⁶
545 4888 709 4940 inueniuntur
725 4887 791 4941 adeo
808 4889 856 4941 loci
873 4890 975 4956 quidam
992 4891 1025 4942 ob
1042 4889 1070 4940 id
1087 4890 1169 4956 ipsum
1187 4888 1306 4955 ambigui,
1324 4898 1353 4940 ut
1369 4889 1391 4951 1,
1404 4887 1465 4950 666,
1479 4886 1497 4939 7
1514 4885 1567 4954 legi
1584 4893 1669 4953 potest
1687 4891 1714 4936 et

278 4995 308 5030 ne
325 4984 405 5031 curet
420 4985 448 5028 et
464 4995 509 5033 nec
527 4984 603 5042 met,
624 4977 664 5040 Π,
683 4977 731 5040 66,
752 4978 784 5029 19
802 4987 1028 5034 accensarent
1051 4985 1166 5034 arerent
1183 4987 1219 5042 is,
1242 4979 1281 5042 11,
1303 4978 1366 5040 161,
1385 4977 1420 5029 23
1443 4986 1470 5029 et
1493 4983 1628 5032 aecmetor
1646 4981 1669 5028 ie
1686 4983 1715 5026 ct

277 5071 444 5121 aemuleris.
