3696 5568
936 290 1013 349 Vlll

263 430 364 486 habere
385 430 554 501 uiderentur,
577 436 657 488 notas
679 446 774 492 eorum
797 432 826 487 in
848 432 904 486 ima
926 432 1049 500 margine
1072 430 1255 486 adscriberem
1277 430 1411 486 uncinulis
1435 429 1635 486 circumductas
1652 431 1693 486 sio

265 519 404 589 [PVLUlr
429 535 592 589 quamquam
610 521 639 574 iu
656 521 706 575 tali
722 521 867 590 partitione
885 535 936 575 nec
954 520 1020 574 mihi
1037 521 1089 590 ipsi
1108 520 1174 574 satis
1192 518 1245 574 ieci
1264 524 1292 574 et
1309 521 1337 574 in
1355 535 1389 575 ea
1406 535 1456 575 suo
1475 521 1573 588 cuique
1590 519 1692 574 iudicio

264 608 391 663 standum
414 623 476 663 esse
498 609 545 663 uix
568 623 637 678 opus
660 613 702 663 est
725 624 843 665 mouere.
874 624 970 664 uerum
994 615 1022 664 et
1043 615 1155 678 propter
1177 609 1264 678 ipsam
1293 608 1423 663 incertam
1446 608 1571 663 codicum
1594 607 1692 662 horum

263 703 388 752 naturam
407 701 435 752 et
451 701 562 765 propter
578 697 666 765 litigia
683 696 718 752 de
736 713 829 753 eorum
847 698 963 752 utilitate
981 713 1030 766 per
1048 698 1157 752 saecula
1170 698 1276 766 agitata
1289 712 1343 752 non
1356 696 1500 752 uidebatur
1511 696 1692 751 omittendum

263 801 333 856 esse,
346 786 411 854 quin
423 799 458 840 ox
469 785 503 840 iis
514 801 599 840 unum
611 791 684 840 certe
697 787 739 840 sui
748 786 1133 855 generispraestantissimum
1146 786 1293 855 deligerem
1306 786 1419 855 eiusque
1430 786 1535 841 uariam
1548 786 1692 840 lectionem
1760 789 1765 800 '

263 889 318 930 non
336 889 397 930 meo
415 873 526 929 arbitrio
544 876 687 945 selectam,
706 875 755 930 sed
773 876 813 930 ita
830 875 990 945 dispositam
1009 876 1132 944 ederem,
1157 881 1188 929 ut
1206 875 1293 930 cuiuis
1312 875 1346 928 de
1365 875 1424 929 eius
1442 874 1533 930 indole
1551 875 1604 944 ipsi
1622 873 1692 928 iudi·

264 979 326 1019 care
344 965 444 1019 liceret.
472 967 567 1018 contra
583 979 638 1020 uon
656 965 772 1020 sustinui
784 965 875 1034 plures
888 965 947 1020 eius
958 965 1061 1021 ordinis
1074 964 1156 1020 libros
1168 964 1248 1033 plene
1266 961 1389 1018 conferre
1406 968 1435 1017 ιι
1453 964 1567 1018 mendas
1585 962 1692 1018 mendis

264 1054 410 1122 cumulare,
428 1053 588 1122 praesertim
606 1068 668 1107 cum
686 1069 752 1108 usus
771 1068 814 1107 me
827 1052 966 1108 docuisset
977 1053 1109 1123 quidquid
1122 1054 1187 1107 utile
1200 1052 1319 1107 habeant
1336 1051 1445 1106 codices
1462 1067 1497 1106 ex
1510 1050 1692 1122 Zpropagati

263 1142 460 1211 repraesentari
483 1139 550 1196 libro
574 1141 710 1211 Parisino,
734 1157 768 1196 ea
790 1145 882 1196 autem
905 1158 975 1212 quae
998 1143 1093 1213 reliqui
1116 1141 1177 1196 libri
1200 1145 1354 1211 proponant
1377 1139 1429 1196 sibi
1451 1141 1574 1210 propria,
1597 1139 1626 1193 id
1649 1144 1693 1194 est

264 1230 373 1285 diuersa
390 1246 407 1284 a
423 1229 578 1284 Florentino
596 1230 771 1300 Parisinoque
792 1231 1037 1300 consentientibus,
1061 1231 1171 1286 omnino
1195 1231 1286 1300 sperni
1307 1244 1400 1300 posse.
1433 1228 1507 1299 quod
1530 1229 1628 1284 cadero
1646 1228 1692 1282 uel

264 1321 292 1374 in
311 1319 471 1375 Uaticanum
492 1319 662 1388 Lipsieusem
679 1319 841 1374 Patauinum
865 1320 970 1386 (VLU)
992 1319 1191 1375 demonstrabit
1213 1319 1429 1374 additamentum
1452 1319 1563 1374 tertium
1586 1316 1693 1372 habens

263 1409 372 1478 plenam
390 1423 483 1463 eorum
500 1408 644 1462 lectionem
667 1408 703 1462 ad
726 1409 819 1464 titulos
837 1413 966 1477 quattuor
984 1415 1119 1464 extremos
1137 1408 1197 1464 libri
1215 1408 1311 1477 quinti.
1339 1411 1435 1463 contra
1451 1408 1512 1462 libri
1530 1407 1645 1462 Parisini
1663 1405 1694 1460 iu

265 1511 316 1553 suo
333 1495 443 1566 quidem
461 1511 562 1565 genere
579 1497 739 1551 excellentia
757 1511 811 1552 non
829 1497 916 1553 solum
934 1498 997 1553 inde
1015 1498 1192 1567 intellegitur,
1216 1496 1289 1567 quod
1314 1497 1446 1552 sescentis
1463 1497 1530 1551 locis
1548 1511 1611 1550 cum
1629 1495 1693 1548 Flo·

264 1585 371 1641 rentino
389 1585 537 1654 consentit,
562 1583 608 1639 ubi
631 1586 726 1666 reliqui
748 1601 843 1641 omnes
867 1587 926 1642 eius
946 1587 1048 1642 ordinis
1065 1586 1125 1641 libri
1143 1585 1350 1655 interpolatione
1368 1586 1466 1640 mutati
1483 1585 1512 1640 in
1530 1585 1582 1640 ulia
1600 1584 1694 1639 omnia

265 1673 381 1744 abeunt,
407 1672 456 1728 sed
483 1673 660 1743 quodetiam
683 1675 749 1729 locis
772 1675 935 1744 quibusdam
958 1676 1084 1745 quamuis
1109 1676 1177 1730 raris
1200 1681 1257 1729 tom
1281 1680 1376 1729 contra
1399 1674 1585 1730 Florentinum
1608 1686 1692 1740 quarn

265 1769 361 1818 ιιιιιι
376 1763 493 1832 reliquos
512 1760 624 1816 secundi
642 1761 744 1817 ordinis
762 1761 845 1818 libros
862 1779 957 1818 uerum
976 1780 1011 1819 ex
1029 1766 1114 1820 altero
1132 1764 1236 1818 scilicet
1255 1763 1403 1834 archetypo
1421 1762 1497 1818 solus
1508 1761 1618 1816 uidetur
1635 1773 1693 1814 ser-

265 1866 355 1906 uasse.
385 1852 455 1906 inter
472 1865 541 1921 quos
559 1851 677 1905 maxime
694 1851 809 1920 insignis
834 1854 911 1908 locus
928 1858 972 1908 est
988 1853 1129 1923 Papiniani
1147 1853 1181 1906 D.
1194 1853 1220 1921 3,
1235 1853 1261 1921 3,
1277 1852 1311 1905 68
1333 1851 1489 1920 propositus
1513 1851 1584 1904 inter
1606 1847 1694 1917 speci·

266 1941 339 1995 mina
356 1941 505 2010 scripturae
523 1940 618 1995 tabula
634 1941 731 2010 priore,
753 1940 800 1994 ubi
817 1959 868 1995 non
885 1942 1048 1997 uocabulum
1066 1958 1084 1996 a
1100 1940 1215 1996 Parisini
1233 1956 1314 1994 manu
1333 1941 1420 2009 prima
1437 1943 1576 1995 seruatum
1595 1935 1693 1992 condr-

265 2034 422 2098 matumquo
440 2027 582 2084 aGraecis
596 2044 658 2083 oum
675 2043 730 2083 non
742 2029 778 2084 sit
789 2029 817 2083 in
829 2029 993 2098 Florentino,
1011 2028 1047 2083 ad
1066 2030 1125 2084 eius
1143 2045 1264 2084 normam
1283 2033 1311 2083 et
1328 2028 1449 2083 deletum
1467 2032 1511 2083 est
1528 2028 1555 2081 in
1568 2025 1693 2081 Parisino

266 2117 397 2173 et·abest
418 2133 436 2172 a
458 2118 568 2187 reliquis
589 2121 724 2187 quotquot
741 2116 812 2172 mihi
834 2118 1010 2174 innotuerunt
1032 2117 1200 2187 digestorum
1221 2116 1306 2172 libris.
1341 2117 1434 2186 itaquo
1461 2117 1490 2171 in
1514 2129 1547 2172 so
1571 2113 1692 2170 substiti.

266 2223 329 2262 uam
347 2207 456 2262 omnino
473 2207 546 2261 iusta
563 2211 704 2261 auctorum
722 2207 894 2275 antiquorum
912 2207 989 2261 crisis
1007 2207 1035 2262 iu
1053 2221 1086 2262 eo
1105 2207 1227 2275 uertitur,
1245 2210 1279 2260 ut
1296 2220 1330 2260 ex
1343 2205 1418 2260 libris
1430 2207 1477 2275 qui
1489 2207 1584 2260 ortam
1596 2203 1695 2273 optimi

266 2297 366 2366 quique
383 2295 545 2364 deligantur,
563 2293 662 2349 delesti
679 2294 759 2363 plene
777 2299 806 2348 et
823 2293 966 2364 ddigsnter
983 2295 1162 2364 excutiantur,
1181 2309 1236 2350 uon
1253 2299 1285 2348 ut
1302 2309 1384 2364 qnam
1402 2294 1511 2364 plurimi
1528 2293 1589 2348 libri
1607 2292 1693 2362 inspi-

160 2441 163 2447 ,
266 2385 373 2439 ciantur
393 2389 422 2439 et
442 2385 550 2454 potiora
572 2397 642 2454 quae
665 2383 721 2438 siut
737 2383 917 2438 uideanturue
934 2397 970 2438 ex
987 2383 1021 2438 iis
1038 2383 1164 2439 omnibus
1182 2383 1342 2438 afferantur:
1367 2387 1440 2438 corte
1462 2383 1538 2452 longi
1559 2382 1597 2437 llli
1620 2381 1695 2436 litto-

265 2487 356 2528 rarum
374 2471 552 2542 singularium
569 2471 690 2542 ordines,
710 2486 781 2541 quos
798 2472 863 2526 artis
881 2473 1004 2542 magistri
1021 2488 1076 2528 non
1094 2472 1182 2541 mag's
1200 2478 1388 2541 expauesount
1405 2487 1487 2542 qnam
1505 2471 1694 2541 contemnunt,

267 2560 303 2616 ab
319 2560 354 2616 iis
371 2561 488 2616 maxime
505 2559 724 2630 frequentantur,
747 2561 794 2630 qui
816 2576 879 2616 cum
900 2561 1018 2630 impares
1036 2562 1090 2616 siut
1107 2561 1248 2630 scripturis
1265 2565 1340 2616 recte
1358 2559 1535 2616 aestimandis
1552 2563 1582 2614 et
1599 2557 1694 2629 probis

266 2649 445 2720 segregandis
464 2665 483 2704 a
501 2649 662 2718 uulgaribus
681 2654 711 2705 et
730 2648 881 2719 inutilibus,
904 2650 944 2704 ita
963 2648 1046 2705 libros
1067 2654 1153 2718 agunt
1177 2649 1212 2704 ad
1233 2650 1364 2718 lectorem
1387 2654 1419 2704 ut
1441 2664 1476 2704 ex
1496 2647 1562 2704 ouili
1581 2661 1693 2717 pecora

266 2739 387 2795 omnium
405 2753 471 2794 uero
493 2739 611 2794 mamma
627 2738 655 2793 in
672 2737 754 2808 libro,
764 2799 768 2808 ,
778 2739 866 2808 qualis
883 2737 927 2793 hic
944 2742 1000 2809 est,
1014 2743 1052 2797 ,ιι
1073 2738 1224 2807 iugent'aet
1241 2738 1281 2792 ita
1297 2742 1466 2808 comparato,
1490 2742 1522 2793 ut
1544 2737 1573 2791 in
1591 2734 1694 2790 descri-

267 2826 357 2884 bendo
375 2825 502 2882 ιιιιιιιιιι
518 2825 644 2882 librarius
662 2827 746 2882 etiam
763 2827 866 2897 peritus
884 2832 913 2882 ιι
929 2827 1070 2884 modestus
1088 2824 1203 2897 labatur,
1222 2826 1374 2882 cauendum
1391 2832 1435 2882 est
1445 2841 1481 2882 ne
1492 2826 1572 2882 testis
1583 2829 1695 2895 praeter

266 2916 459 2972 necessitatem
475 2914 643 2971 admittatur.
660 2920 835 2986 quapropter
846 2931 909 2971 cum
926 2916 998 2972 hano
1014 2931 1126 2986 operam
1143 2916 1318 2986 susciperem,
1337 2931 1398 2972 eam
1416 2916 1441 2971 ei
1458 2916 1548 2985 legem
1566 2913 1643 2983 dedi,
1660 2915 1696 2968 ut

268 3004 386 3076 abipso
408 3003 472 3059 inde
492 3004 626 3074 principio
647 3006 710 3061 uela
731 3004 918 3061 ιιιιιιιιιιιι
941 3011 970 3061 st
991 3005 1019 3061 in
1043 3009 1176 3075 apparatu
1192 3004 1360 3060 instituendo
1377 3004 1449 3060 intra
1471 3002 1580 3059 codices
1598 3001 1695 3058 stricto

163 3131 166 3138 -
267 3094 326 3149 inre
343 3093 511 3149 necessarios
529 3109 573 3149 me
591 3093 766 3164 continerem,
785 3094 868 3149 nimia
886 3099 977 3150 autern
995 3098 1024 3150 ιι
1040 3108 1212 3164 superuacua
1229 3093 1370 3149 euitarem.
1405 3159 1409 3170 Ι

319 3182 384 3238 Dixi
406 3182 442 3238 de
463 3187 610 3252 apparatu:
632 3197 722 3252 pauca
739 3189 885 3253 supersunt
902 3182 1018 3238 desuda
1034 3182 1070 3237 de
1087 3197 1150 3238 mea
1167 3182 1262 3238 horum
1279 3182 1409 3237 librorum
1426 3179 1620 3251 recognitione.
1653 3177 1695 3234 di·

267 3276 347 3341 gesta
368 3286 533 3341 quamquam
550 3271 699 3326 Florentini
722 3272 824 3328 codicis
847 3287 900 3342 ope
922 3273 1003 3342 longo
1026 3272 1116 3326 minus
1138 3277 1267 3341 corrupta
1289 3271 1325 3326 ad
1343 3285 1392 3328 nos
1410 3273 1594 3340 peruenerunt
1610 3281 1695 3337 quam

268 3361 366 3415 Latina
387 3360 517 3430 pleraque
539 3375 610 3430 quae
627 3359 702 3416 libris
725 3362 832 3432 scriptis
849 3360 951 3416 tradita
970 3361 1138 3430 accepimus,
1161 3365 1252 3416 ιιιιιι
1271 3365 1439 3429 quantopere
1456 3363 1547 3414 errent
1564 3358 1611 3427 qni
1628 3356 1697 3412 talia

267 3463 318 3504 nos
340 3449 432 3518 legere
452 3448 597 3519 opinantur
617 3449 708 3518 qualia
727 3451 876 3506 emiserunt
899 3463 992 3504 eorum
1016 3448 1183 3519 conditores,
1207 3450 1252 3504 uel
1272 3463 1343 3504 unus
1363 3449 1459 3503 titulum
1479 3447 1573 3502 linium
1596 3459 1696 3515 regen·

268 3537 366 3592 dorum
390 3537 457 3592 satis
478 3536 661 3607 domonstrat,
689 3553 769 3607 quem
793 3539 905 3593 alterim
928 3551 983 3593 uon
1005 3539 1116 3593 minoris
1139 3539 1308 3594 auctoritatis
1335 3537 1452 3607 exempli
1478 3551 1543 3607 ope,
1572 3551 1635 3591 cum
1658 3535 1697 3592 sit

268 3641 397 3681 uersuum
415 3640 471 3680 non
493 3626 554 3695 plus
572 3625 697 3695 LXXIV,
716 3625 860 3682 duodecim
877 3627 944 3682 locis
962 3626 1107 3681 emendare
1124 3627 1271 3697 potuimus.
1301 3641 1385 3696 quare
1403 3626 1589 3694 coniecturae,
1612 3624 1697 3681 modo

269 3713 305 3770 ad
323 3715 389 3769 artis
406 3714 482 3784 leges
500 3719 608 3768 etcum
626 3713 726 3770 indicio
745 3719 911 3784 exerceatur,
929 3715 957 3769 in
976 3715 1017 3769 ιιι
1035 3729 1143 3784 quoque
1161 3715 1235 3770 libris
1254 3715 1363 3770 omnino
1381 3716 1457 3770 locus
1475 3720 1525 3769 est
1552 3717 1698 3784 praeterea

268 3802 439 3858 conditorum
457 3817 519 3857 oum
536 3802 642 3857 incuria
658 3802 776 3858 maxime
794 3803 822 3858 in
839 3804 936 3859 litteris
954 3801 1136 3872 singularibus
1153 3803 1321 3873 explicandis
1338 3809 1396 3858 tum
1415 3803 1603 3872 interpolatio,
1621 3803 1699 3857 licita

268 3890 378 3962 quidem
396 3891 431 3946 iis
449 3894 477 3946 et
494 3903 577 3960 saepe
594 3893 761 3961 necessaria,
780 3892 830 3947 sed
847 3892 927 3948 uobis
945 3892 1068 3960 molesta,
1087 3890 1152 3946 iecit
1168 3897 1200 3946 ut
1216 3893 1338 3948 recensio
1359 3907 1441 3962 quarn
1459 3892 1478 3946 ii
1495 3895 1700 3960 proposuerunt

269 3980 431 4049 aprimaria
453 3985 596 4034 auctorum
616 3980 750 4050 scriptura
771 3985 828 4035 tam
851 3995 935 4052 saepe
957 3979 1081 4049 recedat,
1104 3985 1136 4035 ut
1158 3981 1205 4051 qui
1222 3980 1290 4036 haec
1307 3982 1371 4036 olim
1396 3979 1564 4049 scripserunt
1581 3980 1605 4034 si
1622 3980 1699 4048 lege

268 4072 331 4123 rent
347 4066 428 4122 hodie
446 4067 474 4121 in
492 4066 606 4136 digestis
624 4073 738 4138 accepta
755 4068 807 4124 sibi
824 4069 922 4139 relata,
946 4067 1074 4124 credibile
1094 4071 1130 4124 sit
1148 4085 1232 4140 saepe
1248 4068 1306 4125 iore
1323 4074 1355 4125 ut
1372 4069 1426 4139 ipsi
1442 4083 1474 4124 ss
1487 4083 1546 4124 non
1563 4081 1699 4138 agnosse—

268 4161 338 4211 rent
369 4155 467 4225 prioris
488 4157 597 4224 generis
621 4171 725 4212 errores
746 4163 779 4212 ut
801 4157 988 4228 deprehendat
1015 4163 1044 4214 et
1071 4159 1211 4228 emendet,
1241 4158 1299 4213 iure
1326 4159 1447 4228 poscitur
1470 4157 1506 4212 ab
1529 4171 1562 4212 eo
1584 4157 1631 4226 qui
1656 4156 1699 4212 di·

268 4249 350 4314 gesta
370 4245 554 4313 recognoscit:
578 4249 673 4300 ιιιιιι
695 4246 723 4301 ιι
746 4247 858 4301 alterius
880 4247 989 4316 generis
1010 4245 1262 4317 interpolationibus
1285 4246 1520 4316 deprehendendis
1541 4249 1570 4300 et
1593 4245 1699 4316 aliqua·

268 4337 349 4388 tenus
366 4331 403 4386 ad
419 4332 599 4402 antiquiorem
616 4337 718 4389 statum
736 4334 897 4391 reuocandis
915 4350 977 4390 eum
995 4341 1104 4392 nostrae
1123 4337 1220 4390 aetatis
1238 4334 1448 4406 iurisprudentia
1458 4349 1560 4404 magna
1571 4349 1605 4389 ex
1616 4339 1699 4404 parte

269 4425 404 4490 uenator,
428 4420 596 4490 digestorum
621 4421 733 4478 editoris
753 4423 782 4479 in
799 4439 833 4479 ea
850 4439 879 4478 re
897 4427 989 4494 partes
1007 4428 1055 4479 aut
1073 4425 1162 4479 nullae
1180 4429 1245 4479 sunt
1262 4429 1310 4479 aut
1327 4429 1402 4479 certe
1420 4423 1607 4480 secundariae.
1643 4437 1699 4492 ego

268 4509 297 4564 in
315 4509 366 4564 ιιι
384 4508 502 4564 editione
519 4509 677 4566 adornanda
694 4527 756 4566 oum
774 4511 826 4568 ιιι
842 4513 1013 4582 potissimum
1025 4512 1090 4567 mihi
1102 4514 1312 4583 proposuissem,
1330 4517 1362 4567 nt
1377 4514 1585 4568 instrumentum
1599 4511 1634 4568 ad
1646 4513 1699 4566 ori-

268 4597 312 4652 sin
329 4595 508 4652 exercendam
526 4605 669 4668 pmaretur
685 4607 789 4656 certum
806 4604 837 4655 et
852 4601 971 4671 plenum,
990 4601 1071 4656 crisin
1089 4601 1176 4670 ipsam
1192 4616 1247 4658 nou
1264 4601 1371 4670 neglexi
1388 4600 1498 4671 quidem
1512 4603 1611 4670 (neque
1623 4600 1700 4656 enlin

268 4699 304 4740 ex
321 4686 355 4740 iis
373 4699 434 4740 sum
452 4686 499 4754 qui
517 4701 578 4742 cum
597 4687 699 4746 codicis
717 4689 860 4745 cuiusdam
878 4690 1031 4758 exemplum
1049 4690 1124 4760 typis
1143 4690 1261 4744 exscribi
1277 4691 1415 4744 iusserunt
1432 4695 1571 4745 auctorem
1589 4688 1642 4744 sibi
1655 4689 1701 4744 nl·

268 4773 367 4830 deutur
385 4773 522 4844 edidisse),
541 4775 591 4830 sed
608 4776 767 4832 subitariam
785 4779 873 4848 ιιιςιι
891 4783 921 4833 ιι
937 4783 1018 4848 prout
1035 4791 1079 4833 res
1097 4777 1193 4832 lnoidit
1210 4793 1320 4848 operam
1339 4781 1365 4834 ei
1382 4779 1517 4849 impendit
1534 4779 1618 4848 idque
1628 4785 1700 4848 putu

269 4863 317 4932 qui
337 4861 389 4918 hac
412 4863 532 4919 editione
554 4869 666 4921 utentur
688 4879 743 4921 non
763 4871 819 4922 tam
838 4865 1008 4922 excusabunt
1024 4881 1106 4937 quam
1124 4865 1282 4922 laudabunt
1319 4883 1382 4922 nam
1400 4869 1447 4938 qui
1464 4869 1555 4923 sciunt
1572 4867 1638 4938 quid
1656 4883 1700 4924 re·

268 4951 392 5020 quiratur
408 4951 444 5010 ad
462 4951 629 5022 digestorum
648 4955 731 5008 ιιιιιι
747 4960 822 5010 recte
840 4961 869 5010 et
885 4956 965 5026 plene
982 4955 1177 5011 instituendam
1190 4959 1220 5010 et
1230 4956 1296 5012 iuris
1308 4961 1450 5014 auctorum
1461 4957 1491 5012 in
1502 4956 1700 5014 uocabulorum

267 5053 322 5095 usu
344 5041 374 5096 ιι
390 5043 528 5097 structura
544 5046 574 5098 et
590 5043 700 5099 omnino
717 5043 746 5098 in
763 5057 794 5100 re
811 5045 989 5114 grammatea
1005 5045 1198 5116 proprietatem
1215 5043 1424 5116 perdiscendam
1441 5061 1586 5117 remumque
1604 5047 1700 5116 cogni
