3856 5616
280 220 428 288 xxviiii
452 197 570 284 ree
957 207 1046 288 904
1574 233 1621 280 ns
1644 233 1730 280 mss

244 381 262 439 3
334 378 412 432 lnnss
436 374 505 432 libro
528 373 687 442 trigensimo
711 385 784 426 nono
806 368 1051 437 digestorum.‘.'Si
1076 369 1138 438 quis
1162 385 1223 424 cum
1247 374 1442 424 testamentum
1465 370 1570 424 nullum
1588 365 1732 452 [Q
1766 377 1791 430 S

280 465 415 534 habebut,
443 462 574 518 codicillis
600 459 814 519 fideicommissa
841 457 892 512 hoc
915 457 997 511 modo
1022 457 1112 512 dedit:
1136 457 1266 528 ‘quisquis
1290 459 1356 524 mihi
1369 457 1459 512 beree
1482 459 1534 512 erit
1558 456 1731 512 honorumue

281 553 444 624 possessor,
468 552 527 606 cius
545 548 610 603 iidei
632 545 790 616 committo',
812 545 1025 601 fideicommissa
1047 547 1182 616 praestari
1199 545 1315 614 debent,
1340 548 1405 614 quis
1422 552 1502 617 peter
1524 544 1657 614 ismiliss,
1681 547 1731 615 qui

280 641 440 696 testamenti
457 638 603 693 factionem
621 635 706 692 babet
724 642 752 690 et
770 636 909 690 codicillos
926 633 1038 701 fuceret,
1056 635 1170 705 perinde
1187 632 1283 691 haberi
1301 634 1392 706 debet,
1411 650 1444 690 se
1462 635 1487 690 si
1503 649 1600 691 omnes
1611 634 1732 690 heredes

248 744 260 788 1
281 729 342 786 eius
359 730 478 796 essenti
497 726 533 782 ed
550 740 620 794 quos
638 725 762 794 legitime
780 725 839 778 eius
856 722 995 779 heredites
1012 724 1057 778 uel
1076 723 1210 780 bonorum
1224 723 1365 793 possessio
1378 729 1547 792 peruentum
1558 729 1642 780 esset
1672 721 1732 778 Sed
1751 737 1766 775 s

281 823 310 872 et
332 817 356 872 si
378 819 442 885 post
465 815 605 869 codicillos
629 811 717 868 iscius
738 817 820 866 nutus
838 811 900 880 quis
918 816 992 866 esset
1009 813 1150 882 proximus
1168 811 1306 880 cognatm
1324 811 1369 866 uel
1387 827 1454 866 suus
1472 811 1566 882 lueres,
1588 809 1732 866 fideicom-

281 906 395 968 missum
419 901 553 974 prcesturi
576 900 701 956 debebit:
725 899 893 970 intellegitur
918 900 990 954 enirn
1008 900 1032 956 is
1051 914 1160 970 quoque
1178 899 1258 956 heres
1276 900 1395 968 scriptus
1414 905 1443 954 ct
1460 899 1522 954 ideo
1541 914 1597 954 non
1614 898 1733 968 perinde

248 1008 263 1052 t
282 992 425 1048 habendus
450 997 494 1046 est
516 1006 550 1044 sc
572 991 596 1046 si
618 990 738 1058 rupisset
760 988 810 1042 hos
828 988 977 1044 codicillos.
1013 989 1192 1042 Testamentc
1210 986 1284 1043 isoio
1303 988 1411 1042 etiamsi
1430 987 1547 1044 codicilli
1565 989 1594 1042 in
1612 1002 1646 1042 co
1665 1002 1732 1042 con-

280 1080 381 1136 firmati
405 1095 461 1134 nou
483 1081 589 1146 essent,
614 1078 687 1132 uires
711 1082 804 1132 tamen
829 1091 864 1130 cx
882 1091 915 1130 eo
933 1077 1051 1146 cupient
1080 1076 1197 1144 denique
1216 1077 1240 1130 si
1258 1091 1293 1132 ex
1311 1080 1476 1132 testamento
1495 1075 1634 1130 heredites
1653 1075 1733 1130 edita

283 1185 338 1226 non
357 1169 463 1236 fuisset,
482 1165 724 1222 fideicommissum
743 1181 778 1220 ex
795 1163 951 1220 huiusmodi
970 1164 1102 1219 codicillis
1120 1165 1221 1219 nullius
1240 1165 1373 1226 momenti
1389 1164 1449 1219 erit
1752 1179 1782 1217 ro

243 1262 263 1320 4
333 1257 413 1312 Iucu
438 1255 508 1310 libro
532 1255 705 1323 sexagesimo
727 1253 810 1308 tertio
834 1252 1012 1322 digestorum.
1048 1252 1134 1320 Eum,
1161 1253 1210 1320 qui
1236 1252 1421 1307 codicillorum
1445 1257 1570 1322 tempore
1589 1247 1732 1336 Q
1767 1261 1789 1312 S

281 1345 414 1402 soluendo
439 1345 488 1412 sit,
516 1348 590 1398 recte
613 1341 767 1397 libertatem
792 1339 858 1394 dere
880 1340 997 1409 placuit,
1025 1341 1152 1408 quamuis
1175 1340 1335 1396 testamenti
1358 1339 1425 1396 iscti
1447 1345 1572 1410 tempore
1595 1342 1732 1398 soluendo

281 1448 336 1488 non
353 1432 445 1487 fuerit.

244 1525 263 1584 ὅ
334 1522 517 1575 Pinnnsnus
534 1517 604 1575 libro
622 1518 740 1588 septimo
758 1531 961 1586 responsorum.
992 1515 1066 1570 Ante
1083 1515 1193 1572 tubulus
1211 1517 1369 1572 testamenti
1382 1531 1426 1572 co·
1446 1511 1733 1599 [W
1753 1525 1797 1578 Ῥ

281 1609 365 1664 dicilli
387 1606 453 1662 iucti
476 1621 531 1664 non
555 1607 633 1662 aliter
655 1606 762 1676 ualent,
785 1621 868 1676 quum
891 1606 915 1660 si
938 1607 1104 1662 csbmsnts
1128 1604 1202 1674 quod
1224 1610 1324 1674 postes
1346 1603 1450 1660 iactum
1472 1610 1515 1660 est
1532 1607 1579 1660 uel
1598 1607 1733 1662 codicillis
1753 1621 1783 1660 rs

282 1696 477 1753 confirmentur
499 1699 548 1750 sut
569 1694 698 1750 uoluntas
722 1708 816 1751 eorum
841 1707 1014 1764 quocumque
1036 1692 1137 1751 iudicio
1156 1693 1318 1748 reticeatur:
1342 1693 1392 1750 sed
1410 1707 1465 1748 non
1483 1692 1671 1748 serusbuntur
1687 1709 1732 1762 es,

281 1785 434 1854 dequibus
454 1784 532 1840 uliter
550 1780 697 1838 defunctus
715 1781 864 1837 nouissime
881 1781 1023 1846 iudicauit.
1271 1830 1272 1836 ,

245 1877 263 1936 6
334 1874 512 1930 disscissus
536 1869 604 1928 libro
625 1870 744 1938 septimo
762 1869 974 1927 institutionum.
1011 1869 1076 1942 Diui
1095 1867 1215 1924 Sensim
1233 1873 1262 1923 et
1279 1867 1436 1924 Antoninus
1454 1870 1571 1938 rescrip·
1604 1881 1676 1938 esu,
1685 1883 1733 1938 1,t
1767 1880 1790 1933 S

282 1965 377 2016 serunt
395 1959 460 2014 nihil
479 1959 570 2027 egisse
588 1954 718 2026 mittem,
742 1973 826 2027 quae,
851 1973 913 2012 cum
932 1972 1000 2026 pure
1012 1957 1118 2030 ,liberos
1137 1971 1203 2012 sues
1222 1955 1337 2010 heredes
1355 1956 1517 2025 instituerit,
1539 1943 1733 2016 mndidii‘eii

281 2048 508 2118 emancipationis
526 2043 657 2102 codicillis
675 2045 784 2114 adiecit,
803 2045 868 2114 quis
885 2061 975 2115 neque
993 2045 1181 2105 condicionem
1192 2043 1287 2101 heredi
1299 2045 1424 2100 instituto
1437 2045 1572 2101 codicillis
1589 2043 1733 2130 [Q]
1751 2063 1781 2102 sc

249 2155 262 2198 1
282 2136 392 2192 edicere
416 2149 505 2204 neque
527 2133 695 2204 substituere
714 2133 818 2188 directo
836 2137 937 2202 potest.
975 2133 1123 2188 codicillos
1140 2139 1169 2188 et
1186 2134 1278 2204 plures
1296 2134 1358 2202 quis
1376 2131 1468 2190 iacere
1484 2138 1580 2204 petest
1597 2142 1626 2190 et
1644 2138 1733 2206 ipsius

249 2239 366 2287 smsnu
388 2238 483 2292 neque
500 2221 583 2278 scribi
612 2236 702 2290 neque
733 2221 835 2289 signari
858 2236 974 2278 necesse
998 2226 1049 2276 est
1091 2221 1171 2276 Licet
1192 2221 1221 2276 in
1244 2219 1450 2277 confirmatione
1474 2222 1663 2280 codicillorum
1682 2219 1733 2306 ὦ

282 2317 360 2382 puter
378 2310 495 2366 familias
512 2309 658 2380 adiecerit,
675 2315 714 2378 ,ut
732 2325 786 2366 uon
804 2310 874 2364 alias
892 2310 985 2368 uslere
1003 2310 1070 2366 uelit
1087 2325 1169 2380 quem
1188 2325 1240 2364 sus
1258 2325 1341 2367 manu
1359 2308 1484 2378 ugnnms
1504 2315 1532 2364 et
1549 2309 1732 2382 subscriptus,

281 2406 374 2454 tumen
393 2399 487 2453 ualent
504 2395 570 2452 secti
589 2396 625 2450 ab
643 2411 676 2450 eo
690 2396 815 2466 codicilli,
834 2397 900 2451 licet
912 2412 1001 2466 nequo
1013 2397 1049 2453 sb
1062 2412 1094 2452 eo
1107 2397 1208 2466 signati
1221 2412 1310 2466 neque
1323 2413 1406 2452 manu
1419 2398 1478 2452 eius
1491 2398 1604 2467 scripti¹
1616 2397 1731 2454 luerint:

249 2505 263 2549 s
282 2504 345 2542 nem
364 2501 399 2541 es
416 2501 486 2555 quse
505 2490 603 2554 postes
620 2488 753 2553 geruntur
770 2483 906 2554 prioribus
925 2485 1068 2554 derogent.
1100 2484 1246 2540 codicillos
1260 2486 1284 2540 is
1296 2485 1407 2540 demum
1418 2485 1510 2540 fecere
1522 2491 1625 2556 potest,
1643 2489 1733 2556 quiet
1751 2498 1781 2538 ss

248 2593 264 2637 4
281 2579 477 2630 testamentum
500 2571 591 2628 iacere
615 2577 716 2641 potest.
752 2571 781 2626 Si
806 2577 869 2642 post
886 2576 1082 2628 testamentum
1101 2571 1204 2630 iactum
1224 2571 1346 2642 morlltuo
1364 2573 1497 2630 codicillis
1514 2575 1577 2644 quis
1595 2575 1734 2644 legsuerit
1750 2583 1767 2628 i.
1778 2585 1826 2628 iso

281 2665 345 2719 licet
363 2667 529 2717 testamento
548 2660 722 2729 confirmatis,
741 2675 792 2730 pro
811 2675 865 2714 non
884 2661 985 2730 scripto
1003 2662 1124 2730 legatum
1140 2659 1183 2715 iit.

245 2757 263 2815 7
333 2751 413 2806 Innu
435 2749 504 2804 libro
527 2747 650 2804 somnio
672 2749 838 2817 regnlsrnm.
875 2747 1016 2814 Qusedsm
1036 2763 1091 2806 non
1108 2746 1263 2806 referuntur
1281 2749 1317 2804 sd
1334 2747 1570 2806 confirmationem
1589 2745 1732 2834 Q
1764 2756 1787 2809 S

280 2839 482 2906 codicillorum,
506 2837 593 2892 ueluti
617 2837 641 2892 si
660 2843 724 2892 snte
743 2837 932 2906 csptiuitstem
952 2837 1014 2905 quis
1032 2837 1172 2894 codicillos
1190 2835 1392 2896 confirmsuerit
1407 2843 1439 2894 et
1455 2838 1484 2892 in
1502 2839 1666 2908 cspc’uitsie
1685 2855 1731 2894 cc·

280 2927 388 2982 dicillos
404 2924 521 2980 scribut:
541 2939 679 2983 nsmnon
697 2926 799 2980 edent.
827 2925 900 2980 idem
918 2930 970 2992 est,
988 2925 1012 2980 si
1032 2925 1140 2993 ιιὶὶειιιοι
1152 2924 1234 2980 modo
1251 2925 1296 2980 ius
1313 2927 1473 2982 temumcnti
1484 2924 1604 2982 faciendi
1616 2926 1733 2984 doeierit
1750 2938 1780 2978 so

249 3029 261 3073 1
281 3014 392 3070 babere.
429 3015 575 3068 Praeterea
593 3015 621 3068 in
639 3013 699 3082 illis,
718 3028 790 3082 quse
809 3028 864 3067 non
882 3012 957 3081 iuris,
976 3012 1026 3067 sed
1044 3011 1111 3067 fecti
1130 3019 1202 3080 sunt,
1220 3026 1276 3068 uon
1293 3020 1336 3069 est
1353 3013 1467 3082 perinde
1483 3012 1641 3070 hsbcrsdum
1653 3017 1732 3084 quod

281 3103 413 3158 codicillis
437 3101 579 3171 scribitur,
607 3105 691 3170 seque
715 3101 739 3156 si
762 3098 810 3156 ubi
834 3098 1005 3156 confirmatio
1028 3101 1162 3170 scriptum
1184 3099 1295 3157 inimi:
1323 3101 1410 3158 ueluti
1433 3103 1459 3156 si
1478 3101 1520 3156 its
1544 3102 1573 3158 in
1595 3103 1732 3158 codicillis

281 3192 414 3261 scriptum
437 3191 502 3244 eriis
528 3189 642 3244 'uestem
665 3201 738 3258 quse
760 3203 824 3244 mes
846 3187 906 3257 cst',
929 3188 1116 3246 codicillorum
1135 3195 1246 3260 tempus
1263 3189 1458 3259 spectundum,
1482 3203 1539 3246 nen
1556 3205 1612 3258 quo
1630 3190 1731 3246 confir·

282 3283 403 3333 mentun:
426 3278 510 3332 item⁴
529 3277 561 3332 'si
578 3277 669 3332 Titius
692 3277 774 3332 nicus
799 3275 848 3332 cst'
871 3277 916 3330 uel
936 3275 966 3332 ‘si
989 3282 1031 3332 tot
1054 3277 1133 3332 suuis
1156 3277 1216 3346 est',
1237 3277 1371 3334 codicillis
1392 3277 1499 3347 legeuit
1516 3276 1593 3348 Seio,
1616 3283 1731 3350 tempus

281 3366 477 3435 codicillorum,
495 3379 551 3422 non
568 3371 624 3435 quo
641 3369 766 3434 tempore
784 3362 816 3419 fit
834 3369 1039 3433 testamentum,
1057 3365 1247 3434 speccndum.
1267 3419 1270 3427 ,
1748 3380 1778 3420 ss

243 3455 263 3514 8
333 3456 454 3510 Psuuue
477 3453 546 3510 libro
569 3454 703 3523 singulari
723 3453 759 3508 de
783 3453 844 3510 iure
866 3452 1061 3508 codicillorum.
1097 3452 1287 3510 coniiciuntur
1303 3453 1421 3510 codicilli
1438 3459 1570 3523 quattuor
1601 3449 1730 3524 8]ἶῦ
1762 3463 1804 3535 Ss

280 3543 385 3598 modis:
403 3547 454 3596 cut
471 3541 543 3597 enim
562 3543 591 3596 in
608 3539 733 3598 iutsuum
749 3540 945 3596 confirmentur
962 3541 1057 3598 sustin
1074 3543 1252 3610 praeteritum
1269 3547 1319 3600 sut
1330 3558 1380 3613 per
1389 3541 1632 3600 fideicommissum
1643 3551 1730 3600 tesm-

247 3643 261 3687 1
281 3636 375 3686 mento
399 3629 476 3686 fecto
498 3635 547 3685 sut
570 3630 631 3684 sine
652 3633 828 3685 testamento.
865 3627 921 3684 Sed
939 3629 1002 3684 ideo
1019 3627 1233 3686 fideicommissis
1249 3630 1309 3686 duri
1327 3635 1444 3700 possum
1461 3630 1498 3687 sb
1515 3632 1653 3688 intestato-
1666 3647 1731 3688 suc-

281 3718 452 3786 cedentibus,
470 3719 601 3787 quonism
618 3717 739 3772 creditur
756 3722 835 3787 puter
851 3715 970 3772 semibus
981 3721 1080 3786 sponte
1091 3733 1143 3776 suu
1154 3717 1197 3774 his
1207 3719 1360 3788 reinquere
1371 3719 1523 3788 seguinus
1535 3719 1729 3776 beredimtem.

248 3814 263 3859 u
281 3804 406 3860 codicilli
429 3807 532 3862 totiens
555 3806 661 3875 uolent,
685 3807 813 3874 quotiens
835 3805 897 3874 quis
915 3809 1111 3860 testamentum
1128 3820 1238 3876 quoque
1255 3805 1347 3862 fucere
1364 3807 1461 3876 possit.
1489 3823 1546 3865 non
1563 3813 1657 3864 temen
1675 3808 1730 3866 huc
1747 3823 1777 3864 so

279 3893 320 3946 itu
337 3893 542 3964 intellegemus,
564 3900 596 3949 ut
614 3894 757 3963 exigemus
774 3893 899 3962 potuisse
915 3907 979 3948 eum
999 3908 1032 3948 eo
1050 3897 1188 3964 tompore,
1211 3910 1266 3964 quo
1283 3894 1381 3952 scribit
1396 3910 1445 3952 eos
1463 3895 1618 3966 codicillos,
1641 3901 1729 3954 testu·

281 3985 405 4036 mentum
427 3980 536 4037 fucere:
558 3982 625 4051 quid
649 3982 736 4050 enim,
759 3981 783 4036 si
808 3978 1007 4056 sufficientium
1021 3983 1134 4042 testium
1151 3980 1310 4038 iscultutem
1328 3996 1385 4038 nou
1401 3981 1519 4038 hebuit?
1540 3983 1608 4038 ssd⁵
1626 3985 1650 4038 si
1667 3985 1728 4040 iure

247 4070 442 4124 otestsmcnti
462 4068 611 4126 factionem
634 4069 739 4126 hebuit
776 4067 807 4124 Si
829 4074 895 4139 post
916 4068 1022 4126 mium
1040 4072 1253 4128 msunmtumr
1268 4071 1409 4128 codicibos
1431 4071 1494 4140 quis
1515 4071 1728 4142 oonfimsuerit,

279 4175 325 4240 F(
329 4173 505 4240 WDQEIO)

283 4318 290 4349 ¹
309 4313 425 4368 heredes
444 4314 503 4368 eius
521 4315 624 4384 essent]
643 4313 757 4369 heredes
776 4329 837 4368 esse
859 4315 985 4369 iussisset
1002 4316 1153 4387 (Sciiiin9:
1176 4320 1210 4388 cs.
1221 4315 1420 4370 Muellenbruci
1432 4317 1476 4380 44,
1487 4317 1573 4383 edei?
1632 4317 1727 4372 ¹uub-

280 4385 394 4453 scripti?
448 4385 532 4440 ³alio
551 4400 605 4454 quo
619 4385 857 4452 (lirinensium
904 4386 958 4440 4ιὶ
973 4395 1020 4440 ins.
1069 4385 1207 4441 ‘seddet
1254 4387 1385 4455 ⁶sipost
1401 4391 1599 4442 testimentum
1618 4387 1728 4444 factos?

280 4525 314 4578 10
333 4522 466 4579 fuiese‘n't
483 4525 521 4576 F²
566 4526 602 4578 13
619 4523 723 4580 ruunt
738 4527 777 4578 F¹
822 4526 858 4580 14
874 4528 920 4580 ti
939 4533 976 4581 iic
1030 4526 1180 4594 scissilis
1199 4527 1332 4598 (ὅμορα.)
1384 4529 1420 4582 21
1438 4527 1565 4584 adiecere
1584 4529 1630 4596 Fi
1651 4529 1727 4584 coili-

279 4613 309 4650 σε
327 4595 462 4649 Marsicos·
478 4603 573 4665 opinor
590 4597 791 4650 institutionibus
803 4615 832 4650 re
843 4603 918 4650 nunt
929 4598 976 4651 In·
1029 4597 1106 4652 cilios
1124 4605 1153 4652 et
1170 4603 1210 4662 iet
1222 4615 1271 4652 om.
1284 4601 1366 4652 altero
1377 4602 1443 4662 ioco)
1454 4599 1548 4668 pluroe
1558 4601 1623 4670 quis
1635 4598 1727 4656 facere

277 4671 436 4719 dictiones:
452 4681 515 4721 cum
528 4671 592 4719 unte
605 4670 801 4720 testamentum
825 4671 917 4720 sctum
930 4681 976 4722 ce·
1028 4674 1126 4737 potest
1139 4669 1179 4723 iis
1197 4669 1233 4721 F¹
1287 4669 1323 4722 29
1340 4669 1480 4724 oodicldos
1563 4671 1727 4740 captiuitatis

278 4734 363 4789 dicilli
380 4733 448 4788 iscti
465 4741 556 4805 erunt,
580 4736 747 4805 Pupiniunus
767 4738 807 4792 sit
825 4751 880 4792 nou
897 4738 976 4793 sliter
1028 4740 1230 4808 (captiuitatem
1249 4748 1338 4810 prim
1358 4743 1424 4807 loeo)
1444 4739 1483 4795 bis
1503 4742 1542 4793 F¹
1606 4743 1642 4797 ei
1666 4741 1727 4799 fidi·

278 4805 353 4860 uires
370 4804 520 4875 habiturus,
539 4822 621 4875 quum
641 4807 664 4862 si
683 4808 793 4876 speciali
812 4813 910 4875 postes
926 4823 975 4864 so-
1029 4811 1245 4866 comsuissumF
1273 4810 1310 4866 40
1326 4808 1418 4868 iecere
1435 4811 1535 4864 ossi*
1570 4814 1607 4868 41
1626 4813 1726 4870 nten-

278 4875 384 4930 luniste
394 4876 589 4934 confirmentur
625 4879 659 4932 15
671 4877 812 4947 codicillis]
824 4883 977 4950 commui
1004 4891 1008 4904 ·
1028 4889 1128 4950 gemus
1145 4883 1186 4936 tis
1203 4880 1240 4934 μ

281 4946 391 5001 Graeci:
411 4947 433 5001 ei
452 4949 487 5001 sii
508 4949 688 5003 sssisrmedncls
763 4950 974 5022 uerupesecrepq)
