3766 5554
251 253 327 321 XXI
352 258 365 319 1
390 261 504 317 23-27
932 247 1020 330 610
1445 269 1498 317 nn.
1514 266 1693 362 nnumroro

253 416 303 478 est,
321 410 350 464 id
368 413 503 479 praestet:
521 410 587 464 item
606 410 630 463 si
648 408 769 479 legatum
787 409 832 463 uel
849 408 988 463 hereditas
1007 423 1087 462 seruo
1100 407 1251 463 obuenerit.
1279 421 1368 477 neque
1380 405 1471 476 refert,
1490 407 1612 476 potuerit
1623 405 1694 460 hacc

253 499 383 567 consequi
402 498 528 552 uenditor
546 515 581 554 an
599 514 653 553 non
671 499 802 568 potuerit,
825 498 848 552 si
867 511 976 551 seruum
995 513 1049 552 non
1067 496 1251 551 uendidisset:
1275 511 1410 565 ponamus
1428 495 1500 550 enim
1518 495 1602 550 talem
1620 509 1693 562 esse,

253 588 299 656 qui
318 603 416 656 capere
435 586 536 656 aliquid
555 603 589 641 ex
604 592 768 642 testamento
782 602 836 640 non
848 591 989 656 potuerat:
1008 585 1073 640 nibil
1086 585 1154 640 haee
1166 600 1211 640 res
1225 585 1342 640 nocebit.
1370 585 1472 640 Pedius
1485 583 1595 653 quidem
1609 582 1694 637 etiarn

252 675 319 729 illud
338 691 391 730 non
409 680 489 744 putat
507 691 569 730 esse
588 675 777 745 spectandum,
799 675 876 729 cuius
895 674 1124 743 contemplatione
1143 679 1258 729 testator
1277 689 1388 729 seruum
1405 674 1534 728 heredem
1553 671 1695 726 scribserit

254 764 297 817 uel
318 765 344 817 ei
362 765 507 834 legunerit,
531 765 595 833 quia
613 765 682 818 etsi
701 764 822 819 uenditio
841 764 1041 832 remansisset1,
1064 762 1130 818 nihil
1149 761 1217 818 baec
1235 778 1279 816 ιιι
1298 764 1413 832 emptori
1431 762 1573 832 proderat:
1597 765 1626 815 et
1643 774 1695 830 per
1714 768 1728 808 e

253 853 432 922 contrarium,
456 853 556 922 inquit,
582 853 604 906 si
623 853 852 921 contemplatione
871 851 1022 906 uenditoris
1039 851 1181 906 institutus
1199 857 1410 922 proponeretur,
1428 857 1521 906 tamen
1539 850 1695 904 diceremus

253 941 397 995 restituere
416 945 567 1011 emptorem
585 957 640 996 non
658 941 758 996 debere
776 941 920 1012 uenditori,
942 942 966 996 si
984 942 1068 997 nollet
1086 957 1148 996 eum
1166 940 1318 996 redhibere.

196 1033 234 1089 24
307 1029 400 1084 Gerus
418 1029 487 1084 libro
504 1031 592 1099 primo
611 1029 646 1085 ad
665 1031 784 1086 edictum
803 1031 931 1085 aedilium
949 1031 1092 1086 curulium.
1120 1030 1157 1084 Et
1174 1030 1339 1098 generaliter
1353 1027 1498 1084 dicendum
1518 1022 1696 1110 [p‘ffl
1715 1029 1742 1082 Ε

254 1123 309 1187 ιιι,
335 1118 467 1188 quidquid
486 1124 564 1174 ostra
581 1134 638 1174 rem
656 1119 786 1190 emptoris
804 1134 853 1190 per
872 1134 934 1174 eum
953 1135 1064 1174 seruum
1082 1118 1249 1188 adquisitum
1268 1122 1323 1190 est,
1341 1118 1371 1172 id
1389 1118 1491 1172 iustum
1509 1117 1598 1172 uideri
1615 1115 1696 1171 reddi

254 1213 388 1278 oportere.
1716 1213 1746 1252 ¹⁰

196 1299 235 1356 25
308 1295 458 1350 Unrrnuus
481 1295 549 1351 libro
571 1297 659 1366 primo
682 1295 719 1351 ad
741 1297 861 1352 edictum
885 1296 1013 1352 aedilium
1035 1296 1178 1352 curulium.
1214 1295 1327 1351 Aediles
1345 1294 1427 1349 etiam
1446 1293 1499 1350 boo
1518 1288 1695 1377 Q
1717 1296 1743 1350 Ε

253 1390 393 1453 praestare
412 1390 561 1454 emptorem
580 1386 684 1454 uolunt,
706 1386 729 1440 si
747 1386 775 1440 in
794 1386 884 1455 aliquo
903 1385 1022 1440 deterior
1039 1384 1129 1440 iactus
1148 1385 1185 1439 sit
1202 1399 1307 1453 seruus,
1325 1384 1376 1438 sed
1394 1384 1434 1437 ita
1451 1383 1571 1452 demum,
1589 1386 1698 1452 sipost

253 1473 439 1528 uenditionem
458 1474 687 1544 traditionemque
705 1473 795 1530 faetus
814 1476 862 1530 sit:
885 1479 1006 1529 ceterum
1026 1475 1049 1529 si
1067 1480 1131 1529 ante
1149 1472 1209 1543 luit,
1229 1488 1284 1528 non
1302 1473 1420 1543 pertinet
1438 1471 1474 1528 ad
1492 1471 1544 1528 boc
1562 1471 1695 1528 iudicium

221 1571 235 1614 1
253 1562 328 1632 quod
352 1568 416 1617 ante
439 1561 540 1617 sactum
563 1567 614 1618 est.
651 1562 716 1618 Siue
734 1578 801 1633 ergo
819 1564 878 1633 ipse
897 1564 1059 1619 deteriorem
1078 1578 1141 1618 eum
1159 1561 1226 1618 iecit
1243 1563 1302 1617 siue
1319 1559 1424 1616 familia
1442 1561 1501 1616 eius
1519 1561 1578 1616 siue
1596 1575 1696 1631 procu·

214 1659 234 1705 a
254 1656 340 1720 rator,
366 1650 470 1705 tenebit
493 1651 575 1706 actio.
611 1651 743 1706 Familiae
762 1652 943 1722 appellatione
962 1667 1058 1708 omnes
1076 1651 1167 1722 quiin
1185 1650 1298 1706 seruitio
1317 1655 1383 1705 sunt
1400 1650 1586 1718 continentur,
1611 1650 1696 1706 etium
1717 1657 1744 1699 ιι

253 1738 330 1794 liberi
352 1737 488 1810 homines,
513 1740 560 1810 qui
584 1740 610 1795 ei
630 1739 776 1796 bonafide
795 1741 930 1811 seruiunt,
954 1741 999 1796 uel
1017 1740 1113 1796 alieni:
1138 1740 1232 1812 accipe
1251 1754 1299 1794 eos
1317 1753 1427 1808 quoque
1445 1738 1492 1808 qui
1509 1738 1538 1794 iu
1555 1743 1696 1808 potestate

220 1836 234 1878 e
253 1827 312 1882 cius
330 1835 402 1883 sunt.
436 1829 623 1884 Procuratoris
642 1827 674 1884 tit
691 1831 793 1884 mentio
811 1831 839 1884 iu
857 1828 909 1884 bac
927 1830 1049 1884 actione:
1068 1827 1119 1884 sed
1136 1829 1264 1884 Neratius
1281 1833 1486 1898 procuratorem
1505 1825 1549 1882 hic
1567 1841 1631 1882 eum
1651 1841 1696 1882 ac·

253 1916 408 1985 eipiendum
427 1917 473 1986 ait,
492 1932 548 1973 non
566 1917 723 1988 quemlibet,
743 1918 793 1974 sed
811 1918 855 1973 cui
873 1918 1003 1973 uniuersa
1021 1917 1133 1986 negotia
1145 1917 1233 1972 antid
1245 1918 1344 1987 ipsum,
1362 1914 1561 1986 propterquod
1573 1915 1696 1970 deterius

218 2003 355 2060 eiectum
375 2006 419 2074 sit,
438 2005 597 2060 mandatum
617 2010 668 2062 eet.
695 2007 797 2062 Pedius
815 2007 855 2062 ait
872 2022 990 2075 aequum
1008 2006 1095 2061 luisse
1106 2006 1134 2060 id
1148 2006 1291 2062 dumtaxat
1303 2005 1432 2075 imputari
1444 2005 1561 2073 emptori
1573 2002 1696 2059 exiacto

251 2095 436 2162 procuratoris
454 2099 483 2149 et
500 2091 627 2164 familiae,
646 2095 720 2164 quod
738 2111 793 2150 non
811 2095 864 2151 fuit
881 2111 1013 2165 passurus
1031 2110 1128 2150 seruus
1147 2095 1200 2150 nisi
1214 2095 1348 2150 uenisset:
1367 2092 1442 2164 quod
1453 2097 1547 2149 autem
1561 2108 1696 2163 passurus
1714 2101 1744 2144 ao

253 2187 312 2237 erat
336 2183 433 2253 etiam,
459 2183 483 2238 si
506 2197 561 2238 non
580 2184 715 2254 uenisset,
740 2184 769 2239 in
787 2200 820 2240 eo
839 2184 954 2240 concedi
972 2183 1088 2253 emptori
1106 2184 1179 2238 serui
1197 2183 1240 2238 sni
1258 2199 1347 2239 norae
1364 2183 1533 2238 deditionem
1551 2187 1634 2238 etex
1652 2196 1696 2252 eo,

252 2270 354 2341 inquit,
376 2271 450 2340 quod
467 2277 627 2341 procurator
645 2272 794 2342 commisit,
814 2273 901 2328 solum
921 2273 1058 2328 actionum
1076 2271 1302 2342 praestandamm
1323 2273 1517 2328 necessitatem
1536 2271 1561 2326 ei
1579 2270 1696 2340 iniungi

220 2367 234 2413 ι
254 2359 324 2425 Quid
343 2375 417 2430 ergo,
437 2360 461 2414 si
479 2360 568 2430 culpa,
587 2376 642 2416 non
660 2362 744 2416 etiarn
763 2360 825 2416 dolo
844 2361 976 2430 emptoris
994 2376 1092 2416 seruus
1110 2361 1229 2417 deterior
1244 2361 1334 2418 iactus
1347 2362 1403 2417 sit?
1429 2377 1517 2432 aeque
1530 2359 1695 2416 condemna·

220 2448 334 2504 obitur.
372 2450 433 2504 Hoc
451 2454 558 2520 autem,
582 2450 657 2520 quod
675 2449 795 2504 deterior
811 2448 903 2505 factus
921 2453 964 2505 est
982 2465 1092 2520 seruus,
1115 2466 1170 2506 non
1188 2451 1276 2506 solum
1295 2450 1330 2506 ad
1349 2466 1463 2521 corpus,
1488 2449 1641 2506 sedetiam
1658 2446 1696 2502 ad

254 2537 337 2592 animi
354 2537 424 2592 uitia
440 2537 612 2594 referendum
631 2543 681 2608 est,
701 2543 732 2593 ut
751 2544 818 2608 puta
836 2539 860 2594 si
876 2539 1030 2594 imitatione
1048 2553 1241 2596 conseruerum
1259 2539 1334 2609 apud
1352 2545 1504 2611 emptorem
1523 2537 1587 2593 talis
1604 2535 1696 2592 factus
1715 2547 1745 2589 as

221 2632 235 2678 t
254 2627 323 2696 est²,
347 2626 451 2681 aleator
470 2625 540 2682 forte
559 2628 603 2682 uel
621 2628 743 2683 uinarius
761 2629 806 2683 uel
825 2643 885 2682 erro
903 2628 1001 2683 euasit.
1038 2626 1093 2684 Sed
1111 2626 1262 2684 notandum
1281 2632 1337 2699 est,
1361 2629 1436 2698 quod
1454 2643 1510 2684 non
1526 2626 1698 2698 permittitur

254 2715 371 2784 emptori
389 2731 423 2770 ex
439 2715 596 2772 huiusmodi
614 2717 704 2773 causis
723 2731 812 2772 noxae
830 2716 930 2770 dedere
949 2731 1059 2772 sernum
1078 2731 1171 2772 suum:
1190 2731 1241 2771 nec
1259 2717 1331 2772 enim
1350 2715 1454 2773 iactum
1472 2731 1615 2772 seruorum
1633 2729 1697 2770 sue·

221 2809 235 2857 ι
254 2819 313 2858 rum
332 2804 452 2874 itemque
470 2805 654 2875 procuratoris
672 2809 802 2875 praestat.
829 2804 900 2861 Item
912 2804 1053 2860 solendum
1066 2808 1109 2860 est
1121 2805 1189 2860 baec
1202 2805 1300 2875 omnia,
1319 2821 1390 2874 quae
1403 2807 1593 2876 exprimuntur
1604 2804 1697 2860 edicto

254 2892 391 2962 aedilium,
409 2901 550 2963 praestare
569 2910 632 2951 eum
651 2893 759 2964 debere,
778 2894 802 2949 si
820 2899 884 2949 ante
902 2893 1033 2948 iudicium
1052 2897 1194 2963 acceptum
1209 2892 1362 2950 laetasint:
1380 2895 1483 2950 idcirco
1495 2895 1569 2949 enirn
1581 2907 1697 2949 ιιιιιιι

254 2979 383 3036 babuisse
401 2997 435 3038 oa
452 2983 630 3052 enumeraru,
649 2988 688 3052 ut,
707 2983 730 3038 si
748 2982 815 3051 quid
833 2997 927 3038 eorum
946 2986 1011 3038 ante
1028 2983 1102 3038 litem
1119 2987 1300 3054 contestatam
1313 2983 1482 3052 contigisset,
1500 2987 1696 3052 praestaretur.
1714 2993 1746 3034 so

254 3074 376 3125 ceterum
394 3075 458 3140 post
475 3071 606 3127 iudicium
624 3076 768 3142 acceptum
786 3075 847 3127 tota
864 3073 965 3126 oausa‘
984 3071 1020 3127 ad
1037 3071 1174 3126 bominem
1193 3059 1391 3127 restituendum
1404 3073 1433 3127 in
1445 3072 1546 3128 iudicio
1559 3075 1697 3140 uersatur,

254 3161 362 3214 ettam
385 3158 491 3215 tructus
513 3159 628 3215 ueniunt
651 3175 733 3229 quam
756 3160 786 3215 id
808 3175 864 3230 quo
888 3159 1007 3216 deterior
1029 3159 1118 3216 iactus
1141 3166 1185 3216 est
1205 3167 1350 3231 ceteraque
1369 3161 1496 3216 ueniunt:
1519 3160 1604 3216 iudici
1623 3159 1697 3215 enim

254 3248 347 3302 statim
371 3251 454 3317 atque
477 3248 561 3304 iudex
585 3245 675 3304 factus
697 3251 742 3303 est
765 3249 886 3304 omnium
909 3264 1001 3304 rerum
1024 3247 1144 3304 officium
1168 3249 1314 3319 incumbit,
1340 3264 1529 3320 quaecumque
1547 3249 1576 3304 in
1594 3248 1697 3304 iudicio

255 3342 413 3392 uersentur:
432 3353 466 3393 ea
484 3343 576 3393 autem
595 3352 666 3407 quae
685 3341 748 3392 ante
761 3337 892 3394 iudicium
905 3338 1068 3408 contingunt
1080 3355 1135 3394 non
1147 3339 1228 3394 ualde
1242 3338 1277 3394 ad
1290 3353 1353 3394 eum
1365 3339 1511 3409 pertinent,
1530 3337 1583 3392 nisi
1595 3336 1698 3393 fuerint

222 3431 237 3478 9
255 3425 280 3480 ei
298 3425 457 3480 nominatim
476 3426 606 3481 iniuncta.
637 3427 784 3482 Praeterea
801 3427 830 3482 in
848 3427 938 3482 edicto
957 3426 1074 3482 adicitur
1092 3428 1145 3484 sic:
1165 3427 1201 3482 ‘et
1218 3433 1322 3497 quanta
1339 3427 1457 3498 pecunia
1472 3441 1523 3496 pro
1539 3441 1574 3482 eo
1586 3425 1697 3482 homine
1715 3436 1746 3480 ss

254 3511 352 3570 ‘soluta
370 3514 572 3572 emersionisue
590 3515 699 3570 nomine
717 3515 784 3571 data
802 3516 862 3586 erit,
880 3530 935 3571 non
953 3515 1095 3570 reddetur:
1114 3517 1229 3572 euiusue
1246 3517 1380 3587 pecunias
1398 3517 1460 3586 quis
1478 3531 1512 3572 eo
1524 3516 1637 3572 nomine
1649 3513 1697 3571 ob

206 3609 236 3656 ιο
255 3601 363 3672 'ligatus
382 3604 442 3673 erit,
461 3619 515 3659 non
533 3602 710 3660 liberabitur'.
741 3602 842 3660 Ordine
859 3603 983 3660 fecerunt
1000 3605 1111 3674 aediles,
1130 3610 1162 3660 ut
1180 3612 1244 3661 ante
1261 3605 1399 3662 uenditori
1417 3609 1525 3676 emptor
1542 3619 1578 3660 ea
1595 3605 1697 3674 omnin,

254 3704 326 3759 quae
344 3707 427 3762 snpra
445 3693 549 3762 scripta
566 3697 638 3762 runt,
658 3691 668 3762 ll
688 3698 818 3764 praestet,
837 3694 878 3748 sic
895 3692 995 3749 deindo
1013 3694 1131 3764 pretium
1151 3699 1344 3765 consequatur.
1714 3701 1733 3748 t.
1744 3697 1802 3748 ιον

198 3773 237 3833 26
309 3777 403 3835 Gerus
420 3779 489 3835 libro
506 3782 594 3850 primo
613 3780 787 3863 ad·edietum
807 3781 935 3837 aedilium
952 3783 1095 3838 curulium.
1122 3782 1272 3839 Uidoamus
1283 3787 1385 3852 tamen,
1404 3797 1439 3836 ne
1450 3781 1500 3836 ini·
1520 3777 1698 3865 [ffibsiosse‘e
1715 3788 1746 3842 E

255 3881 340 3936 quum
363 3867 399 3922 sit
421 3874 572 3939 emptorem
594 3869 722 3940 compelli
743 3869 879 3926 dimittere
904 3885 1003 3941 eorpus
1022 3875 1051 3926 et
1068 3871 1105 3926 sd
1122 3871 1259 3928 actionem
1277 3871 1389 3926 indicati
1407 3871 1492 3941 mitti,
1515 3858 1698 3926 ellatur-dum
1716 3883 1748 3924 te

255 3953 321 4009 nihil
338 3961 494 4026 praestatur
510 3962 622 4028 propter
639 3958 759 4028 inopiam
778 3958 942 4030 uenditoris,
960 3961 1107 4029 potiusque
1125 3975 1169 4015 res
1187 3961 1227 4015 ita
1244 3959 1396 4015 ordinanda
1413 3960 1458 4029 sit,
1476 3963 1508 4014 ut
1525 3963 1636 4032 emptor
1653 3975 1699 4016 ea-

255 4048 328 4111 ueat,
348 4045 371 4098 si
388 4045 461 4100 intra
478 4051 583 4102 certum
601 4051 710 4118 tempus
727 4048 845 4117 pecunia
862 4047 915 4102 sibi
933 4048 1024 4104 soluta
1042 4049 1086 4119 sit,
1106 4064 1137 4104 se
1155 4049 1320 4118 mancipium
1337 4049 1536 4105 restituturum.

198 4125 238 4187 27
309 4131 460 4189 Unrrnrruo
477 4133 547 4190 libro
564 4135 651 4205 primo
669 4135 706 4190 ad
724 4135 844 4191 edictum
861 4135 990 4192 aedilium
1002 4137 1144 4192 cumlium.
1172 4134 1264 4193 Debet
1275 4141 1368 4193 autem
1379 4137 1500 4207 recipere
1519 4133 1657 4221 Qalu,
1668 4150 1697 4196 ul
1715 4144 1745 4200 Ε

229 4280 232 4285 ,
255 4221 408 4292 pecuniam,
427 4238 509 4292 quam
527 4223 604 4280 dedit
620 4239 669 4294 pro
688 4238 722 4280 eo
739 4223 857 4295 bomine,
876 4226 937 4280 uell
956 4225 1064 4297 siquid
1083 4225 1248 4282 accessionis
1265 4225 1384 4282 nomine.
1411 4225 1471 4282 dari
1488 4215 1699 4284 autem'n'mr’id
1716 4239 1749 4280 ιι

255 4319 279 4372 F
286 4317 375 4387 [1²(V,
394 4328 439 4391 qui
456 4322 542 4394 dpictt
558 4342 583 4376 a.
596 4323 632 4376 18
649 4331 676 4378 ia
693 4322 844 4393 quemlibet
851 4325 924 4396 solio
943 4331 1034 4389 esebo,
1056 4323 1104 4393 U)]

256 4459 435 4516 ¹uenditoris
459 4462 606 4517 mansisset
628 4463 794 4532 (Barlaami
882 4464 981 4520 ’talis
1004 4463 1094 4521 factus
1116 4469 1159 4521 ιιι
1182 4468 1230 4523 del.
1317 4467 1329 4503 ⁸
1351 4481 1511 4523 enumerare
1533 4466 1700 4536 (Breacnall

255 4531 267 4566 ⁴
285 4530 360 4598 quod
378 4540 425 4586 iar.
514 4536 525 4570 ⁶
543 4535 598 4604 uel]
617 4539 646 4590 et
664 4535 825 4608 (Krueper)?

256 4661 327 4730 lid]
348 4663 384 4718 od
402 4663 440 4716 Ρ
458 4663 464 4728 Ι
485 4662 584 4719 resfert
601 4668 641 4721 P·
702 4666 948 4737 3haeeres1be·
1001 4667 1075 4722 uitur
1092 4669 1130 4722 pr
1184 4671 1218 4724 27
1237 4669 1338 4725 dedere
1367 4668 1432 4725 dere
1450 4670 1492 4724 P·
1544 4671 1581 4725 30
1604 4673 1699 4726 eonte-

254 4747 299 4818 res
313 4735 360 4818 'Pff
410 4734 594 4804 tscripserat
611 4739 710 4792 P⁶VU
759 4739 946 4808 tinstitutns]
1001 4744 1072 4794 stam
1092 4739 1118 4792 F
1165 4741 1199 4795 31
1214 4739 1285 4797 'e'in
1303 4742 1331 4795 iu
1353 4741 1404 4796 'oio
1427 4740 1465 4795 Ρ*
1520 4741 1556 4796 32
1579 4746 1609 4796 st
1631 4739 1703 4867 ιιιιδ

254 4808 376 4859 rusbtms
394 4805 461 4876 P⁰?,
479 4807 631 4862 instituisse
649 4808 738 4874 Ptin,
762 4819 810 4864 sao.
824 4810 860 4864 V·
881 4812 886 4878 l
907 4809 947 4864 dl·
1001 4811 1083 4864 etiam
1098 4811 1175 4865 ΜΡ
1191 4813 1195 4879 Ι
1212 4813 1276 4883 quo]
1289 4812 1363 4882 quod
1375 4811 1429 4866 PU
1468 4810 1673 4867 33iaotumP·

255 4881 382 4931 serentur
399 4877 446 4942 1²⁶,
470 4877 607 4934 diceretur
625 4869 733 4934 P‘VW
787 4882 822 4936 12
841 4881 886 4950 sit]
905 4884 948 4936 est
1000 4881 1245 4937 3bnomineP⁰U⁰
1280 4885 1314 4938 37
1327 4881 1537 4938 liberauiturF¹
1573 4884 1610 4938 39
1624 4883 1698 4938 aedi·

254 4947 337 5030 lfVU
379 4949 411 5003 l‘l
430 4948 504 5019 eum]
522 4950 595 5004 enim
613 4951 653 5003 P⁰
696 4952 732 5006 20
750 4951 812 5020 nisi]
831 4951 876 5017 Ft,
894 4952 948 5007 nisi
1000 4952 1066 5006 lium
1076 4953 1143 5023 cua]
1153 4954 1287 5010 curulium
1296 4955 1474 5010 curuliumF¹
1495 4954 1531 5008 41
1541 4953 1589 5023 ita]
1597 4953 1699 5010 stotP·

255 5031 281 5071 er
298 5018 391 5073 F⁶PU
441 5021 475 5075 21
499 5026 559 5077 erat
575 5041 624 5076 om.
637 5022 677 5075 P·
729 5022 946 5079 recondemur
999 5023 1035 5078 42
1054 5025 1212 5080 restiturum
1230 5026 1258 5081 P
1302 5027 1339 5082 te
1356 5024 1501 5096 pecuniam
1518 5025 1644 5095 recipere
1661 5023 1689 5078 P
