3690 5558
167 265 261 323 onan
284 267 348 314 sss
371 267 515 318 merrom
850 247 938 330 589
1338 256 1398 324 XX
1420 261 1440 326 2
1460 266 1477 320 8
1496 295 1529 306 -
1548 261 1605 326 33

135 401 151 462 8
220 405 341 462 Pauaus
365 403 434 462 bbrc
458 405 579 464 secundo
602 407 809 463 renuntiarem.
845 407 914 465 Cum
938 408 1045 466 debitor
1066 411 1188 480 muita
1209 413 1326 483 pecunia
1348 417 1449 484 utatur,
1468 409 1607 497 Q
1624 424 1652 478 Ρ

44 535 49 550 .
166 497 260 562 potest
278 493 397 550 creditor
415 494 450 550 de
468 494 601 551 fructibus
619 496 659 550 rei
676 494 728 551 sibi
747 496 906 565 pigneratus
925 499 961 552 ad
979 499 1090 554 modum
1109 501 1261 570 legitimum
1280 517 1378 556 rasuras
1396 503 1521 557 retinere.

135 581 150 638 9
220 581 298 636 Inau
321 580 390 638 libro
409 585 539 654 singulari
557 585 593 640 de
611 581 701 640 officio
719 583 851 654 praelecti
869 586 991 654 uigilum.
1029 588 1079 642 Est
1096 590 1250 644 differentia
1267 589 1449 658 obligaturum
1469 585 1605 672 [fiad-ud
1624 602 1652 656 Ρ

166 677 279 741 proptcr
299 673 459 742 pensionem
478 678 631 742 eteorum,
655 687 727 741 quae
745 687 780 728 er
798 675 979 730 conuentione
998 676 1182 733 manifestari¹
1202 678 1323 748 pignoris
1341 678 1451 733 nomine
1469 666 1606 750 tenentur,

167 759 240 828 quod
262 761 454 816 manumittere
455 761 609 836 amancipia
627 760 749 830 obligata
766 762 873 831 pignori
891 779 945 818 non
964 779 1124 836 possumus,
1148 766 1332 822 inhabitantes
1350 771 1443 822 autem
1463 769 1638 826 manauit-e

166 849 250 902 timus
257 849 276 917 ⁸,
302 849 406 906 scilicet
426 851 572 920 antequam
591 850 731 920 pensionis
750 851 858 906 nomine
876 852 1100 920 percludamur¹=
1123 861 1190 910 tunc
1208 855 1279 910 enim
1297 855 1421 924 pignoris
1438 857 1547 911 nomine
1565 872 1606 912 re·

167 941 243 992 tenta
263 939 399 1007 mancipia
416 953 471 994 non
489 937 678 994 liberabimus:
697 944 726 993 et
744 939 851 994 derisus
869 940 962 996 Nerua
979 941 1045 996 iuris
1063 944 1213 1013 consultus,
1232 944 1279 1013 qui
1297 959 1346 1014 per
1363 943 1511 1000 fenestram
1530 959 1606 1000 mon·

167 1029 303 1082 strauerat
320 1042 416 1082 seruos
434 1025 562 1084 detentos
580 1027 616 1082 ob
634 1027 794 1096 pensionem
812 1027 921 1084 liberari
939 1045 1030 1100 posse.

119 1111 151 1170 10
218 1113 380 1170 Scaauona
403 1114 471 1171 libro
494 1119 573 1170 sexto
592 1113 769 1185 digestorum.
802 1117 913 1172 Tutoris
931 1117 1010 1173 heres
1028 1135 1090 1174 cum
1110 1118 1209 1174 herede
1227 1120 1323 1190 pupilli
1340 1125 1429 1176 mans-
1448 1115 1606 1204 [Q
1625 1131 1653 1187 Α

166 1203 274 1258 actione
291 1201 379 1273 iacta,
397 1219 459 1260 oum
478 1220 513 1260 ex
532 1219 566 1258 ea
583 1204 712 1259 maiorem
731 1211 839 1274 partem
857 1206 998 1278 noluisset,
1017 1207 1045 1262 in
1063 1207 1201 1263 residuam
1219 1209 1400 1278 quantitatem
1420 1210 1520 1280 pignus
1539 1209 1605 1265 obli·
1625 1227 1654 1268 ιο

165 1291 256 1360 gauit:
275 1293 431 1361 quaesitum
450 1299 500 1362 est,
519 1310 554 1348 an
573 1294 600 1350 in
613 1299 734 1349 ueterem
747 1299 917 1350 contractum
930 1295 988 1350 iure
1000 1309 1044 1353 res
1055 1293 1180 1364 obligata
1191 1300 1273 1354 esset
1300 1297 1442 1368 respondit
1454 1297 1604 1354 secundum

166 1394 200 1434 ea
217 1395 289 1450 quae
305 1388 524 1452 proponerentur
541 1382 690 1453 obligatam
709 1397 780 1438 esse.

857 1553 902 1638 lll

166 1704 202 1782 R
237 1703 365 1795 QUAE
392 1705 481 1784 RES
508 1704 699 1784 PIGNORI
726 1705 818 1783 UEL
846 1705 1170 1784 HYPOTHECAE
1195 1707 1356 1786 DATAE
1383 1706 1605 1786 OBLIGARI
1623 1734 1675 1790 sp

678 1831 776 1909 NON
802 1831 1017 1910 POSSUNT
1057 1833 1094 1910 dt
1623 1865 1651 1906 ιι

132 2005 147 2061 l
219 2001 395 2060 hlancranus
417 2002 486 2059 libre
503 2004 635 2074 singulari
653 2004 689 2060 ad
706 2004 851 2062 formulam
869 2005 1102 2076 hypothecariam.
1132 2005 1254 2076 Pupillus
1273 2006 1331 2062 sine
1349 2005 1447 2060 tutoris
1466 1989 1644 2078 [Βῖὅῖῑῖιῖ

136 2104 147 2147 ι
165 2092 329 2146 auctoritate
348 2091 530 2162 hypothecam
549 2094 615 2150 dare
633 2109 688 2150 non
706 2097 807 2164 potest.
843 2093 872 2150 Si
890 2093 962 2148 iilius
979 2092 1097 2148 familias
1115 2109 1164 2163 pro
1182 2095 1235 2148 alio
1254 2109 1310 2149 rem
1328 2094 1447 2164 peculia-
1466 2086 1604 2175 [Ephe]

164 2194 221 2234 rem
241 2179 406 2250 obligauerit
421 2183 466 2238 uel
485 2198 590 2252 seruus,
609 2182 755 2238 dicendum
774 2184 818 2236 est
835 2197 896 2236 eam
915 2197 970 2238 non
988 2183 1082 2251 teneri,
1101 2182 1166 2237 licet
1182 2181 1295 2237 liberam
1314 2182 1414 2252 peculii
1432 2181 1475 2237 aui
1490 2181 1603 2236 admini-

164 2269 326 2324 strationem
344 2267 478 2326 habcant:
497 2271 569 2326 sicut
586 2286 638 2326 nec
656 2271 758 2326 donare
777 2271 817 2326 eis
836 2270 1008 2326 conceditur:
1027 2286 1082 2326 non
1100 2270 1174 2326 enim
1192 2284 1389 2340 usquequaque
1407 2269 1510 2324 hahent
1528 2265 1604 2352 ῌΕῙ.)

163 2356 277 2412 liberam
297 2356 569 2414 administrationem.
598 2358 663 2414 iacti
682 2365 775 2415 umen
793 2365 836 2414 est
853 2360 986 2429 quaestio,
1005 2363 1030 2414 ai
1048 2363 1203 2428 quaeratur,
1221 2373 1365 2428 quousque
1383 2360 1423 2414 eis
1442 2357 1603 2428 permissum
1623 2379 1651 2418 ao

134 2453 148 2496 a
163 2445 292 2502 uideatur
308 2447 446 2515 peculium
465 2447 665 2504 administrare.
693 2448 763 2504 Earn
781 2462 847 2518 rem,
865 2463 948 2518 quam
966 2447 1028 2517 quis
1046 2462 1137 2502 emere
1150 2462 1204 2502 non
1216 2451 1315 2518 potest,
1334 2448 1399 2516 quia
1410 2447 1604 2502 commercium

163 2533 222 2588 cius
242 2539 367 2604 nonest,
385 2535 443 2591 iure
461 2537 583 2605 pignoris
601 2537 725 2606 accipere
743 2552 797 2592 non
816 2540 915 2606 potest,
933 2539 966 2590 ut
983 2535 1064 2591 diuus
1082 2536 1148 2590 Pius
1162 2535 1276 2592 Claudio
1290 2534 1437 2590 Saturnino
1455 2535 1603 2604 rescripsit

162 2622 230 2690 quid
247 2637 324 2692 ergo,
342 2623 366 2679 si
383 2625 525 2693 praedium
544 2625 605 2696 quis
623 2625 773 2694 litigiosum
791 2625 899 2695 pignori
917 2623 1062 2694 acceperit,
1082 2641 1118 2680 an
1135 2625 1296 2694 exceptione
1315 2623 1530 2678 summouendns
1548 2622 1603 2678 siti

163 2714 191 2765 et
209 2709 369 2766 Octauenus
391 2713 508 2783 putabat
531 2714 614 2769 etiam
638 2714 666 2770 in
686 2713 847 2783 pignoribus
865 2714 954 2769 locum
973 2711 1075 2767 hahere
1094 2713 1296 2782 exceptionem:
1320 2711 1393 2781 quod
1412 2711 1451 2766 ait
1469 2709 1602 2766 Scaeuola

161 2797 232 2854 libro
250 2799 333 2855 tertio
351 2801 488 2856 marimum
507 2803 697 2871 quaestionum
716 2802 874 2873 procedere,
894 2801 969 2856 utin
986 2799 1070 2856 rebus
1087 2799 1233 2856 mobilibus
1251 2800 1377 2870 exceptio
1389 2799 1479 2854 locum
1492 2797 1600 2854 habeat
1620 2819 1649 2860 ιι

128 2883 145 2940 2
216 2885 312 2942 (larus
330 2888 398 2944 libro
417 2890 548 2959 singrdari
566 2889 600 2946 ds
618 2889 735 2948 iormula
752 2890 957 2962 hypothecaria.
985 2888 1014 2944 Si
1032 2890 1101 2945 alius
1119 2905 1170 2960 pro
1189 2889 1300 2945 muliere
1318 2903 1389 2958 quae
1404 2888 1444 2942 in·
1463 2882 1602 2971 [ξιιμ]
1620 2901 1660 2974 ss

161 2976 292 3032 tercessit
309 2975 416 3033 dederit
432 2977 624 3050 hypothecam,
646 2985 694 3035 aut
711 2995 761 3050 pro
779 2979 835 3036 lilio
853 2977 970 3035 iamilias
989 2978 1033 3033 cni
1051 2983 1146 3034 contra
1164 2982 1277 3034 senatus
1294 2976 1448 3033 consultum
1467 2977 1601 3032 creditum

161 3069 218 3134 est,
238 3080 275 3120 an
292 3063 335 3122 his
353 3067 533 3136 succurritur,
552 3069 700 3138 quaeritur.
734 3073 762 3124 ct
780 3069 809 3124 in
827 3083 860 3124 sc
878 3067 1004 3138 quidem,
1023 3068 1070 3136 qui
1088 3082 1138 3136 pro
1157 3067 1269 3122 muliere
1287 3065 1422 3134 obligauit
1438 3079 1496 3120 rem
1513 3079 1601 3134 suam,

161 3151 272 3208 facilius
294 3153 402 3210 dicetur
423 3157 544 3212 succurri
564 3159 574 3228 l
594 3156 633 3227 ei,
657 3157 739 3213 sicuti
763 3156 917 3213 fideiussori
937 3155 1019 3211 huius
1037 3156 1158 3212 mulieris
1175 3155 1273 3212 eadem
1291 3155 1373 3210 datur
1391 3153 1525 3224 exceptio.
1552 3152 1601 3208 sed
1619 3169 1693 3218 lusu

161 3245 191 3296 et
208 3242 239 3297 in
257 3257 305 3310 eo,
324 3244 371 3314 qui
388 3259 438 3315 pro
455 3243 512 3300 tilio
530 3243 646 3302 familias
664 3261 722 3302 rem
740 3261 819 3302 suam
837 3245 985 3316 obligauit,
1003 3245 1100 3302 eadem
1119 3244 1237 3301 dicenda
1254 3249 1342 3314 eruut,
1360 3257 1432 3312 quae
1450 3245 1603 3304 tractantur
1622 3263 1650 3304 ιι

160 3335 191 3386 et
208 3332 238 3385 in
255 3329 417 3388 fideiussore
435 3333 504 3389 eius.

126 3415 144 3472 3
216 3421 338 3476 Psunus
360 3420 430 3477 libro
447 3423 528 3477 tertio
546 3423 746 3492 quaestionum.
782 3421 878 3478 Aristo
895 3423 1007 3478 Neratio
1024 3421 1118 3480 Prisco
1136 3421 1257 3492 scripsit:
1282 3421 1389 3477 etiamsi
1407 3420 1447 3475 ita
1465 3411 1603 3501 [Q]
1619 3434 1647 3487 p

160 3513 336 3564 contractum
354 3510 405 3580 sit,
423 3515 455 3566 ut
473 3511 638 3566 antecedens
656 3511 852 3580 dimitteretur,
872 3525 927 3566 non
945 3510 1040 3566 aliter⁴
1057 3512 1086 3566 in
1103 3511 1147 3566 ins
1164 3511 1287 3581 pignoris
1305 3508 1449 3577 succedet,
1467 3507 1522 3562 nisi
1539 3521 1602 3561 con·

160 3598 285 3667 uenerit,
308 3603 341 3652 nt
363 3596 417 3654 sibi
434 3598 531 3654 eadem
549 3613 594 3654 res
612 3604 686 3654 esset
704 3597 840 3668 obligata:
864 3614 955 3669 neque
973 3599 1046 3656 enim
1064 3599 1092 3654 in
1110 3599 1153 3655 ius
1170 3599 1251 3670 primi
1268 3596 1417 3654 succedere
1435 3594 1531 3664 debet,
1555 3593 1602 3662 qui

159 3685 223 3756 ipse
241 3685 309 3742 nihil
327 3688 456 3742 conuenit
474 3687 508 3742 de
525 3688 654 3759 pignore:
673 3701 728 3756 quo
747 3701 813 3744 casu
832 3688 964 3758 emptoris
982 3704 1067 3744 eausa
1083 3689 1180 3746 melior
1198 3685 1340 3742 efficietur.
1368 3683 1486 3752 denique
1498 3683 1522 3738 si
1534 3681 1603 3736 anti·
1621 3704 1651 3745 ιι

160 3774 244 3843 quior
261 3773 380 3830 meditor
397 3775 433 3830 de
450 3776 565 3846 pignore
583 3775 729 3832 hendendo
747 3791 810 3831 cum
828 3775 952 3832 debitore
970 3782 1081 3848 paetum
1099 3775 1271 3846 interposuit,
1289 3773 1423 3843 posterior
1441 3773 1533 3826 autem
1546 3785 1603 3826 ore

159 3861 236 3918 ditor
254 3862 290 3918 de
308 3862 484 3920 distrahendo
502 3863 595 3920 omisit
612 3879 667 3920 non
684 3879 734 3934 per
752 3861 929 3935 obliuionem,
947 3865 997 3920 sed
1014 3880 1077 3920 cum
1095 3863 1148 3920 hco
1165 3857 1301 3934 ageretur,
1319 3876 1354 3916 ns
1368 3865 1463 3930 posset
1474 3859 1603 3928 uendere,

158 3950 322 4022 uideamus,
341 3967 377 4008 an
395 3951 449 4008 dici
466 3953 555 4024 possit
572 3951 624 4008 hac
641 3967 730 4022 usque
746 3953 863 4008 transire
881 3953 918 4009 sd
935 3967 998 4008 cum
1017 3954 1061 4009 ius
1078 3953 1185 4024 prioris,
1203 3957 1235 4006 ut
1252 3949 1404 4006 distrahere
1421 3948 1523 4018 pignus
1540 3947 1604 4003 hnic

158 4055 328 4128 FiP(VU)]

159 4217 168 4250 ¹
188 4213 380 4272 manifestati?
444 4215 456 4250 ¹
473 4213 658 4270 inhabitantes
676 4219 768 4272 autem
787 4216 1013 4286 manumittimus]
1037 4235 1086 4288 pro
1111 4217 1165 4280 iris,
1189 4233 1254 4288 qaas
1276 4219 1381 4298 umiasrt
1403 4213 1504 4284 quidem
1522 4230 1539 4264 a
1558 4209 1603 4274 F’,

156 4288 390 4414 {stimma
404 4285 645 4414 &affffsfflzu
657 4290 722 4343 talia
731 4295 833 4360 peltas:
851 4301 886 4344 ex
898 4289 1080 4346 conuenh'ons
1097 4286 1238 4342 declarata
1251 4287 1443 4340 manumittere
1455 4296 1603 4352 possumus

158 4518 184 4602 1·
194 4515 431 4602 cum...utatur]
451 4513 497 4570 ia'u
516 4515 532 4572 ὁ
548 4516 686 4602 χροώοτιιο
699 4515 796 4572 drosos
809 4516 853 4588 ixa
908 4517 1018 4587 (Aaou.)
1078 4514 1295 4600 iliberauimus
1318 4513 1409 4570 F¹PU
1459 4513 1495 4567 14
1516 4511 1603 4616 hypo;

156 4585 507 4724 illidiiitlm
518 4587 855 4715 iimfiiinihhiii
907 4588 1128 4729 tibidis.
1143 4587 1195 4712 12²⁵
1219 4600 1359 4712 {dliii
1371 4583 1604 4710 dirimis&

156 4735 254 4786 autem
267 4729 484 4784 manumittimus
496 4747 544 4782 om.
558 4730 608 4784 F:
624 4729 656 4782 ri
668 4728 696 4782 ἐκ
710 4731 856 4794 εγιοώκογ
909 4731 1024 4786 cm.PU
1042 4733 1047 4798 Ι
1068 4729 1110 4798 eo]
1131 4733 1160 4784 et
1178 4729 1217 4782 P·
1269 4728 1305 4784 35
1326 4725 1480 4782 efficeretur
1498 4725 1606 4780 P⁰V⁰U

155 4799 324 4863 Ῠποτεθὲιτι
352 4797 505 4870 iuhpiuoba
528 4799 576 4862 oia
598 4799 811 4872 sucessores,
840 4801 856 4857 ὁ
909 4803 944 4857 36
963 4801 1079 4857 debitori
1097 4800 1134 4854 F¹
1188 4801 1222 4856 37
1241 4800 1316 4855 misit
1334 4798 1404 4853 P⁶U
1416 4799 1421 4865 Ι
1437 4796 1602 4853 oblibiouem

156 4873 251 4926 maro·
270 4872 374 4926 ἒκοικοο
396 4869 553 4942 iterospoiu
575 4873 681 4933 bisara·
700 4873 728 4926 B
745 4875 855 4941 (Aaou.)
908 4871 1155 4942 Robiigaciouem
1177 4871 1212 4928 U·
1254 4873 1291 4926 38
1308 4869 1463 4940 hocusque
1480 4867 1601 4931 wiht

157 4945 174 4998 6
193 4945 356 4998 seilicet...
370 4942 569 5011 percludamur]
589 4945 648 5014 spis
668 4943 682 4995 ir
699 4943 740 4996 art
752 4942 783 4998 rt
796 4963 855 4998 crs·
908 4943 982 5014 huic]
1000 4943 1055 4999 ulio
1072 4942 1133 4998 P·i

156 5015 271 5082 rosbais
291 5013 339 5068 rhu
364 5014 438 5068 cirros
462 5011 627 5070 bhsoudrsc
643 5011 809 5078 isoahizurar
829 5016 857 5070 B
