3766 5554
190 256 311 307 mrem
858 234 946 318 605
1369 241 1444 310 xiii
1468 245 1483 310 1
1509 249 1623 306 12-1r

190 394 275 466 hebet,
294 395 319 450 si
337 399 411 451 reete
430 395 463 450 iis
481 399 582 465 ututur,
600 411 698 452 senum
716 395 804 452 uideri
822 396 923 452 Pedius
941 395 1048 452 sorihit:
1067 397 1107 453 eit
1123 397 1195 454 enim
1215 397 1435 468 inoequsiitetem
1454 398 1623 454 maxillarum

190 486 323 540 erulorum
342 483 540 554 bracchiorum,
559 484 583 540 si
601 483 667 540 nihil
686 499 721 540 ox
738 485 888 542 ministerio
900 485 1066 560 preestepdo
1078 484 1223 556 subtrahit,
1242 491 1320 542 extro
1332 487 1540 544 redhibitionem
1553 502 1623 542 esse.

189 574 234 629 sed
255 579 285 629 et
305 575 379 628 istus
397 575 441 628 nei
459 589 522 628 orus
539 572 651 629 breuius
669 579 763 644 potest
781 573 888 630 sdierre
905 575 1145 646 impedimentum:
1169 591 1236 646 ergo
1254 575 1344 632 ethio
1362 577 1414 632 erit
1431 574 1622 630 redhibendus.

138 668 174 712 uu
189 661 215 717 Si
232 664 293 732 quis
312 667 411 718 nature
428 667 590 730 gutturosus
609 663 647 718 sit
663 667 712 718 eut
729 663 823 718 oeulos
841 663 993 720 eminentes
1011 662 1120 733 hebeat,
1139 679 1222 720 senus
1241 664 1357 720 uidetur.
1393 665 1462 720 Item
1481 663 1622 720 sciendum

188 757 227 807 est
245 767 372 807 seronem
392 765 446 806 non
465 765 526 806 esse
545 750 700 807 morbosum
719 753 765 809 uei
783 753 922 823 uitiosum,
941 759 1132 823 praeterquam
1151 753 1174 808 si
1192 751 1368 808 inheeillitete
1381 753 1493 808 dextrae
1506 752 1623 813 auidius
1642 762 1656 804 u

160 841 296 896 trinistre
319 841 419 895 utitur:
442 839 491 894 sed
516 840 589 896 hune
612 855 667 896 oon
689 857 832 912 serenam,
855 841 904 898 sed
930 857 1056 899 mentum
1076 855 1146 898 esse.
1182 842 1209 898 Is
1228 843 1273 898 eui
1291 857 1323 898 os
1342 843 1414 898 olent
1431 858 1467 897 un
1485 857 1569 897 sonus
1587 841 1624 896 sit

188 931 339 1000 quaesitum
358 934 414 984 est:
433 928 580 984 Trebatius
598 929 637 984 sit
655 945 711 986 non
728 945 790 986 esse
808 929 965 986 morbosum
983 945 1015 986 os
1033 930 1115 986 olioui
1133 930 1233 1000 olero¹,
1251 932 1337 987 ueluti
1355 931 1500 1000 hireneum,
1517 928 1623 986 suobo

187 1035 261 1075 nem:
279 1018 331 1074 boo
348 1018 421 1073 enim
440 1033 474 1072 ex
492 1018 585 1073 illuuie
603 1019 659 1075 oris
677 1019 802 1074 recidere
820 1021 917 1075 solere.
942 1019 965 1075 si
982 1023 1076 1074 temon
1095 1033 1129 1074 ex
1148 1019 1270 1089 eorporis
1287 1020 1355 1076 uitio
1371 1019 1399 1074 id
1411 1019 1520 1090 metuit,
1537 1019 1623 1074 ueluti

187 1107 258 1178 quod
276 1107 359 1176 ieeur,
378 1106 453 1178 qnod
469 1107 563 1178 puimo
581 1113 631 1162 rut
648 1108 724 1164 eliud
742 1107 807 1178 quid
826 1109 951 1164 similiter
967 1107 1049 1178 dolet,
1069 1107 1212 1164 morbosus
1231 1112 1283 1164 est
1643 1116 1657 1158 o

141 1193 172 1250 13
237 1197 331 1253 θΑιιιιι
348 1195 418 1252 iibro
435 1197 524 1266 primo
541 1195 576 1250 ed
589 1196 708 1252 edietum
722 1197 850 1253 sedilium
863 1198 1005 1252 eurulium.
1032 1197 1101 1252 item
1115 1197 1211 1252 clodus
1223 1196 1367 1254 morbosus
1378 1201 1429 1254 est.
1449 1183 1623 1273 &291³
1655 1192 1681 1248 Ε

141 1285 172 1341 14
236 1285 388 1342 Unrrusue
406 1284 474 1340 libro
492 1285 580 1355 primo
599 1285 635 1340 od
653 1285 774 1342 edietum
792 1286 920 1342 sedilium
940 1286 1081 1342 emuiium.
1110 1285 1256 1352 Quoeritnr
1273 1285 1308 1340 de
1326 1301 1430 1342 eemu-
1450 1281 1623 1368 [Effudit
1655 1291 1682 1344 Ε

185 1375 257 1446 liere,
276 1389 347 1445 queo
365 1389 474 1444 semper
491 1378 613 1430 mortuos
631 1376 711 1446 perit,
731 1391 767 1430 sn
785 1374 913 1431 morbose
930 1375 980 1431 sit:
999 1380 1028 1430 et
1046 1376 1085 1431 sit
1103 1374 1230 1446 Sabinus,
1249 1375 1273 1430 si
1291 1376 1391 1430 nuluse
1409 1375 1477 1432 uitio
1495 1376 1547 1432 hoe
1559 1392 1623 1432 eon·

159 1474 167 1518 1
185 1465 273 1534 tingit,
291 1462 447 1519 morbosam
466 1479 536 1519 esse.
565 1461 595 1519 Si
614 1465 710 1520 mulier
728 1479 865 1534 praegnas
882 1465 1007 1533 uenierit,
1024 1465 1096 1520 inter
1113 1480 1208 1520 omnes
1226 1465 1356 1520 oonuenit
1367 1481 1462 1520 sonum
1475 1481 1536 1520 eum
1548 1479 1623 1522 esse:

157 1553 332 1608 inoximum
351 1552 424 1608 eninr
442 1568 475 1608 ne
493 1553 669 1624 prseoipuum
689 1569 787 1608 munus
805 1552 968 1608 teminorum
986 1556 1029 1608 est
1047 1553 1187 1624 roeipere¹
1205 1569 1238 1609 eo
1255 1554 1327 1608 tueri
1344 1536 1522 1624 oonoeptum:
1540 1555 1622 1610 Puer·

184 1658 278 1712 perum
296 1657 404 1712 quoqne
423 1657 519 1698 senem
538 1657 608 1712 esse,
627 1643 651 1697 si
669 1641 751 1698 modo
769 1641 835 1698 nihii
854 1643 1025 1698 extrinsecus
1041 1641 1149 1712 uooidit,
1169 1641 1244 1712 quod
1262 1658 1361 1713 eorpus
1379 1643 1438 1698 eius
1457 1643 1485 1698 in
1503 1643 1623 1712 ediquem
1643 1653 1671 1694 re

158 1740 170 1784 s
185 1731 369 1787 ualetudinem
388 1732 556 1786 immitteret.
592 1731 635 1786 De
653 1731 739 1786 sterili
758 1729 867 1787 Coelius
885 1730 1053 1801 distinguere
1072 1731 1231 1788 Trebatium
1250 1731 1329 1802 dioit,
1348 1737 1392 1802 ut,
1411 1731 1435 1787 si
1452 1737 1551 1788 nutura
1568 1739 1622 1788 ste·

156 1821 240 1876 erilis
259 1821 303 1890 sit,
322 1835 391 1875 sens
408 1821 452 1890 sit,
471 1821 495 1874 si
513 1820 581 1876 nitio
599 1821 730 1890 eorporis,
748 1824 852 1876 oontre.
885 1819 956 1874 item
974 1819 1009 1874 de
1028 1834 1061 1874 eo
1079 1821 1126 1890 qui
1145 1821 1250 1876 urinrrn
1268 1819 1334 1878 ierit
1351 1821 1498 1891 quaeritur.
1526 1825 1555 1876 et
1572 1821 1622 1876 Pe·

185 1909 246 1964 dios
264 1910 303 1964 sit
321 1923 376 1964 non
394 1907 430 1964 ob
448 1925 509 1964 erm
528 1925 585 1966 rem
604 1925 701 1964 senum
720 1924 775 1964 non
793 1924 863 1980 esse,
882 1907 956 1978 quod
974 1907 1002 1964 in
1020 1910 1092 1965 lecto
1109 1925 1205 1966 somno
1223 1911 1342 1980 uinoque
1356 1925 1467 1980 pressus
1479 1914 1528 1965 out
1539 1910 1621 1966 etism

183 2000 294 2070 pigritie
316 1997 448 2068 surgendi
470 1997 575 2054 urinum
601 1996 697 2054 iseiot:
723 1999 765 2054 sin
783 2005 876 2054 eutem
895 1998 962 2054 uitio
980 1998 1090 2054 uesioee
1108 1999 1252 2054 oolleotum
1271 2013 1393 2055 umorem
1412 1999 1550 2056 eontinere
1568 2015 1622 2054 non

184 2094 289 2158 potest,
307 2103 362 2144 non
380 2087 445 2158 quie
462 2087 568 2142 urinam
587 2087 614 2142 in
633 2087 704 2142 leeto
723 2085 802 2157 iecit,
821 2087 871 2144 sed
890 2087 955 2158 quis
971 2088 1099 2143 uitiosum
1119 2088 1239 2144 uesicam
1257 2087 1354 2158 babet,
1373 2087 1508 2144 redhiberi
1525 2103 1622 2158 posse:
1641 2097 1670 2140 ro

155 2185 167 2232 t
184 2182 212 2232 et
229 2177 322 2233 uerius
341 2175 475 2246 estquod
494 2175 604 2232 Pedius.
632 2175 708 2232 Idem
728 2176 775 2245 uit,
794 2176 818 2232 si
836 2192 892 2232 uus
909 2177 1024 2233 alieuius
1042 2177 1168 2247 praecise
1179 2177 1223 2248 sit,
1241 2178 1336 2234 toliere
1348 2176 1438 2246 megis
1450 2193 1532 2248 quern
1545 2191 1622 2248 prse-

183 2272 256 2322 sters
273 2265 491 2334 redhibitionem,
510 2265 583 2334 quod
602 2264 714 2321 morbus
732 2265 875 2321 minuitur:
895 2281 948 2336 ego
967 2271 1042 2336 puto,
1060 2267 1084 2322 si
1102 2265 1213 2322 morbus
1231 2267 1340 2337 desinit,
1358 2282 1413 2322 non
1430 2281 1492 2322 esse
1503 2265 1622 2322 redhibi-

153 2357 250 2411 ttiooi
267 2356 367 2424 losum,
387 2355 429 2410 sin
447 2360 539 2410 eutem
559 2353 655 2410 uitium
673 2358 840 2425 perseueret,
859 2353 1067 2410 redhibitionem
1087 2356 1175 2411 iooum
1195 2355 1304 2412 heure.
1333 2354 1362 2412 Si
1380 2356 1442 2425 quis
1454 2355 1547 2425 digitis
1559 2371 1622 2412 eon·

183 2445 283 2500 iunctis
302 2449 440 2513 nesostur,
459 2459 513 2498 non
532 2442 643 2498 uidetur
660 2459 744 2499 senus
762 2457 832 2514 esse,
851 2443 901 2500 ssd
919 2445 958 2500 its
972 2443 1092 2516 demum,
1110 2445 1134 2500 si
1145 2445 1363 2502 incommodatur
1376 2445 1411 2500 ud
1423 2460 1504 2500 usum
1517 2461 1622 2500 monus.
1641 2455 1671 2495 u

127 2540 166 2588 tt
183 2534 193 2608 fl
212 2534 354 2590 hiulierenr
372 2533 411 2588 its
429 2537 525 2602 ertum,
545 2537 576 2588 ut
593 2532 690 2588 mulier
707 2530 766 2587 iieri
781 2547 836 2588 non
847 2534 944 2603 possit,
962 2549 1058 2589 sunem
1071 2549 1125 2590 non
1138 2533 1225 2590 uideri
1238 2537 1354 2590 oonstot.
1384 2531 1414 2588 Si
1426 2534 1487 2604 quis
1499 2531 1622 2588 torrites
1639 2539 1656 2588 t.
1667 2541 1712 2588 use

182 2622 292 2690 hebeat,
311 2639 347 2678 en
365 2621 503 2678 redhiberi
521 2621 600 2691 qussi
618 2621 734 2678 uitiosus
752 2621 849 2692 possit,
868 2621 1015 2692 quaeritur.
1044 2628 1073 2678 et
1089 2623 1113 2677 si
1132 2621 1253 2678 irruisse
1264 2621 1316 2678 hee
1328 2627 1393 2679 sunt
1405 2636 1474 2692 quse
1486 2622 1622 2691 existimo,

182 2710 210 2766 id
228 2715 274 2766 est
291 2711 467 2782 inueterstes,
486 2715 515 2766 et
533 2711 580 2780 qui
598 2710 652 2766 ium
671 2709 770 2766 direnti
789 2726 843 2767 non
861 2711 969 2781 possint
986 2709 1106 2766 isuoium
1126 2717 1256 2780 tumores,
1274 2711 1322 2782 qni
1340 2707 1463 2765 irruisse
1481 2709 1565 2766 hebet
1583 2711 1622 2764 ui·

151 2800 270 2856 etiosns
295 2804 346 2856 est
383 2799 412 2856 Si
437 2799 564 2856 uenditor
588 2800 747 2856 nominatim
769 2799 908 2870 exceperit
930 2799 966 2854 de
989 2801 1081 2870 aliquo
1105 2799 1200 2856 morbo
1224 2804 1253 2856 et
1275 2799 1311 2854 de
1333 2803 1425 2856 oetero
1444 2815 1541 2854 senum
1560 2813 1621 2854 esse

181 2887 283 2944 dixerit
301 2893 350 2944 snt
365 2889 529 2958 promiserit,
548 2887 677 2944 standum
696 2894 740 2946 est
758 2904 791 2944 eo
810 2887 883 2958 quod
902 2889 1030 2945 oonuenit
1045 2887 1257 2958 (remittentibus
1269 2888 1341 2944 enim
1354 2888 1477 2944 renones
1488 2903 1554 2946 suus
1567 2903 1620 2944 non

181 2983 225 3033 est
247 2993 390 3048 regressus
411 2977 544 3048 dendus),
569 2977 622 3032 nisi
640 2979 730 3033 soiens
747 2977 876 3034 uenditor
895 2975 1018 3032 morbum
1037 2979 1162 3034 consulto
1181 2977 1302 3034 retiouit:
1326 2982 1393 3032 tnno
1410 2976 1482 3032 enim
1502 2975 1620 3032 dendsnr
1639 2986 1668 3028 so

136 3079 164 3124 ro
181 3082 244 3122 esse
263 3066 298 3123 de
316 3067 380 3122 dolo
397 3067 470 3122 meio
487 3067 701 3136 repiieetionem.
728 3065 758 3123 Si
777 3066 936 3122 nominetim
955 3067 1067 3124 morbus
1085 3073 1217 3138 exeeptus
1235 3065 1352 3136 nonsit,
1370 3065 1434 3120 tuiis
1446 3068 1538 3122 temen
1551 3080 1620 3120 rnor-

180 3154 234 3212 bus
259 3156 309 3228 sit,
332 3143 379 3225 qrii
401 3153 528 3212 omnibus
550 3156 641 3225 potuit
664 3171 797 3226 appr-rere
820 3159 863 3224 (ut
882 3159 951 3227 pute
968 3169 1067 3212 osseus
1086 3155 1166 3212 homo
1185 3154 1313 3226 uentbet,
1336 3159 1385 3210 eut
1402 3154 1449 3224 qui
1467 3155 1620 3210 oiostrioem

180 3245 339 3300 euidentem
364 3249 393 3300 et
415 3245 596 3316 periculosam
615 3243 735 3300 hahebat
752 3245 797 3300 uel
814 3245 842 3300 in
861 3245 951 3316 oepite
970 3245 1015 3300 uel
1033 3245 1061 3301 in
1080 3245 1134 3300 elin
1149 3247 1245 3316 porto⁸
1263 3243 1410 3316 eorporis),
1433 3243 1493 3299 eius
1510 3243 1621 3298 nomine

179 3349 236 3389 non
256 3333 343 3388 teneri
363 3331 515 3388 Geeoilius‘
533 3333 585 3404 eit,
609 3332 722 3405 perinde
740 3349 774 3389 eo
791 3333 815 3390 si
833 3333 993 3390 nominetim
1012 3334 1124 3390 morbus
1142 3339 1275 3406 exeeptis
1293 3331 1404 3389 inisset:
1428 3331 1465 3388 od
1482 3347 1530 3388 eos
1548 3331 1620 3407 enim

180 3421 293 3478 morbos
310 3422 432 3492 tritisque
449 3422 587 3492 pertinere
605 3422 725 3478 edietum
744 3421 872 3478 sedilium
890 3421 1063 3494 probandum
1082 3428 1139 3495 est,
1158 3439 1230 3495 quse
1247 3424 1309 3494 quis
1326 3422 1466 3494 ignoreuit
1482 3421 1526 3476 uel
1544 3421 1620 3490 igno
1639 3430 1668 3473 ru

179 3526 241 3566 rnre
259 3511 358 3581 potuit

128 3603 162 3660 15
234 3601 355 3656 Pronus
376 3598 447 3655 libro
470 3599 616 3657 nndeeimo
640 3600 675 3656 od
695 3599 836 3658 Sabinum.
872 3599 948 3668 Quos
966 3599 1010 3656 bis
1028 3601 1056 3656 in
1074 3616 1168 3658 mense
1185 3605 1334 3672 purgetur,
1358 3614 1427 3656 sene
1444 3591 1620 3682 [Q
1639 3601 1675 3657 'S

180 3703 236 3744 non
255 3693 306 3758 est,
324 3689 390 3745 item
409 3703 480 3759 quse
498 3705 553 3745 non
570 3695 712 3760 purgetur,
731 3691 783 3746 nisi
800 3705 851 3760 per
868 3694 987 3746 sentem
1005 3689 1114 3746 euoidit

127 3781 161 3838 16
234 3777 408 3834 Ponrourue
424 3777 493 3834 libro
511 3779 643 3834 uicesimo
661 3779 743 3836 tertio
761 3779 797 3834 sd
815 3778 956 3836 Sabinum.
984 3779 1062 3846 Quod
1081 3779 1121 3834 ite
1137 3783 1263 3834 sanetum
1281 3782 1332 3848 est,
1351 3777 1426 3834 utin
1458 3787 1620 3844 1111111111
1639 3781 1675 3835 'S

179 3865 326 3936 pristinum
345 3871 447 3922 statum
465 3867 662 3938 restitueretur,
680 3867 793 3938 perinde
811 3867 967 3924 habendum
986 3875 1036 3938 est,
1055 3869 1134 3937 quusi
1152 3883 1300 3938 numquam
1319 3865 1475 3922 morbosum
1494 3865 1593 3920 esseti.
1639 3876 1668 3916 so

126 3959 161 4014 17
235 3953 387 4011 Unrmrus
411 3955 480 4012 libro
504 3956 592 4026 primo
617 3956 653 4012 sd
676 3956 796 4012 edietum
815 3955 943 4012 reditium
961 3956 1104 4012 curulium.
1141 3955 1213 4022 Quid
1230 3956 1267 4012 sit
1284 3954 1426 4026 fugitiuus,
1445 3948 1621 4039 [essi'dsrffi
1655 3957 1682 4012 li

178 4050 345 4123 FiPti'Uii

180 4185 243 4240 ¹os
261 4183 342 4239 dioni
360 4185 434 4241 olere
453 4187 499 4240 det.
554 4185 727 4256 ¹ooneipere
746 4186 852 4254 (Helui
899 4188 1025 4258 ⁸uperte
1043 4196 1090 4243 ins.
1140 4185 1278 4243 ‘Gordus
1296 4184 1400 4254 (Helui
1450 4186 1555 4239 ‘esset
1572 4185 1619 4238 det

179 4309 196 4362 1
216 4307 321 4377 iile1,
339 4307 382 4364 his
396 4309 439 4373 F’,
458 4328 507 4364 om.
520 4309 618 4376 PVUi
635 4310 831 4380 inequiiitatem
850 4312 878 4365 P
927 4309 992 4366 beet
1009 4312 1057 4376 1²⁶,
1078 4309 1234 4366 entisnioho
1256 4308 1357 4364 hebent
1379 4309 1410 4373 V,
1433 4317 1516 4363 eunuc
1536 4305 1619 4362 hehe

178 4378 393 4434 bredimendus
410 4380 453 4433 P·
495 4381 748 4448 binueeiditateF,
766 4381 873 4436 inberil·
927 4382 992 4438 beet
1013 4382 1047 4437 U·
1101 4383 1136 4437 26
1159 4379 1281 4436 torrites
1299 4379 1359 4449 hee]
1385 4378 1499 4434 unteehe
1519 4380 1550 4443 P,
1572 4394 1619 4434 sn·

177 4449 257 4505 litote
275 4452 316 4505 P·
360 4453 490 4506 tutetur
507 4451 561 4506 PV
604 4453 724 4510 iueluti
737 4453 873 4510 hiroosum
926 4453 1003 4510 tethe
1016 4454 1047 4518 V,
1061 4453 1216 4508 terrestri]
1255 4449 1619 4514 vermandensium

178 4521 348 4593 strabonem]
371 4521 433 4584 οῨτε
456 4521 472 4575 ὁ
496 4521 607 4593 crpessdc
631 4524 694 4586 οῩτε
720 4523 735 4578 ὁ
753 4525 874 4586 bredher
931 4525 964 4580 U·
980 4527 985 4592 Ι
1001 4523 1125 4578 inridier
1141 4521 1234 4592 hebet]
1252 4521 1454 4579 unduehinieha
1471 4519 1572 4576 hebent
1588 4521 1618 4587 V,

177 4591 249 4662 ἓχωκ
269 4593 344 4647 edus
363 4594 390 4647 Β
433 4593 562 4650 udlnbie
579 4594 617 4648 F¹
662 4596 799 4651 dmuimo
813 4594 873 4666 1²⁶1
927 4595 1088 4652 intiment
1107 4593 1195 4649 ..best
1215 4596 1263 4659 Ρ·,
1292 4593 1447 4650 sntisohem
1467 4591 1622 4648 heberti)

177 4664 255 4734 quid]
276 4663 350 4734 quod
367 4664 408 4719 P·
463 4667 496 4720 12
520 4663 645 4721 sebinum
667 4667 707 4720 P·
762 4668 795 4722 16
812 4681 873 4722 eae
926 4669 963 4722 32
981 4665 1089 4734 oeeous]
1109 4665 1132 4720 si
1150 4679 1233 4722 oeous
1251 4664 1330 4720 PVU
1349 4667 1354 4732 Ι
1374 4662 1503 4720 ueniebat
1518 4663 1624 4720 FPVU

177 4734 232 4789 lius
245 4735 427 4804 distingueret
437 4734 575 4792 trebonius
587 4736 634 4804 P·,
649 4738 764 4793 oeeiium
778 4737 873 4794 distin·
926 4739 962 4794 33
980 4737 1024 4794 nei
1042 4737 1070 4794 in
1089 4737 1143 4792 ulie
1159 4736 1246 4808 perte]
1266 4736 1281 4790 is
1298 4736 1378 4801 istor
1396 4736 1493 4806 utpote
1511 4736 1619 4802 (utuosc

178 4821 265 4874 gnere
282 4807 421 4862 treheoins
439 4807 510 4861 P⁶U
552 4809 584 4862 li
604 4807 694 4864 sit'sn
713 4809 812 4864 sterilis
830 4808 873 4864 sit'
926 4811 1016 4874 oiddi
1070 4809 1105 4864 35
1122 4807 1290 4876 ignoreuerit
1308 4808 1365 4862 PV
1412 4809 1446 4863 37
1464 4807 1517 4878 bis]
1537 4807 1622 4864 uisF

178 4878 341 4932 senesitF³
356 4879 361 4946 1
377 4878 593 4934 itemom.PVU
634 4881 667 4936 18
679 4879 824 4950 pr‘s'essus
834 4881 873 4934 F’
926 4879 1053 4935 391ihro
1076 4881 1161 4935 xxxiii
1184 4879 1245 4946 PU,
1271 4878 1316 4935 lib.
1335 4879 1439 4936 ων
1489 4881 1523 4936 dl
1542 4878 1618 4950 quid]

180 4949 218 5001 19
239 4949 381 5020 pigritiem
406 4948 650 5018 Ρ·11ιιι11Ρ·1’
707 4951 742 5006 23
768 4950 871 5021 digitis]
926 4951 974 5022 qui
990 4950 1089 5016 PV·U‚
1106 4952 1167 5021 quis
1183 4951 1218 5007 Vi

179 5018 239 5088 digi
255 5021 295 5074 P·
342 5022 378 5076 25
395 5019 519 5076 turribus
530 5021 639 5092 hebent]
658 5023 814 5079 sntiemehe
825 5023 872 5078 de·
