3738 5550
284 274 370 342 XVII
394 279 408 340 l
432 281 548 336 58—59
642 223 646 226 -
953 265 1041 346 496
1560 287 1721 335 maumam

283 431 349 487 Titii
367 435 530 500 competere,
549 431 614 499 quie
632 430 786 484 mandatum
805 433 891 484 morte
908 427 1085 497 mandatoris,
1103 442 1158 481 non
1176 426 1259 481 etism
1279 426 1401 481 mandati
1413 424 1484 480 actio
1495 424 1620 480 soluitur.
1647 422 1721 493 quod

284 521 308 574 si
325 521 383 574 sine
402 519 532 574 mandatu
551 518 738 574 defensionem
757 518 915 588 suscepisti,
935 516 1073 585 negotium
1091 514 1292 585 quodammodo
1310 512 1432 569 defuncti
1449 528 1545 583 gerere
1563 513 1722 567 institueras

284 614 313 664 et
329 608 566 679 quemadmodum,
586 609 609 662 si
627 608 702 662 illum
720 605 874 674 liberasses,
893 609 1061 674 competeret
1080 603 1129 658 tihi
1142 604 1313 673 negotiorum
1326 607 1467 672 gestorum
1480 603 1560 672 actio,
1578 601 1619 656 ita
1629 604 1724 670 potest

252 706 265 752 1
284 697 338 751 dici
355 703 383 751 et
400 696 526 752 heredem
546 697 604 751 eius
624 696 719 750 eadem
739 694 846 748 actione
863 696 960 748 teneri.
989 693 1090 747 Lucius
1103 693 1192 747 Titius
1212 691 1339 746 creditori
1357 707 1407 746 suo
1426 690 1613 746 mandatorem
1632 689 1722 743 dedit:

284 785 383 840 deinde
405 783 533 840 defuncto
558 784 680 840 debitore
705 783 808 837 maiore
833 789 911 852 parte
935 782 1098 837 creditorum
1122 781 1310 836 consentiente
1331 783 1492 848 apraetore
1509 779 1652 834 decretum
1671 783 1754 846 estc

284 878 316 929 ut
337 875 488 944 portionem
514 873 661 928 creditores
685 871 721 926 ab
744 870 891 926 heredibus
914 869 1015 941 ierant,
1039 870 1153 926 absente
1177 885 1210 924 eo
1233 869 1367 928 creditore
1385 867 1459 938 apud
1477 883 1559 938 quem
1577 865 1725 921 mandator

285 964 439 1018 exstiteret:
463 977 578 1032 quaero,
603 962 626 1016 sl
649 961 793 1015 mandator
815 960 1007 1029 conueniatur,
1032 976 1066 1014 an
1085 959 1199 1014 eandem
1219 957 1319 1013 habeat
1336 957 1524 1027 exceptionem
1542 971 1625 1025 quam
1643 953 1724 1009 heres

285 1050 423 1107 debitoris.
453 1051 595 1120 respondi:
619 1050 643 1105 si
660 1064 792 1119 praesens
811 1047 883 1118 apud
902 1054 1056 1118 praetorem
1075 1049 1134 1116 ipse
1152 1062 1262 1117 quoque
1281 1045 1478 1114 consensisset,
1496 1047 1595 1114 pactus
1613 1043 1724 1098 uidetur

284 1140 357 1194 iusta
374 1155 409 1194 ex
427 1155 511 1194 causa
528 1154 615 1208 eaque
634 1138 759 1208 exceptio
778 1140 806 1190 et
824 1134 978 1192 fideiussori
997 1136 1089 1192 danda
1106 1142 1181 1192 esset
1198 1141 1227 1192 ct
1245 1135 1406 1190 mandatori
1435 1133 1485 1188 sed
1503 1148 1565 1187 cum
1583 1147 1724 1203 proponas

285 1243 347 1283 eum
372 1226 487 1298 afuisse,
511 1228 632 1296 iniquum
656 1232 699 1282 est
717 1225 817 1281 aulerri
836 1226 861 1279 ei
880 1227 1040 1281 electionem
1060 1225 1143 1290 (sicut
1159 1225 1260 1295 pignus
1279 1227 1329 1279 aut
1346 1222 1543 1292 priuilegium),
1568 1222 1615 1291 qui
1633 1221 1725 1291 potnit
1743 1235 1771 1274 rc

285 1405 511 1461 summouendum
530 1404 701 1474 creditorem,
719 1405 813 1459 heredi
831 1404 988 1473 consulitur,
1007 1403 1057 1457 sed
1075 1402 1229 1458 mandatori
1247 1401 1292 1456 uel
1309 1398 1471 1468 fideiussori,
1488 1397 1589 1468 quihus
1602 1398 1725 1452 mandati

285 1494 385 1550 iudicio
404 1493 516 1548 eandem
534 1500 641 1562 partem
658 1497 847 1563 praestaturus
866 1498 916 1546 est.
948 1491 1029 1562 plane
1047 1490 1124 1546 siah
1143 1489 1242 1545 herede
1258 1495 1364 1559 partem
1384 1488 1545 1558 accepisset,
1564 1503 1600 1541 an
1618 1487 1647 1542 iu
1663 1485 1725 1541 reli·

285 1599 369 1652 quum
391 1582 602 1651 permittendum
628 1588 703 1637 esset
726 1581 854 1636 creditori
870 1579 1059 1636 fideiussorem
1079 1579 1238 1650 conuenire,
1263 1577 1418 1634 dubitatum
1436 1581 1493 1632 est:
1517 1575 1568 1632 sod
1586 1573 1726 1636 uidebitur

286 1671 438 1726 consentire
456 1670 567 1725 decreto
585 1669 775 1726 conueniendo
793 1668 931 1724 heredem.
1745 1677 1773 1716 rs

228 1757 266 1816 59
338 1759 415 1813 inum
432 1757 501 1814 libro
519 1765 617 1828 quarto
634 1773 836 1829 responsorum.
865 1757 895 1812 Si
912 1755 1043 1811 mandatu
1056 1756 1122 1811 Titii
1133 1754 1295 1826 Calpurnius
1306 1755 1451 1825 pecuniam
1464 1767 1548 1823 quam
1567 1745 1725 1836 Q
1742 1757 1770 1812 P

286 1848 374 1902 Titius
397 1845 527 1902 credebat
548 1847 694 1916 stipulatus
713 1852 858 1902 essetnec
877 1845 998 1901 donandi
1017 1845 1122 1914 auimo,
1145 1844 1266 1900 mandati
1284 1843 1386 1899 iudicio
1404 1859 1466 1898 eum
1485 1841 1521 1897 ab
1539 1841 1641 1897 herede
1660 1842 1726 1896 'litii

285 1950 367 2004 posse
385 1936 532 2003 conueniri,
551 1940 583 1989 ut
601 1936 723 1991 actiones
742 1950 807 1990 suas
825 1939 961 2004 praestet:
980 1933 1052 1988 idem
1071 1937 1161 1988 estet
1179 1932 1203 1988 si
1220 1937 1318 1988 exacta
1336 1935 1379 1986 est
1396 1947 1414 1986 a
1432 1931 1580 2002 Oelpnmic
1598 1931 1725 2001 pecunia

253 2034 266 2080 1
285 2025 386 2079 Paulus
404 2024 545 2094 respondit
560 2022 763 2093 fideiussorem,
788 2023 833 2092 qui
853 2037 910 2078 rem
927 2022 1050 2091 pignoris
1067 2021 1126 2076 iure
1144 2020 1294 2090 obligatam
1312 2037 1329 2075 a
1347 2021 1481 2076 creditore
1501 2019 1581 2090 emit,
1602 2019 1727 2076 mandati

285 2111 386 2167 indicio
404 2117 568 2168 conuentum
589 2112 624 2168 ab
642 2112 743 2167 herede
761 2111 893 2167 debitoris
911 2109 1001 2166 oblato
1020 2110 1094 2166 omni
1113 2109 1223 2165 dehito²
1241 2110 1384 2164 restituere
1402 2125 1465 2164 cum
1479 2107 1614 2164 fructibus
1626 2123 1725 2178 coges·
1744 2119 1775 2159 sc

286 2201 345 2254 dem
363 2213 451 2269 neque
469 2199 623 2256 habendum
643 2201 760 2255 similem
779 2203 911 2254 extraneo
928 2199 1052 2269 emptori,
1071 2214 1133 2256 cum
1152 2200 1181 2254 in
1198 2199 1272 2254 omni
1284 2201 1426 2253 contractu
1438 2197 1538 2253 honam
1551 2195 1635 2252 ouem
1647 2211 1726 2266 prae-

252 2298 268 2342 t
286 2293 357 2342 stare
373 2285 482 2344 debeat
512 2289 613 2344 Peulus
630 2288 773 2358 respondit
790 2288 835 2343 die
853 2288 961 2343 adiecto
980 2289 1008 2344 in
1026 2287 1164 2358 mandato,
1182 2288 1255 2342 intra
1272 2302 1352 2357 quern
1366 2291 1567 2356 praestaturum
1580 2301 1610 2341 se
1623 2285 1726 2340 Lucius

286 2375 374 2431 'litius
392 2376 514 2446 scripsit,
533 2391 588 2432 non
606 2393 668 2432 esse
686 2376 889 2447 impedimento,
908 2391 962 2446 quc
981 2377 1070 2431 minus
1088 2377 1171 2432 etiam
1190 2379 1253 2446 pest
1271 2391 1334 2430 eum
1352 2374 1425 2430 diem
1443 2375 1583 2431 conueniri
1603 2373 1726 2428 mandati

254 2474 268 2518 e
286 2463 386 2519 iudicio
403 2465 499 2534 possit.
528 2466 629 2521 Paulus
646 2466 788 2536 respondit
805 2483 890 2521 unum
908 2481 943 2521 ex
961 2463 1167 2520 mandatoribus
1184 2465 1213 2519 in
1229 2463 1346 2520 solidum
1365 2464 1430 2533 eligi
1442 2478 1533 2534 posse,
1551 2463 1726 2518 etiamsinon

286 2552 324 2608 sit
340 2567 500 2607 concessum
518 2553 546 2608 iu
565 2554 707 2612 mandato:
725 2560 790 2624 post
806 2555 1060 2612 condemnationem
1079 2559 1170 2609 autem
1188 2552 1217 2608 in
1235 2552 1349 2608 ducrum
1368 2567 1514 2622 persenam
1532 2551 1660 2608 collatam
1678 2566 1726 2607 ne-
1746 2563 1776 2603 as

253 2651 269 2696 4
287 2642 405 2696 cessario
426 2657 462 2696 ex
479 2657 564 2697 causa
581 2643 694 2698 iudicati
713 2644 836 2713 singulos
854 2658 904 2714 pro
921 2649 1001 2712 parte
1019 2641 1132 2698 dimidia
1150 2642 1288 2697 conueniri
1304 2655 1387 2711 pesse
1406 2645 1435 2696 et
1453 2641 1563 2696 debere.
1600 2639 1728 2696 Crediter

286 2730 386 2800 pignus
405 2729 540 2786 uendidit:
559 2746 670 2801 quaero,
689 2748 732 2802 an,
751 2733 775 2788 si
793 2733 884 2787 euicta
901 2733 938 2786 sit
955 2731 1093 2802 possessio
1111 2731 1236 2801 emptori,
1255 2744 1412 2799 regressum
1429 2729 1549 2786 creditor
1565 2729 1601 2784 ad
1613 2727 1726 2784 manda

286 2823 373 2874 torem
397 2817 498 2874 hahere
521 2820 611 2888 possit
627 2825 656 2874 et
674 2835 709 2875 sn
726 2821 853 2890 intersit,
869 2820 1012 2877 creditoris
1030 2821 1089 2875 iure
1107 2819 1259 2875 uendiderit
1276 2836 1311 2874 an
1330 2819 1467 2874 communi
1484 2818 1544 2874 iure
1561 2817 1726 2888 promiserit

269 2908 388 2993 'Paulus
406 2906 555 2977 respondit,
576 2908 600 2963 si
618 2909 736 2964 creditor
753 2924 788 2964 ex
805 2910 894 2979 pretio
912 2909 1057 2978 pignorum
1076 2908 1198 2964 debitum
1217 2911 1382 2963 consecutus
1399 2923 1455 2964 non
1472 2908 1517 2977 sit,
1537 2906 1727 2962 mandatorem
1747 2914 1778 2956 aa

285 2995 401 3052 liberum
419 3011 474 3051 non
491 2995 586 3056 uideri.
615 3012 650 3052 ex
667 2996 719 3054 hoc
737 3013 869 3068 responso
887 3002 1009 3068 apparet,
1028 2998 1052 3052 si
1070 2997 1213 3052 edictionis
1229 2998 1339 3053 nomine
1350 3013 1406 3052 non
1417 3002 1552 3066 teneatur,
1573 2993 1727 3070 ilprelicero
1746 2995 1765 3042 t·
1776 2991 1829 3044 Μ’

254 3095 269 3142 o
287 3100 348 3140 eam
367 3099 424 3140 rem
443 3084 478 3139 ad
496 3083 692 3141 liberationem.
720 3085 775 3142 ‘llle
793 3087 831 3142 illi
849 3087 974 3142 salutem.
1002 3085 1103 3142 Mando
1121 3085 1179 3154 tibi,
1198 3091 1230 3141 nt
1241 3086 1350 3140 Blaesio
1363 3084 1467 3141 Seuero
1480 3083 1564 3140 adfini
1577 3099 1638 3140 meo
1649 3089 1728 3140 octo

288 3173 372 3244 'ginta
389 3172 485 3228 eredas
504 3172 556 3228 sub
574 3175 688 3244 pignore
706 3175 751 3231 illo
769 3180 799 3231 et
815 3176 874 3232 illo:
892 3175 921 3230 in
938 3189 1020 3244 qoam
1038 3175 1182 3244 pecorum
1201 3178 1230 3229 et
1247 3173 1379 3243 quidquid
1397 3189 1542 3230 usurarum
1560 3174 1669 3229 nomine
1682 3187 1727 3227 ae-

288 3261 410 3317 'cesserit
425 3261 581 3318 indemnem
598 3263 733 3320 rationem
752 3269 828 3318 tuam
846 3279 891 3319 me
909 3277 970 3318 esse
989 3277 1023 3318 ex
1042 3279 1127 3318 cansa
1144 3262 1266 3318 mandati
1283 3263 1312 3316 in
1330 3277 1393 3318 eum
1411 3261 1497 3334 diem,
1516 3260 1609 3332 quoad
1626 3261 1728 3316 uixerit

288 3349 420 3406 ‘Blaesius
438 3348 566 3420 Seuerus
583 3351 802 3422 praestaturam.¹
830 3356 927 3423 postea
944 3367 1027 3422 saepe
1045 3357 1197 3408 coenemus
1211 3350 1360 3406 mandator
1372 3366 1428 3407 non
1440 3351 1596 3422 respondit:
1614 3363 1727 3420 quaero,

288 3454 323 3495 au
346 3441 434 3494 morte
456 3437 588 3494 debitoris
610 3441 742 3496 liberatus
765 3441 809 3496 sit
842 3441 944 3497 Paulus
963 3441 1107 3512 respondit
1123 3440 1245 3496 mandati
1262 3439 1457 3510 obligationem
1474 3445 1636 3510 perpemam
1654 3452 1727 3506 esse,
1749 3445 1781 3488 δῦ

286 3528 352 3583 licet
374 3528 403 3582 in
426 3527 556 3582 mandato
581 3527 717 3585 adiectum
742 3528 869 3584 uideatur
891 3530 1046 3586 indemnem
1066 3531 1198 3586 rationem
1216 3532 1293 3584 tuam
1312 3548 1351 3583 me
1368 3543 1430 3584 ease
1448 3543 1482 3584 ex
1501 3543 1586 3583 mesa
1602 3525 1729 3582 mandati

254 3625 269 3672 o
287 3614 316 3669 in
333 3630 397 3669 eum
415 3614 501 3686 diem,
525 3617 617 3683 quoad
634 3619 734 3673 uixerit
751 3618 877 3672 Blaesius
896 3617 1028 3689 Seuerus,
1046 3623 1257 3689 praestaturum.
1287 3615 1388 3672 Paulus
1405 3617 1548 3687 respondit
1565 3630 1620 3670 non
1637 3613 1729 3670 uideri

287 3701 409 3758 mandati
432 3703 587 3760 condicione·
608 3705 741 3774 paritum,
765 3721 827 3760 cum
850 3707 879 3761 in
902 3693 1031 3763 mandato
1054 3706 1191 3762 adiectum
1215 3706 1263 3776 sit,
1288 3709 1321 3762 ut
1340 3705 1440 3762 idonea
1457 3705 1549 3761 cautio
1567 3719 1585 3758 a
1601 3702 1729 3758 debitore

288 3790 451 3862 exigeretur,
469 3792 494 3848 si
511 3806 601 3861 neque
618 3791 762 3850 fideiussor
780 3809 869 3864 neque
886 3795 1003 3866 pignora
1021 3799 1136 3865 accepta
1153 3795 1216 3850 sint

287 3879 312 3932 F
325 3881 368 3946 (m.
380 3879 399 3931 2
415 3879 510 3952 deficit)
529 3881 638 3949 PtVU)

289 4002 389 4057 ¹enim
407 4003 454 4057 det.
526 4004 614 4060 'rem
633 4013 681 4060 tm.

290 4107 305 4162 1
324 4107 492 4179 mandatum]
503 4110 587 4181 sPU,
611 4111 803 4168 mandaturum
821 4112 855 4166 F:
879 4111 912 4166 τὸ
934 4111 980 4183 sip
1033 4120 1122 4184 opiter
1140 4113 1170 4166 ds
1188 4113 1312 4166 eiusmodi
1329 4095 1463 4177 oblatione,
1481 4111 1573 4166 ablato
1586 4109 1644 4164 FU·
1660 4109 1665 4176 Ι
1682 4124 1731 4165 oo·

289 4179 429 4245 aashdros,
449 4179 481 4242 οῨ
494 4180 545 4234 ads
559 4183 598 4235 rai
613 4181 627 4234 ἡ
641 4184 696 4254 περὶ
712 4181 793 4245 aire?
805 4181 891 4248 drmsr's
904 4183 980 4238 tots·
1033 4182 1164 4252 geudum]
1176 4182 1266 4249 P⁸(m.
1275 4185 1344 4252 stre),
1353 4189 1467 4252 oogotur
1476 4183 1594 4238 FP⁰VU
1617 4183 1651 4236 21
1661 4197 1732 4236 oon·

290 4267 361 4312 errat
372 4250 674 4318 BiAnon.)etsimiliter
683 4253 732 4308 RS
741 4255 852 4326 (Stepls.)
879 4256 980 4308 2mau·
1033 4258 1121 4309 tracto
1140 4255 1180 4308 1²⁶
1196 4256 1200 4321 Ι
1216 4253 1316 4309 bonam
1333 4252 1416 4310 fidom
1434 4254 1584 4324 praestaro]
1593 4253 1733 4338 [U'mrm

289 4319 355 4374 dato
372 4321 426 4374 PU
437 4323 442 4387 Ι
457 4323 571 4390 nogotio
588 4324 615 4376 F
621 4325 661 4389 (su
697 4327 753 4400 ts)
806 4325 871 4378 oet
887 4339 981 4395 quom·
1034 4323 1174 4394 BS(ne.):
1193 4325 1231 4378 sei
1252 4324 1297 4395 [ὀρ
1315 4325 1471 4387 κετΔῑῩτοῨ
1488 4323 1733 4389 transcurrente?

289 4388 407 4446 admodo
424 4392 484 4458 Ρ·1
505 4391 634 4448 liberares
680 4405 692 4426 '
712 4393 980 4464 {negotiosorum
1033 4397 1221 4459 taucicauteor
1238 4394 1318 4450 saeris
1331 4397 1502 4459 ortdrrscoar
1515 4397 1604 4460 nicrra,
1624 4395 1733 4452 bonam

288 4461 542 4535 4tenerilsPV⁵U,
555 4465 719 4519 tenereFV⁰
761 4466 932 4536 oresponoit
941 4466 981 4518 P·
1033 4465 1115 4521 fidem
1142 4466 1275 4536 praestari
1302 4467 1431 4532 From,
1459 4467 1533 4522 bona
1555 4465 1625 4522 fides
1649 4483 1734 4536 prae-

290 4532 430 4601 ieaquse
447 4534 489 4600 ΡΙ
505 4532 664 4590 fideiussore
681 4537 720 4590 P·
775 4537 809 4592 to
827 4538 873 4606 qui
890 4537 981 4607 potuit
1033 4539 1100 4592 stari
1117 4537 1151 4590 V*
1186 4539 1221 4594 22
1233 4538 1343 4607 paulus]
1356 4537 1414 4592 'res’
1427 4539 1525 4608 paulus
1538 4538 1576 4591 Ρ
1612 4539 1649 4592 23
1662 4541 1734 4594 scri-

288 4617 420 4742 praesens
432 4603 460 4657 id
472 4604 561 4673 ipsum
573 4607 752 4676 proclamare]
769 4612 921 4694 confirmant
932 4607 981 4662 RS
1033 4607 1157 4663 hitP·U
1196 4606 1500 4734 28shereF(rugpts)
1516 4611 1521 4674 l
1536 4607 1740 4665 uendiderisi'

291 4673 368 4760 ‚rri.):
388 4671 502 4757 diruere
521 4675 566 4746 rip
584 4676 674 4748 treptie
693 4678 774 4739 reiro
793 4677 858 4740 arrd
871 4677 978 4742 erudiar
1033 4681 1069 4734 29
1087 4677 1298 4734 oouoeoutu'ru's
1316 4680 1342 4733 F
1342 4679 1353 4712 ¹
1421 4681 1571 4750 Oappuret
1587 4679 1623 4748 si]
1642 4696 1735 4750 appa·

291 4746 380 4799 rirrdc
397 4744 430 4798 τὸ
447 4763 495 4799 rec
517 4744 636 4813 turtusdc
658 4749 757 4803 Aisaros
814 4751 847 4804 12
865 4749 980 4804 oredito-
1032 4754 1093 4804 reat
1110 4750 1141 4804 ni
1159 4751 1207 4814 P·,
1230 4755 1346 4819 apparot
1366 4754 1396 4804 ot
1417 4751 1441 4804 si
1465 4750 1533 4804 Pto
1584 4751 1619 4805 31
1640 4749 1736 4807 blesim

289 4830 333 4870 res
350 4818 388 4869 1²⁶
439 4817 473 4870 13
491 4815 618 4875 heredem
636 4819 772 4892 Foras)
823 4821 857 4876 14
874 4819 980 4876 uideni·
1032 4821 1112 4886 FPU,
1130 4821 1222 4891 plexie
1238 4819 1282 4888 Vl
1298 4819 1391 4890 adlini]
1404 4819 1571 4876 etaffiniP·
1616 4821 1653 4876 36
1674 4823 1734 4892 me]

289 4889 335 4941 tur
351 4887 379 4940 F
429 4887 462 4942 16
481 4887 513 4958 si]
523 4887 604 4960 fPU,
623 4887 652 4942 dt
670 4891 697 4942 F
745 4891 779 4946 18
797 4905 862 4946 suus
880 4891 981 4945 orraP‘
1034 4891 1119 4956 PVU,
1138 4893 1226 4946 om.F
1266 4892 1302 4946 38
1320 4891 1484 4961 ooudioioui]
1494 4889 1646 4966 sP‘tnU‘,
1665 4907 1736 4950 oon·

290 4957 326 5014 20
343 4956 445 5044 oblato]
463 4957 524 5012 ΡΠ*
536 4979 592 5014 cum
605 4959 653 5014 Bo
664 4959 744 5030 (rra.):
763 4963 900 5032 upocdrms
915 4961 981 5016 uer&
1033 4961 1141 5018 ditione
1159 4961 1297 5017 FP'V'Ut

289 5028 378 5084 τόκωιι
396 5048 428 5084 το
445 5030 523 5101 χρὲοι
540 5030 580 5100 τῷ
597 5028 714 5104 trusted,
733 5033 778 5088 sbi
795 5033 885 5088 deme
896 5035 982 5089 multia
