3738 5548
188 240 233 308 lll
254 243 274 307 6
294 248 310 302 5
330 275 362 286 -
383 241 402 305 7
422 247 439 300 2
865 229 952 311 348
1120 253 1150 301 sr
1173 252 1313 302 uersos
1334 253 1428 302 rsus.
1443 253 1530 302 sson.
1548 254 1622 302 nrx.

151 397 170 457 5
241 396 392 453 Uurrsrrus
410 394 479 451 libro
497 395 647 451 uicensimo
665 397 762 464 quarto
781 392 817 448 ed
834 391 963 449 edietum.
991 390 1021 447 Si
1039 406 1148 447 mensor
1165 407 1219 448 non
1237 390 1337 448 fulsum
1354 391 1466 449 modum
1485 387 1625 476 [Q
1644 401 1674 456 Ε

188 485 393 555 renuntiauerit,
412 484 463 539 sed
480 485 594 538 traxerit
612 482 839 538 renuntiationem
857 485 887 536 et
904 480 940 536 ob
958 480 1010 536 hoo
1028 481 1151 535 euenerit
1169 484 1200 534 ut
1217 479 1343 536 uenditor
1359 479 1496 551 liberetur,
1515 482 1562 551 qui
1577 480 1625 535 sd-

189 575 358 643 signsturum
384 587 414 627 se
433 571 544 629 modum
562 573 634 627 intre
652 574 756 625 eertum
775 569 847 624 diem
864 569 1003 640 promisit,
1027 568 1096 624 hs'ee
1115 569 1186 625 sotio
1204 570 1294 625 looum
1311 584 1366 624 non
1384 568 1482 628 hebet:
1506 569 1557 624 sed
1573 583 1626 624 neo

156 673 167 717 1
189 662 248 717 dari
271 662 365 716 utilem
390 660 490 716 debere
508 660 675 730 Pomponius
693 661 741 714 eit.
773 660 825 713 erit
843 673 909 728 ergo
927 657 963 712 ud
981 658 1116 713 sotionem
1135 658 1170 712 de
1188 658 1252 713 dolo
1270 656 1478 713 decurrendum.
1514 657 1543 714 Si
1562 673 1626 714 eom

188 749 273 806 fslsus
291 749 390 804 modus
408 749 578 804 renuntiatus
597 751 679 818 esset,
698 751 805 816 emptor
823 761 884 802 eum
897 745 1040 802 uenditore
1054 761 1089 800 ex
1101 751 1194 816 empto
1206 747 1317 816 egisset,
1336 761 1418 816 ogere
1429 745 1627 816 poteritetiem
1646 761 1661 804 s

188 854 251 894 eum
269 853 409 893 mensore:
428 837 478 892 sed
496 839 518 892 si
537 836 603 892 nihil
622 837 680 892 eius
699 836 825 906 interest,
845 835 1021 892 eondemnsri
1039 849 1193 890 mensorem
1211 850 1265 890 non
1283 837 1400 905 oportet.
1437 834 1511 904 quod
1529 835 1627 890 sinon

188 927 223 982 de
240 931 301 982 toto
318 926 400 982 modo
418 926 465 995 qui
483 925 579 981 deerat
597 941 658 979 eum
677 922 820 979 uenditore
839 923 940 993 egerit,
961 922 1012 978 sed
1030 923 1065 978 de
1083 923 1199 993 minore,
1218 927 1418 993 consequenter
1434 922 1529 979 senbit
1546 923 1627 979 Poru-

155 1027 170 1072 ι
188 1015 286 1086 ponins
305 1014 339 1070 de
356 1014 467 1070 residuo
485 1029 548 1070 eum
565 1027 693 1068 mensore
712 1013 756 1082 sgl
775 1026 865 1082 posse.
892 1013 953 1067 lloo
971 1012 1101 1067 iudieium
1117 1013 1202 1067 letius
1213 1017 1322 1082 prsetor
1333 1012 1467 1084 porrexit:
1485 1027 1549 1067 nsm
1561 1012 1628 1066 etsi

188 1105 267 1160 euius
285 1103 396 1158 ulterius
414 1103 454 1157 rei
472 1118 626 1159 mensurum
644 1100 743 1156 fslssm
762 1101 961 1156 renuntisuisse
979 1100 1099 1170 ditetur,
1124 1099 1192 1156 haee
1211 1101 1283 1156 sotio
1300 1101 1440 1172 eompstit
1469 1099 1585 1171 proinde
1603 1099 1628 1155 si
1837 1125 1859 1160 rr

187 1193 217 1248 in
234 1191 352 1248 aedilicii
369 1207 497 1246 mensure
513 1190 611 1246 fefellit
627 1191 673 1246 uel
690 1191 719 1245 in
736 1188 866 1244 frumeuti
884 1189 928 1244 uel
945 1189 974 1244 in
992 1189 1057 1260 uini,
1648 1203 1679 1244 so
1859 1203 1862 1206 ·

152 1280 170 1338 6
241 1282 361 1337 Psusus
382 1279 452 1336 libro
472 1280 623 1335 uicensimo
641 1281 755 1348 querto²
774 1277 809 1332 sd
828 1277 957 1332 edietum.
995 1278 1054 1332 siue
1072 1277 1107 1332 de
1125 1277 1230 1334 itineris
1247 1277 1392 1332 latitudine
1409 1277 1470 1333 siue
1487 1271 1629 1360 Q
1647 1286 1691 1341 Ε·
1841 1326 1868 1338 ..

189 1370 224 1425 de
247 1370 380 1424 seruitute
404 1367 565 1424 immittendi
586 1363 792 1439 proiciendique
810 1371 971 1437 quaeretur,
997 1367 1056 1422 siue
1075 1369 1167 1422 uisum
1184 1367 1230 1423 uel
1247 1367 1353 1437 tignum
1372 1366 1417 1422 uel
1434 1365 1553 1436 lupldem
1570 1380 1628 1421 me
1836 1391 1864 1432 ῃ,

188 1457 282 1514 tiendo
299 1458 430 1513 mentitus
447 1455 530 1512 fuerit
744 1487 748 1494 ·
1844 1469 1849 1474 ·

152 1545 170 1602 7
243 1545 393 1602 Unumuus
410 1544 479 1601 libro
496 1544 647 1600 uicensimo
665 1546 763 1614 quarto
777 1541 812 1597 ed
826 1542 955 1598 edietum.
983 1544 1027 1599 nel
1040 1543 1117 1599 euius
1130 1543 1242 1600 ulterius
1254 1543 1302 1612 rel,
1320 1541 1468 1598 tenebitur.
1487 1536 1628 1626 [Q
1647 1551 1677 1606 Ε

125 1644 138 1691 1
156 1645 171 1690 ι
190 1635 225 1690 lit
243 1635 267 1690 si
284 1650 394 1690 mensor
411 1634 594 1690 msehiusrius
610 1630 752 1702 fefellerit,
768 1630 838 1686 lrsee
856 1632 927 1687 aetio
945 1629 1063 1687 debitur.
1100 1632 1158 1688 Nee
1176 1647 1231 1688 non
1248 1631 1314 1687 illud
1332 1641 1442 1702 quoque
1459 1631 1629 1702 Pomponius
1649 1645 1678 1688 rs
1857 1681 1859 1684 ,

189 1717 356 1779 dielt'etism
375 1723 404 1778 in
421 1737 493 1792 eum,
513 1723 559 1792 qui
577 1737 687 1778 mensor
705 1736 759 1776 non
777 1718 837 1791 fuit,
857 1718 952 1776 fefellit
970 1725 1063 1777 temen
1080 1722 1109 1776 in
1120 1720 1212 1791 modo,
1231 1725 1386 1791 competere
1398 1719 1468 1776 hsno
1480 1721 1628 1776 sotionem.
1833 1755 1863 1790 s·-

156 1812 250 1868 slioe
272 1811 397 1881 exemplo
422 1811 505 1866 etism
529 1810 662 1866 aduersus
686 1808 866 1865 srehiteotum
884 1807 957 1864 sotio
975 1808 1034 1865 deri
1051 1808 1135 1866 debet
1153 1810 1199 1881 qui
1217 1807 1327 1865 fefellit:
1350 1826 1413 1864 nem
1432 1815 1461 1864 et
1478 1808 1559 1863 diuus
1578 1806 1628 1863 Se-
1832 1867 1835 1874 Δ

155 1909 272 1956 ruerus
290 1900 423 1955 aduersus
442 1899 619 1955 erohiteetum
638 1904 667 1954 et
684 1896 884 1968 redemptorem
903 1897 1025 1953 sotioues
1043 1897 1149 1953 dendus
1165 1897 1296 1954 deereuit
1323 1899 1384 1968 Ego
1397 1898 1480 1952 etiem
1491 1895 1629 1952 sdnersns
1829 1927 1865 1978 p,

190 1987 354 2045 tabularium
371 1993 439 2059 puto
457 1989 579 2044 aetiones
597 1985 711 2058 dsndes,
730 1986 823 2058 quiin
841 1986 1045 2057 eomputatione
1061 1984 1166 2043 fefellit.

864 2174 945 2259 Vll.
1568 2167 1575 2180 ’
1647 2194 1680 2238 ··

189 2313 227 2392 lt
265 2311 331 2389 DE
364 2310 623 2389 RELIGIOSIS
655 2308 718 2385 ET
747 2308 1010 2386 SUMPTIBUS
1035 2308 1261 2386 FUNERUM
1288 2307 1351 2386 ET
1379 2309 1443 2387 UT
1470 2309 1627 2388 FUNUS
1646 2331 1733 2388 ssu
1827 2314 1867 2426 ζ’

674 2432 864 2512 DUOERE
890 2431 1064 2520 LIGEAT
1103 2433 1141 2512 lt
1829 2473 1845 2490 r

153 2594 169 2649 l
243 2587 395 2647 [lueremus
411 2589 482 2646 libro
499 2589 606 2646 deeimo
624 2589 660 2645 sd
677 2589 806 2646 edietum.
835 2588 887 2656 Qui
903 2593 1016 2660 propter
1032 2587 1114 2646 funus
1130 2588 1234 2662 sliquld
1245 2588 1387 2662 impendit,
1406 2605 1469 2647 eum
1487 2583 1629 2676 Q
1647 2597 1678 2653 Ε

190 2677 321 2735 defuneto
339 2678 499 2735 eontrsbere
517 2678 644 2748 ereditur,
664 2691 719 2735 non
736 2693 799 2733 eum
817 2677 925 2734 herede.
1648 2693 1683 2735 ss

151 2768 171 2828 2
243 2767 322 2823 lours
338 2767 408 2824 libro
425 2767 576 2824 uleensimo
594 2767 689 2837 quinto
707 2766 744 2822 sd
761 2766 908 2822 edietum’.
937 2767 947 2839 Ι
966 2767 1070 2823 lorum
1088 2767 1117 2822 in
1135 2781 1189 2837 quo
1207 2781 1304 2823 seruus
1322 2768 1447 2838 sepultus
1464 2767 1628 2838 estreliglo·
1645 2775 1678 2831 Β
1702 2777 1803 2828 tm'
1834 2771 1863 2846 ζ’

156 2868 170 2914 ι
189 2871 251 2912 sum
269 2871 331 2913 esse
349 2855 443 2912 Aristo
460 2857 510 2913 sit
546 2855 599 2922 Qui
616 2859 752 2911 mortuum
770 2856 799 2910 lu
816 2856 907 2911 looum
925 2855 1042 2912 ebenum
1061 2856 1153 2912 intulit
1169 2857 1215 2912 uel
1231 2855 1331 2912 inferre
1348 2857 1468 2926 obnuit,
1488 2855 1630 2912 tenebitur
1834 2847 1865 2888 ‘-

188 2946 217 3001 in
235 2943 339 3000 fretum
358 2946 477 3002 sotione.
506 2944 542 2999 'in
558 2946 648 3000 losum
667 2942 787 2999 ulterius'
805 2943 929 3014 sooipere
946 2943 1079 3001 debemus
1097 2945 1156 3001 siue
1173 2945 1202 3000 in
1220 2959 1288 3014 egro
1302 2945 1362 3000 siue
1373 2946 1402 3000 in
1414 2943 1548 3001 sediliolo.
1575 2945 1628 3002 sed

188 3033 234 3089 hio
251 3047 341 3089 sermo
360 3033 471 3091 domino
489 3031 538 3088 dst
555 3031 700 3102 sotionem,
717 3047 773 3088 uon
791 3031 880 3088 bonne
897 3029 962 3088 fidei
979 3033 1145 3104 possessori:
1163 3049 1226 3088 nem
1245 3048 1309 3088 enm
1324 3033 1399 3089 diest
1410 3033 1445 3090 'iu
1456 3035 1546 3090 losum
1558 3035 1628 3090 slte-

188 3119 263 3192 rius',
282 3126 397 3192 uppsret
414 3122 450 3176 de
468 3121 579 3178 domino
597 3135 661 3178 euru
680 3121 789 3191 sentire,
807 3121 837 3176 id
848 3123 892 3176 est
903 3136 936 3178 eo
949 3121 1028 3177 euius
1039 3123 1116 3177 loeus
1128 3127 1180 3177 est.
1206 3121 1256 3177 ssd
1268 3127 1297 3178 et
1306 3119 1472 3179 fruetnsrius
1484 3122 1629 3181 inferendo

188 3209 327 3266 tenebitur
347 3210 457 3268 domino
475 3210 659 3282 propriststis.
692 3224 728 3265 sn
746 3213 776 3264 et
792 3209 883 3265 soeius
899 3215 1038 3280 tenentur,
1063 3211 1086 3266 si
1104 3211 1248 3281 ignorante
1265 3209 1340 3266 soeio
1357 3211 1491 3283 intulerit,
1513 3213 1630 3269 usetsrl
1648 3227 1683 3270 ss

188 3303 295 3369 potest:
313 3304 358 3354 est
374 3304 468 3356 temen
485 3301 578 3356 uerius
595 3297 716 3354 fsmilise
734 3297 911 3355 eroiseuudse
928 3299 974 3356 uel
990 3299 1129 3355 communi
1146 3298 1297 3354 diuidundo
1309 3300 1449 3356 oonueuirl
1459 3315 1522 3356 eum
1534 3314 1629 3371 posse.

155 3401 171 3447 ι
188 3387 302 3443 Prsetor
325 3387 378 3442 sit:
397 3386 488 3444 ‘Sine⁸
504 3387 587 3444 homo
610 3391 735 3442 mortrsus
758 3401 859 3443 osssue
881 3385 999 3443 hominis
1017 3387 1116 3444 mortui
1134 3388 1163 3443 in
1179 3388 1270 3443 loourn
1286 3403 1386 3458 purum
1403 3389 1515 3444 ulterius
1532 3393 1582 3444 sut
1597 3389 1629 3445 iu

189 3473 224 3531 ‘id
243 3475 427 3546 sepulehrum,
445 3477 474 3531 in
492 3491 547 3546 quo
565 3475 609 3530 ius
626 3489 682 3530 uon
699 3473 789 3544 fuerit,
808 3476 884 3537 illsts
900 3489 962 3530 esse
980 3474 1122 3531 ditentur!
1148 3476 1196 3546 qui
1207 3475 1260 3532 boe
1270 3474 1345 3546 feeit,
1362 3477 1391 3532 iu
1403 3475 1506 3532 fsetum
1518 3477 1630 3534 untione
1693 3479 1698 3486 '

151 3576 166 3623 t
188 3567 298 3619 teustru
315 3568 345 3620 et
361 3579 453 3635 poens
468 3565 629 3636 peeunisris
645 3561 803 3620 subieletur.
838 3563 882 3620 De
899 3577 934 3619 es
950 3569 1043 3620 sutem
1060 3563 1180 3620 illstlone
1196 3571 1307 3635 prsetor
1324 3566 1423 3636 remit,
1446 3579 1518 3636 quse
1535 3566 1631 3637 sspul·
1832 3571 1855 3611 *ἓ

154 3655 267 3712 sbrrse
285 3667 371 3709 osuss
387 3651 427 3709 tit
454 3655 544 3708 Purus
562 3657 654 3708 sutem
671 3653 749 3708 loeus
766 3651 874 3722 dieitur,
892 3653 940 3722 qrri
957 3667 1047 3723 neque
1065 3667 1143 3708 sseer
1160 3668 1249 3724 noque
1265 3658 1380 3710 ssnotus
1396 3659 1440 3710 est
1457 3667 1548 3724 noque
1565 3654 1628 3709 reli·
1649 3671 1684 3714 ss

155 3752 170 3800 t
188 3740 297 3898 {igue
320 3742 371 3797 ssd
394 3739 430 3798 sb
454 3741 581 3798 omnibus
600 3739 756 3796 huiusmodl
774 3739 930 3796 nominibus
947 3755 1047 3796 ussus
1065 3741 1182 3806 uidetur.
1218 3741 1398 3812 Sepulchrum
1416 3747 1467 3814 est,
1487 3738 1629 3828 Q

277 3829 375 3900 VLU)]

186 3919 1630 4090 fflffl

187 4143 422 4228 renuntiemus]
435 4159 512 4201 remu
517 4144 723 4271 Lnuneisuerit
739 4144 770 4210 V,
782 4159 880 4200 renum
932 4145 969 4200 rit
986 4165 1034 4200 ens
1046 4146 1084 4198 Ρ·
1134 4145 1169 4202 14
1185 4147 1231 4203 uel
1248 4147 1327 4203 euius
1339 4147 1451 4203 ulterius
1462 4147 1511 4218 res]
1527 4147 1630 4204 elsms

187 4214 272 4268 olsurt
280 4214 313 4278 L,
326 4223 374 4270 sse.
382 4216 423 4269 P·
438 4217 443 4283 Ι
458 4215 509 4270 sed
538 4217 544 4230 '
560 4217 674 4271 trsxeu't
681 4216 722 4271 P·
737 4217 742 4283 Ι
757 4221 790 4270 ut
797 4215 879 4272 uend
933 4231 962 4272 re
981 4217 1020 4271 Ρ·
1066 4217 1099 4272 15
1117 4219 1238 4288 mensor]
1249 4233 1304 4274 non
1316 4217 1388 4276 forte
1399 4219 1439 4273 P·
1475 4218 1574 4276 fellerit
1585 4219 1631 4274 P·

186 4283 326 4356 liberetur]
340 4289 491 4357 conformant
502 4287 567 4341 Bu.-
583 4289 622 4341 κιὶ
636 4285 760 4347 turribus
772 4285 879 4349 ὲλεγθε·
933 4289 969 4343 16
985 4287 1066 4357 hano]
1084 4287 1136 4343 heo
1154 4289 1197 4354 12⁰,
1216 4309 1264 4343 om.
1276 4290 1317 4344 P·
1367 4291 1399 4346 17
1474 4289 1569 4346 oderi
1587 4329 1629 4347 ...

188 4355 262 4427 probri
275 4354 455 4426 ...irupisse
469 4365 558 4412 mant
570 4365 650 4430 ipitius
662 4359 689 4412 B
701 4357 811 4423 (Aaou.)
823 4377 879 4413 eum
933 4359 968 4414 18
985 4358 1164 4414 srohiteotum
1183 4379 1232 4413 om.
1245 4359 1353 4415 PVLU
1394 4361 1428 4416 19
1444 4361 1630 4432 eomputstio-

186 4424 408 4481 steummmru'
422 4425 877 4499 ineptissuocdtdusprouups'ruufl
932 4444 994 4484 nom
1007 4430 1063 4483 PV
1100 4431 1135 4486 23
1147 4429 1226 4500 libro]
1238 4430 1314 4487 luero
1325 4431 1364 4486 Ρ
1404 4433 1439 4487 26
1451 4433 1496 4488 uel
1508 4451 1558 4487 om.
1569 4433 1605 4486 Ρ
1622 4433 1629 4506 Ι

186 4497 252 4566 quis
269 4494 328 4552 eds.
347 4496 442 4561 PLU‘,
463 4506 511 4554 sne.
525 4498 560 4554 U·
613 4500 631 4555 b
648 4499 819 4554 uenditorem
837 4501 880 4554 P·
931 4499 1066 4556 indeferre
1078 4501 1119 4554 P·
1161 4503 1195 4556 ‘ll
1215 4503 1350 4558 sotionem
1362 4502 1390 4557 P
1430 4504 1466 4558 28
1483 4517 1539 4558 non
1551 4502 1631 4561 bono

187 4569 204 4622 6
222 4567 272 4622 sed
291 4567 315 4622 sl
390 4581 544 4624 mensorem
562 4589 611 4624 um.
622 4571 663 4624 Ρ·
717 4571 732 4625 7
751 4570 880 4626 uenditor
932 4585 1092 4642 possessore
1109 4572 1151 4626 P·
1165 4573 1170 4640 Ι
1186 4573 1214 4628 in
1232 4592 1281 4626 om.
1294 4575 1334 4628 P·
1378 4574 1413 4630 29
1431 4589 1493 4630 eum
1512 4575 1629 4646 nonme]

186 4639 226 4693 P·
241 4639 247 4705 l
262 4637 312 4692 sed
374 4637 471 4694 sedbit
488 4658 537 4693 om.
549 4641 586 4693 1²¹
643 4642 661 4696 8
678 4642 830 4711 porrexerit
846 4641 878 4708 P,
932 4643 1099 4698 eonsentiret
1115 4643 1156 4697 P·
1202 4644 1237 4698 32
1256 4645 1355 4700 mortui
1372 4643 1411 4714 in]
1430 4651 1566 4700 mortuum
1584 4647 1631 4700 P·

186 4727 236 4763 om.
254 4715 320 4764 tuter
335 4712 390 4764 atto
407 4710 444 4763 L·
458 4710 464 4774 Ι
479 4725 543 4764 nem
607 4712 624 4766 9
637 4711 763 4779 dicetur)
779 4731 829 4767 om.
840 4713 880 4766 P·
932 4713 967 4769 35
984 4712 1026 4786 fit]
1044 4715 1081 4769 sit
1091 4714 1154 4768 PU·
1169 4715 1174 4782 Ι
1190 4713 1289 4770 dieitur
1305 4716 1353 4786 qui
1371 4714 1462 4786 (qul's‘
1473 4717 1523 4782 Pl)
1534 4731 1631 4786 neque

186 4779 203 4834 9
218 4780 341 4835 euiusuis
351 4778 503 4844 Ptt'vbs
522 4800 571 4835 ose
584 4789 650 4837 turn
660 4786 713 4838 elta
725 4783 801 4836 Pu·
816 4785 821 4851 1
837 4797 880 4838 re·
932 4800 955 4841 s.
968 4801 994 4840 u.
1008 4800 1031 4840 s.
1044 4789 1087 4840 est
1105 4787 1159 4849 (est
1176 4804 1225 4839 om.
1238 4786 1340 4850 Pin,
1357 4794 1417 4856 poss
1427 4785 1573 4856 religiosus
1588 4789 1631 4856 U)

166 4849 394 4906 'nnndsbisseF
430 4851 465 4906 10
475 4849 513 4920 in]
525 4851 637 4919 siuP·l
653 4851 814 4910 msusu's’rs
823 4852 876 4924 ΡἸ
931 4869 1021 4924 neque
1039 4855 1193 4926 religiosus]
1211 4855 1289 4911 ΡΨ·
1295 4857 1377 4920 VLU,
1395 4857 1494 4914 dieltm
1511 4859 1561 4928 qui
1578 4873 1629 4916 ne

185 4919 285 4977 refellit
302 4922 338 4976 Β·
390 4923 425 4977 12
441 4921 632 4980 insdmittendi
650 4924 711 4980 FP·
725 4926 731 4992 Ι
746 4923 878 4994 proioieu·
931 4939 986 4996 que
1002 4927 1147 4998 religiosus
1164 4947 1214 4984 ors.
1226 4929 1318 4983 maso
1335 4927 1416 4984 FP·

186 4989 287 5062 utque
296 4993 340 5060 Ρ,
354 4991 536 5066 proi'e’eiendi
548 4991 585 5048 1³⁴
631 4994 665 5049 18
676 4997 808 5052 mentitus
820 4994 878 5052 fue
