3812 5598
277 237 424 305 Xlillllll
445 241 465 306 2
485 247 581 301 7-19
949 232 1036 313 876
1332 259 1379 307 un
1400 259 1628 319 incommune
1649 261 1720 310 um

276 396 355 452 heres
374 397 486 468 exstitit,
505 399 552 467 qui
563 398 637 453 Titio
655 397 735 454 heres
753 395 813 468 init,
831 397 905 452 'litio
923 413 1032 468 quoqne
1049 395 1128 454 heres
1146 398 1257 454 uidetur
1274 413 1336 454 esee
1347 414 1399 456 nec
1410 403 1503 471 potest
1513 399 1580 455 'litii
1591 399 1720 456 omittme

276 485 464 540 hereditatem.

238 575 258 633 8
329 575 480 631 Unuranus
498 573 566 630 libro
585 576 702 645 septimo
721 575 757 630 ad
776 575 917 631 Sabinum.
954 575 1028 630 llore
1049 580 1160 632 nostrae
1178 576 1298 632 ciuitatis
1316 591 1405 648 neque
1422 577 1541 647 pupillus
1560 572 1721 662 Q
1746 571 1775 642 ἐ

276 679 365 732 neque
387 665 491 734 pupilla
514 666 573 719 sine
597 666 694 720 tutoris
719 666 882 720 auctoritate
905 663 1020 734 obligari
1043 670 1172 734 possunt:
1195 665 1334 721 hereditas
1351 669 1444 721 autem
1462 665 1529 735 quin
1546 664 1651 736 obliget
1668 683 1721 723 nos

276 754 332 806 aeri
351 754 448 821 alieno,
468 754 550 807 etiam
570 754 594 807 si
612 769 666 809 non
685 756 721 808 sit
739 754 879 823 soluendo,
898 755 959 824 plue
978 769 1060 824 quam
1078 752 1254 810 manifestum
1272 760 1323 810 est.
1350 754 1386 810 de
1404 769 1438 809 ea
1455 759 1547 810 antem
1566 753 1754 811 hereditates

245 850 256 892 1
275 842 425 911 loquimur,
451 843 477 896 in
502 842 557 910 qde
578 858 633 898 non
658 843 810 898 succedunt
833 841 989 898 huiusmodi
1011 858 1146 913 personae
1167 844 1246 913 quasi
1262 845 1443 900 necessarias.
1478 842 1608 913 impubes
1625 845 1674 914 qui
1692 845 1721 900 in

276 931 387 985 alterius
412 935 549 1000 potestate
572 937 615 986 est
639 932 662 986 si
681 932 758 987 iussu
776 933 836 986 eins
855 931 954 987 adierit
971 931 1164 1001 hereditatem,
1187 932 1253 988 licet
1270 931 1375 987 consilii
1394 947 1481 1003 capax
1498 947 1554 988 non
1572 929 1670 1004 fuerit,
1694 932 1721 989 ei

277 1019 397 1089 adquirit
414 1019 603 1075 hereditatem.

238 1104 256 1161 9
328 1109 447 1163 Paunus
465 1106 533 1163 libro
553 1109 674 1164 seeundo
693 1109 727 1164 ad
742 1107 882 1164 Sabinum.
912 1108 1035 1178 Pupillus
1054 1109 1077 1163 ai
1095 1107 1256 1179 iaripossit,
1274 1107 1543 1165 lieetbniusaetatis
1561 1104 1721 1195 Q
1753 1119 1774 1174 8

275 1197 325 1266 sit,
350 1201 380 1250 ut
404 1211 515 1252 cansam
539 1198 724 1267 adquirendae
743 1197 903 1254 hereditatis
921 1213 975 1253 non
993 1198 1147 1267 intellegat,
1171 1197 1297 1266 quamuis
1316 1211 1372 1253 non
1392 1197 1519 1253 uideatur
1536 1199 1608 1254 scire
1625 1197 1721 1256 buius·
1741 1215 1769 1256 ro

275 1284 349 1340 modi
368 1285 466 1339 aetatis
486 1301 553 1355 puer
571 1288 675 1356 (neque
694 1287 766 1342 enim
785 1287 856 1341 scire
874 1301 963 1356 neque
982 1287 1128 1342 decernere
1149 1286 1212 1340 talis
1230 1291 1307 1341 aetas
1325 1289 1431 1357 potest,
1455 1301 1510 1342 non
1528 1288 1617 1357 magis
1634 1303 1720 1358 quam

275 1372 420 1443 furiosus),
439 1379 530 1429 tamen
550 1390 612 1430 cnm
631 1376 729 1431 tutoris
747 1375 909 1430 auctoritate
927 1375 1106 1431 hereditatem
1125 1374 1270 1444 adquirere
1288 1379 1394 1445 potest:
1417 1374 1470 1431 hoc
1487 1375 1560 1431 enim
1582 1373 1721 1433 muorabi·

274 1463 336 1518 liter
354 1463 393 1517 eis
411 1469 574 1532 praestatur.

218 1546 258 1604 10
328 1551 478 1606 Unrranus
496 1551 564 1607 libro
583 1552 701 1623 septimo
719 1552 754 1606 ad
767 1552 908 1607 Sabinum.
945 1551 975 1608 Si
992 1567 1026 1608 ex
1045 1567 1108 1608 esse
1125 1551 1205 1607 heres
1221 1551 1402 1609 destinauerit
1417 1556 1524 1624 partem
1542 1548 1720 1638 Q
1754 1561 1777 1617 Β

274 1639 375 1695 habere
393 1639 562 1711 hereditatis,
581 1640 691 1696 uidetur
708 1641 736 1695 in
755 1656 845 1696 assem
863 1656 912 1711 pro
932 1641 1031 1697 herede
1049 1641 1177 1711 gessisse.
1741 1657 1770 1700 ιο

219 1725 254 1781 11
327 1730 499 1784 Ponrosrus
524 1729 592 1785 libro
614 1730 695 1784 tertio
714 1730 750 1785 ad
768 1729 909 1785 Sabinum.
946 1728 1137 1800 Impuberibns
1155 1728 1247 1784 liberis
1266 1729 1422 1787 omnimodo
1440 1728 1524 1787 absti-
1542 1726 1720 1816 Q
1755 1740 1776 1794 s

274 1817 358 1872 nendi
376 1822 501 1887 potestas
518 1816 558 1888 fit,
577 1817 726 1888 puberibus
745 1823 837 1892 autern
855 1820 903 1889 ita,
922 1819 946 1874 si
965 1833 995 1874 se
1012 1834 1068 1874 non
1086 1819 1288 1876 immiscuerint

219 1901 256 1959 12
328 1906 478 1963 Unmnuus
501 1907 569 1963 libro
593 1907 735 1964 undecimo
757 1907 793 1962 ad
816 1908 945 1963 edictum.
981 1908 1028 1978 Εἰ,
1054 1909 1102 1978 qui
1124 1923 1154 1964 se
1177 1921 1233 1964 non
1251 1908 1361 1963 miscuit
1378 1907 1524 1964 hereditati
1542 1904 1719 1993 Q
1739 1919 1780 1973 ’Β

274 2000 413 2066 paternae,
433 1997 492 2051 sine
511 1997 599 2052 maior
616 1997 653 2051 sit
671 1997 730 2052 siue
748 1997 844 2066 minor,
862 2012 918 2052 non
937 2012 998 2053 esse
1016 2011 1131 2052 necesse
1148 2001 1302 2067 praetorem
1321 1995 1406 2067 edire,
1425 1996 1475 2052 sed
1492 1995 1596 2054 sufficit
1613 2014 1645 2054 se
1662 2014 1719 2054 non

274 2085 418 2140 miscuisse
435 2085 589 2140 hereditati.
617 2090 645 2140 et
662 2089 706 2140 est
724 2087 751 2142 in
770 2084 966 2142 semenstribus
985 2082 1072 2140 Uibiis
1090 2084 1180 2142 Soteri
1198 2090 1227 2141 et
1238 2085 1378 2142 Uictorino
1396 2087 1568 2157 rescriptum,
1586 2102 1643 2143 non
1655 2102 1719 2144 esse
1739 2103 1769 2142 οο

275 2187 388 2228 necesse
405 2174 517 2244 pupillis
535 2175 563 2228 in
582 2175 718 2245 integrum
736 2176 843 2230 restitui
861 2190 896 2230 ex
915 2175 990 2230 auito
1008 2179 1159 2245 contractu,
1177 2190 1293 2244 quornm
1312 2179 1392 2246 pater
1409 2175 1590 2232 constituerat
1601 2190 1659 2232 non
1669 2176 1719 2232 ud·

273 2277 406 2333 gnoscere
425 2262 603 2318 hereditatem
623 2279 712 2334 neque
730 2265 877 2334 quicquam
896 2268 1038 2320 amonerat
1055 2264 1100 2319 uel
1116 2279 1165 2334 pro
1183 2263 1285 2319 herede
1302 2269 1435 2334 gesserat

219 2346 255 2404 13
327 2352 405 2406 luna
430 2351 500 2406 libro
524 2353 641 2423 septimo
668 2352 704 2408 ad
728 2351 868 2409 Sabinum.
909 2354 937 2408 Is
961 2353 1007 2422 qui
1031 2351 1110 2408 heres
1134 2353 1276 2409 institutus
1299 2359 1343 2410 est
1364 2354 1408 2410 uel
1432 2353 1456 2410 is
1479 2354 1524 2409 eui
1541 2347 1720 2439 Q
1754 2363 1776 2419 ,ς

273 2440 396 2509 leffl'tima
413 2439 552 2496 hereditas
570 2441 662 2496 delate
679 2446 722 2496 est
739 2442 930 2512 repudiatione
948 2441 1127 2497 hereditatem
1147 2442 1254 2497 amittit
1282 2441 1335 2498 boc
1352 2443 1393 2497 ite
1410 2457 1506 2498 uerum
1524 2449 1576 2513 est,
1594 2444 1619 2498 si
1637 2444 1666 2500 iu
1684 2459 1721 2500 ea

273 2541 359 2583 causa
382 2533 442 2584 erat
464 2529 616 2599 hereditas,
640 2535 671 2585 nt
694 2534 724 2584 et
746 2531 815 2587 adiri
832 2538 940 2602 posset:
964 2537 1085 2588 ceterum
1104 2529 1183 2586 heres
1201 2531 1343 2586 institutus
1361 2529 1413 2586 sub
1432 2531 1593 2588 condicione
1611 2533 1636 2586 si
1653 2537 1720 2589 ante
1740 2547 1769 2588 aa

274 2617 461 2673 condicionem
480 2619 642 2674 existentem
662 2619 830 2690 repudiauit,
855 2620 920 2676 nihil
939 2621 1011 2691 egit,
1035 2619 1212 2691 qualisqualis
1229 2619 1282 2676 init
1299 2620 1438 2698 condicio,
1455 2621 1509 2676 etei
1526 2621 1555 2676 in
1573 2619 1720 2677 arbitrium

210 2716 222 2759 1
240 2713 256 2759 a
274 2707 374 2762 collata
390 2711 442 2762 est.
479 2707 588 2777 Siquis
606 2707 722 2779 dubitet,
741 2709 819 2764 uiuat
836 2712 953 2765 testator
970 2723 1021 2765 nec
1039 2723 1082 2779 ne,
1101 2708 1271 2779 repudiando
1283 2707 1348 2764 nihil
1361 2710 1428 2779 agit.
1464 2707 1638 2765 substitutus
1649 2725 1719 2780 quo·

273 2811 327 2866 que
345 2797 469 2852 similiter
486 2798 510 2852 si
528 2802 592 2853 ante
611 2799 751 2869 repudiat,
774 2814 857 2868 quam
876 2797 955 2853 heres
973 2798 1114 2854 institutus
1132 2798 1263 2853 decernat
1279 2797 1315 2852 de
1339 2796 1504 2869 hereditate,
1527 2797 1595 2854 nihil
1613 2798 1719 2854 uaiebit

240 2894 255 2937 e
273 2885 434 2955 repudiatio.
472 2887 568 2956 Neque
586 2885 658 2942 iilius
676 2886 794 2943 familias
813 2887 983 2958 repudiando
1001 2887 1061 2942 sine
1079 2891 1157 2958 patre
1174 2901 1264 2957 neque
1281 2891 1361 2958 pater
1378 2887 1438 2942 sine
1456 2885 1512 2942 tilio
1530 2887 1609 2943 alteri
1621 2891 1718 2944 noodr

272 2975 381 3044 utrique
400 2981 491 3031 autem
510 2982 626 3046 possum
643 2975 795 3046 repudiare.
1740 2992 1769 3033 οο

217 3060 255 3118 14
325 3065 445 3120 Paunus
463 3063 531 3120 libro
550 3065 672 3120 secundo
690 3064 726 3120 ad
745 3062 886 3120 Sabinum.
922 3063 999 3120 Idem
1018 3069 1061 3120 est
1078 3065 1161 3120 etiam
1179 3065 1204 3120 si
1221 3064 1345 3134 legitima
1361 3061 1501 3119 heredites
1518 3060 1718 3121 tiliisobuenit.
1752 3067 1774 3121 8

217 3150 255 3208 15
325 3151 477 3208 enarrans
494 3152 563 3208 libro
582 3154 699 3223 septimo
718 3151 906 3209 adSabinum.
943 3154 970 3208 Is
988 3154 1034 3223 qni
1052 3158 1133 3224 pntat
1149 3169 1180 3208 se
1197 3153 1391 3223 nemmem,
1409 3167 1474 3208 cum
1487 3152 1524 3208 sit
1534 3152 1718 3226 cumeanus,
1753 3153 1775 3210 S

272 3255 327 3296 non
344 3242 446 3311 poterit
463 3242 621 3312 repudiare:
642 3257 705 3298 nem
724 3244 787 3313 plus
805 3243 894 3298 estin
912 3243 1047 3313 opinione,
1067 3257 1149 3313 quam
1167 3243 1195 3298 iu
1213 3241 1338 3298 nentate.

216 3327 254 3386 16
324 3330 403 3384 lnam
419 3328 487 3385 libro
506 3331 636 3388 uicesimo
654 3335 752 3402 quarto
770 3332 805 3387 ad
823 3331 953 3387 edictum.
990 3331 1027 3386 Et
1044 3346 1060 3386 e
1078 3331 1214 3388 contrario
1231 3331 1278 3401 qui
1296 3345 1326 3385 se
1343 3333 1426 3400 putat
1442 3330 1642 3402 amariam,
1667 3346 1717 3388 uo·
1739 3331 1781 3388 ‘s

271 3418 405 3475 luntarius
422 3419 540 3474 existere
558 3436 613 3476 non
630 3426 729 3490 potest.
1738 3435 1768 3477 δῦ

215 3505 254 3564 17
325 3508 403 3562 Insa
420 3507 490 3563 libro
508 3510 625 3579 septimo
645 3509 680 3564 sd
698 3508 839 3564 Sabinum.
876 3509 933 3565 Nec
950 3509 983 3578 ie,
1005 3509 1053 3579 qni
1070 3523 1126 3564 non
1143 3508 1236 3564 ualere
1253 3512 1450 3564 testamentum
1468 3513 1518 3564 ant
1534 3506 1635 3564 runnu
1652 3523 1717 3564 esse
1751 3511 1776 3568 8

271 3601 364 3667 putat,
389 3597 532 3667 repudiare
554 3601 655 3668 potest.
683 3598 734 3654 sed
757 3597 780 3654 si
806 3600 928 3654 certum¹
947 3599 984 3652 sit
1006 3595 1105 3653 falsum
1123 3614 1178 3653 non
1196 3613 1272 3668 esse,
1295 3598 1370 3668 quod
1386 3595 1486 3654 falsum
1503 3597 1618 3669 dieihrr,
1642 3597 1718 3653 sieut

239 3685 412 3757 landeundo
439 3685 572 3756 adquirit,
601 3688 640 3742 ita
669 3693 697 3743 et
718 3686 887 3757 repudiando
911 3687 1013 3742 amittit
1034 3686 1224 3742 hereditatem.
1265 3687 1353 3742 Heres
1377 3687 1522 3742 institutam
1553 3698 1718 3756 lustrale
1736 3714 1760 3762 q.
1773 3701 1802 3748 15
1820 3699 1882 3745 trae

271 3775 399 3845 idemque
416 3775 555 3845 legitimus
573 3775 598 3830 si
616 3777 695 3846 quasi
712 3776 855 3831 institutus
873 3776 1066 3846 repudiauerit,
1085 3775 1164 3846 quasi
1182 3775 1321 3844 legitimus
1338 3791 1393 3832 non
1406 3775 1508 3832 amittit
1518 3775 1717 3832 hereditatem:

272 3864 322 3920 sed
345 3865 370 3918 si
393 3865 472 3933 quasi
495 3865 633 3934 legitimus
657 3865 826 3936 repudiauit,
850 3866 873 3921 si
899 3865 1008 3935 quidem
1033 3865 1086 3920 scit
1108 3879 1138 3920 se
1155 3863 1284 3920 heredem
1302 3865 1472 3935 institutum,
1495 3865 1652 3921 credendus
1672 3871 1767 3922 estro

271 3957 418 4022 utrumque
436 3953 610 4023 repudiasse:
629 3954 652 4009 sl
670 3955 787 4024 ignorat,
806 3953 841 4008 ad
854 3959 980 4009 nentrum
992 3953 1019 4008 ei
1030 3953 1184 4024 repudiatio
1196 3953 1306 4010 nocebit
1317 3969 1406 4024 neque
1419 3953 1456 4010 sd
1467 3954 1715 4025 testamentariam,

271 4041 399 4112 quoniam
417 4040 489 4097 benc
506 4059 561 4097 non
578 4042 741 4113 repudiauit,
760 4057 849 4113 neque
867 4043 903 4097 ad
920 4043 1079 4114 legitimam,
1098 4043 1226 4113 quonism
1243 4045 1364 4100 nondum
1383 4044 1410 4099 si
1426 4041 1518 4099 fuerat
1534 4043 1636 4101 delata

216 4127 253 4187 18
324 4131 444 4186 Pronus
464 4129 533 4187 libro
551 4131 672 4187 secundo
690 4131 726 4187 ed
745 4130 884 4188 Sabinum.
920 4132 948 4186 1ο
968 4135 1061 4202 potest
1079 4132 1238 4204 repudiare,
1258 4133 1304 4202 qui
1325 4137 1354 4188 et
1374 4131 1519 4203 adquim
1536 4129 1578 4218 lu
1749 4149 1772 4202 s

270 4223 372 4289 potest.

215 4306 253 4365 19
324 4307 403 4362 Insrr
424 4305 494 4363 libro
516 4308 744 4380 quinquagesimo
766 4324 839 4366 nono
862 4309 898 4365 ad
920 4307 1049 4365 edietum.
1091 4309 1144 4376 Qui
1165 4307 1345 4367 hereditatem
1371 4309 1449 4366 adire
1470 4311 1516 4368 uel
1534 4305 1714 4400 Q
1732 4321 1776 4376 Ἐ

270 4393 404 4453 bonorum
422 4396 625 4467 possessionem
644 4403 738 4470 petere
756 4399 838 4468 uolet,
857 4403 949 4454 certus
966 4413 1028 4454 esse
1046 4397 1130 4455 debet
1147 4396 1303 4456 defunctum
1321 4413 1383 4456 esse
1400 4403 1570 4458 metaurem.
1733 4415 1765 4456 οο

270 4493 494 4564 FWDQEIO)

271 4621 281 4656 ²
300 4619 412 4674 certus?

271 4733 431 4787 lefstitit
445 4735 483 4788 F'
537 4734 701 4788 dnostra*e⁴
714 4735 751 4787 1³2
766 4737 771 4802 l
787 4734 962 4790 ciuitatesll·
1016 4735 1209 4794 ani'ni’t'i'oF³
1239 4736 1362 4793 ibadire
1372 4738 1506 4810 possitF¹
1539 4740 1712 4796 28*de

269 4803 365 4870 baert]
379 4803 504 4858 aerosl'¹
542 4805 698 4860 laii⁴uesu
708 4805 747 4857 1²²
783 4807 814 4861 ll
829 4808 963 4876 pu⁴erF³
1016 4809 1050 4863 2'1
1069 4808 1197 4878 qntsF’
1212 4807 1217 4877 Ι
1232 4808 1395 4879 repudiante
1410 4811 1446 4863 1⁵⁸1
1483 4811 1519 4868 29
1535 4811 1711 4882 repudiatio

271 4872 306 4926 12
324 4871 509 4930 laborabillter
527 4875 552 4926 F
602 4876 635 4930 l'l
656 4877 839 4933 ismiscuen‘nt
857 4878 903 4943 1²²,
926 4879 962 4933 ia·
1015 4879 1053 4934 Ρ
1105 4881 1141 4936 32
1159 4881 1329 4936 necessarius
1349 4881 1388 4934 F·
1440 4883 1477 4937 39
1499 4883 1654 4952 nampl'i'us
1672 4883 1710 4937 Ρ

270 4946 436 5000 mascuerint
454 4946 491 4998 1⁷
543 4947 577 5002 18
595 4946 732 5002 undicimo
752 4949 778 5002 F
820 4950 854 5005 19
873 4953 961 5020 pater·
1015 4951 1050 5006 39
1067 4950 1195 5022 idemque
1212 4951 1336 5020 legitima
1347 4952 1384 5006 F¹
1424 4951 1710 5023 direpudi‘s'anitF'

270 5017 390 5070 n*a⁴eF²
425 5016 461 5072 20
473 5014 564 5087 uibiis]
578 5017 661 5073 ululis
670 5019 714 5083 F’,
727 5019 798 5074 uiuit
807 5022 843 5073 F¹
879 5023 914 5077 21
927 5037 963 5076 ex
1014 5020 1214 5079 semiuncias
1231 5023 1259 5076 F
