<?xml version="1.0" encoding="UTF-8"?>
<!DOCTYPE html PUBLIC "-//W3C//DTD XHTML 1.0 Transitional//EN"
    "http://www.w3.org/TR/xhtml1/DTD/xhtml1-transitional.dtd">
<html xmlns="http://www.w3.org/1999/xhtml" xml:lang="en" lang="en">
 <head>
  <title>
</title>
<meta http-equiv="Content-Type" content="text/html;charset=utf-8" />
  <meta name='ocr-system' content='tesseract 3.04.00' />
  <meta name='ocr-capabilities' content='ocr_page ocr_carea ocr_par ocr_line ocrx_word'/>
</head>
<body>
  <div class='ocr_page' id='page_1' title='image "./digestaiustinia00mommgoog/digestaiustinia00mommgoog_0801.png"; bbox 0 0 3766 5554; ppageno 0'>
   <div class='ocr_carea' id='block_1_1' title="bbox 256 174 1693 254">
    <p class='ocr_par' dir='ltr' id='par_1_1' title="bbox 256 174 1693 254">
     <span class='ocr_line' id='line_1_1' title="bbox 256 174 1693 254; baseline 0.001 -5"><span class='ocrx_word' id='word_1_1' title='bbox 256 182 332 249; x_wconf 84' lang='lat' dir='ltr'><strong>XXI</strong></span> <span class='ocrx_word' id='word_1_2' title='bbox 353 185 373 250; x_wconf 81' lang='lat'><strong>2</strong></span> <span class='ocrx_word' id='word_1_3' title='bbox 395 190 430 244; x_wconf 78' lang='lat' dir='ltr'><strong>ta</strong></span> <span class='ocrx_word' id='word_1_4' title='bbox 447 217 480 230; x_wconf 91' lang='lat'><strong>·-</strong></span> <span class='ocrx_word' id='word_1_5' title='bbox 501 184 557 248; x_wconf 84' lang='lat'><strong>31</strong></span> <span class='ocrx_word' id='word_1_6' title='bbox 932 174 1018 254; x_wconf 82' lang='grc'><strong>632</strong></span> <span class='ocrx_word' id='word_1_7' title='bbox 1381 200 1427 246; x_wconf 83' lang='lat' dir='ltr'><strong>nn</strong></span> <span class='ocrx_word' id='word_1_8' title='bbox 1450 200 1693 250; x_wconf 84' lang='lat' dir='ltr'><strong>nmcrrorrraus</strong></span> 
     </span>
    </p>
   </div>
   <div class='ocr_carea' id='block_1_2' title="bbox 199 337 1740 864">
    <p class='ocr_par' dir='ltr' id='par_1_2' title="bbox 199 337 1740 864">
     <span class='ocr_line' id='line_1_2' title="bbox 257 337 1695 409; baseline 0.001 -15"><span class='ocrx_word' id='word_1_9' title='bbox 257 340 364 409; x_wconf 85' lang='lat' dir='ltr'><strong>singule</strong></span> <span class='ocrx_word' id='word_1_10' title='bbox 387 340 479 408; x_wconf 83' lang='lat' dir='ltr'><strong>capita</strong></span> <span class='ocrx_word' id='word_1_11' title='bbox 502 339 696 408; x_wconf 86' lang='lat' dir='ltr'><strong>mancipiorum</strong></span> <span class='ocrx_word' id='word_1_12' title='bbox 721 343 874 408; x_wconf 85' lang='lat' dir='ltr'><strong>spectatur,</strong></span> <span class='ocrx_word' id='word_1_13' title='bbox 899 341 927 391; x_wconf 90' lang='lat' dir='ltr'><strong>et</strong></span> <span class='ocrx_word' id='word_1_14' title='bbox 950 338 1021 391; x_wconf 90' lang='lat' dir='ltr'><strong>sicut</strong></span> <span class='ocrx_word' id='word_1_15' title='bbox 1045 337 1158 392; x_wconf 87' lang='lat' dir='ltr'><strong>aliarum</strong></span> <span class='ocrx_word' id='word_1_16' title='bbox 1182 352 1291 406; x_wconf 82' lang='lat' dir='ltr'><strong>quoque</strong></span> <span class='ocrx_word' id='word_1_17' title='bbox 1314 353 1403 392; x_wconf 88' lang='lat' dir='ltr'><strong>rerum</strong></span> <span class='ocrx_word' id='word_1_18' title='bbox 1422 339 1618 408; x_wconf 88' lang='lat' dir='ltr'><strong>complurium¹</strong></span> <span class='ocrx_word' id='word_1_19' title='bbox 1639 357 1695 396; x_wconf 87' lang='lat' dir='ltr'><strong>una</strong></span> 
     </span>
     <span class='ocr_line' id='line_1_3' title="bbox 257 427 1694 498; baseline 0 -14"><span class='ocrx_word' id='word_1_20' title='bbox 257 430 358 498; x_wconf 83' lang='lat' dir='ltr'><strong>emptio</strong></span> <span class='ocrx_word' id='word_1_21' title='bbox 377 427 451 482; x_wconf 79' lang='lat' dir='ltr'><strong>saeta</strong></span> <span class='ocrx_word' id='word_1_22' title='bbox 469 428 512 498; x_wconf 90' lang='lat' dir='ltr'><strong>sit,</strong></span> <span class='ocrx_word' id='word_1_23' title='bbox 531 429 741 483; x_wconf 82' lang='lat' dir='ltr'><strong>instrumentum</strong></span> <span class='ocrx_word' id='word_1_24' title='bbox 761 427 870 497; x_wconf 86' lang='lat' dir='ltr'><strong>quidem</strong></span> <span class='ocrx_word' id='word_1_25' title='bbox 889 427 1034 495; x_wconf 80' lang='lat' dir='ltr'><strong>emptionis</strong></span> <span class='ocrx_word' id='word_1_26' title='bbox 1052 427 1242 496; x_wconf 88' lang='lat' dir='ltr'><strong>interpositum</strong></span> <span class='ocrx_word' id='word_1_27' title='bbox 1256 441 1339 480; x_wconf 90' lang='lat' dir='ltr'><strong>unum</strong></span> <span class='ocrx_word' id='word_1_28' title='bbox 1352 431 1403 496; x_wconf 89' lang='lat' dir='ltr'><strong>est,</strong></span> <span class='ocrx_word' id='word_1_29' title='bbox 1422 428 1588 483; x_wconf 88' lang='lat' dir='ltr'><strong>euictionum</strong></span> <span class='ocrx_word' id='word_1_30' title='bbox 1601 435 1694 484; x_wconf 79' lang='lat' dir='ltr'><strong>autern</strong></span> 
     </span>
     <span class='ocr_line' id='line_1_4' title="bbox 256 515 1693 588; baseline 0 -16"><span class='ocrx_word' id='word_1_31' title='bbox 256 522 298 573; x_wconf 90' lang='lat' dir='ltr'><strong>tot</strong></span> <span class='ocrx_word' id='word_1_32' title='bbox 315 519 436 572; x_wconf 87' lang='lat' dir='ltr'><strong>actiones</strong></span> <span class='ocrx_word' id='word_1_33' title='bbox 456 522 528 587; x_wconf 90' lang='lat' dir='ltr'><strong>sunt,</strong></span> <span class='ocrx_word' id='word_1_34' title='bbox 547 523 613 588; x_wconf 89' lang='lat' dir='ltr'><strong>quot</strong></span> <span class='ocrx_word' id='word_1_35' title='bbox 631 523 660 572; x_wconf 88' lang='lat' dir='ltr'><strong>et</strong></span> <span class='ocrx_word' id='word_1_36' title='bbox 677 520 782 588; x_wconf 89' lang='lat' dir='ltr'><strong>species</strong></span> <span class='ocrx_word' id='word_1_37' title='bbox 800 533 891 572; x_wconf 88' lang='lat' dir='ltr'><strong>rerum</strong></span> <span class='ocrx_word' id='word_1_38' title='bbox 909 521 974 569; x_wconf 89' lang='lat' dir='ltr'><strong>sunt</strong></span> <span class='ocrx_word' id='word_1_39' title='bbox 991 530 1061 583; x_wconf 81' lang='lat' dir='ltr'><strong>quae</strong></span> <span class='ocrx_word' id='word_1_40' title='bbox 1080 516 1217 584; x_wconf 84' lang='lat' dir='ltr'><strong>emptione</strong></span> <span class='ocrx_word' id='word_1_41' title='bbox 1236 515 1448 584; x_wconf 75' lang='lat' dir='ltr'><strong>comprehensae</strong></span> <span class='ocrx_word' id='word_1_42' title='bbox 1467 522 1543 570; x_wconf 86' lang='lat' dir='ltr'><strong>sunt:</strong></span> <span class='ocrx_word' id='word_1_43' title='bbox 1562 517 1602 571; x_wconf 89' lang='lat' dir='ltr'><strong>ita</strong></span> <span class='ocrx_word' id='word_1_44' title='bbox 1619 524 1648 572; x_wconf 90' lang='lat' dir='ltr'><strong>et</strong></span> <span class='ocrx_word' id='word_1_45' title='bbox 1664 518 1693 572; x_wconf 90' lang='lat' dir='ltr'><strong>in</strong></span> 
     </span>
     <span class='ocr_line' id='line_1_5' title="bbox 255 603 1693 678; baseline 0 -18"><span class='ocrx_word' id='word_1_46' title='bbox 255 608 395 677; x_wconf 89' lang='lat' dir='ltr'><strong>proposito</strong></span> <span class='ocrx_word' id='word_1_47' title='bbox 420 622 474 660; x_wconf 90' lang='lat' dir='ltr'><strong>non</strong></span> <span class='ocrx_word' id='word_1_48' title='bbox 497 608 590 676; x_wconf 85' lang='lat' dir='ltr'><strong>utique</strong></span> <span class='ocrx_word' id='word_1_49' title='bbox 615 607 803 678; x_wconf 83' lang='lat' dir='ltr'><strong>prohibebitur</strong></span> <span class='ocrx_word' id='word_1_50' title='bbox 827 609 933 673; x_wconf 84' lang='lat' dir='ltr'><strong>emptor</strong></span> <span class='ocrx_word' id='word_1_51' title='bbox 952 605 1041 658; x_wconf 88' lang='lat' dir='ltr'><strong>euicto</strong></span> <span class='ocrx_word' id='word_1_52' title='bbox 1061 619 1094 659; x_wconf 90' lang='lat' dir='ltr'><strong>ex</strong></span> <span class='ocrx_word' id='word_1_53' title='bbox 1113 604 1155 658; x_wconf 93' lang='lat' dir='ltr'><strong>his</strong></span> <span class='ocrx_word' id='word_1_54' title='bbox 1173 620 1228 658; x_wconf 92' lang='lat' dir='ltr'><strong>uno</strong></span> <span class='ocrx_word' id='word_1_55' title='bbox 1246 603 1331 659; x_wconf 84' lang='lat' dir='ltr'><strong>fundo</strong></span> <span class='ocrx_word' id='word_1_56' title='bbox 1349 604 1518 660; x_wconf 90' lang='lat' dir='ltr'><strong>uenditorem</strong></span> <span class='ocrx_word' id='word_1_57' title='bbox 1537 606 1693 676; x_wconf 86' lang='lat' dir='ltr'><strong>conuenire,</strong></span> 
     </span>
     <span class='ocr_line' id='line_1_6' title="bbox 256 692 1726 766; baseline -0.001 -16"><span class='ocrx_word' id='word_1_58' title='bbox 256 696 329 765; x_wconf 89' lang='lat' dir='ltr'><strong>quod</strong></span> <span class='ocrx_word' id='word_1_59' title='bbox 347 711 404 749; x_wconf 86' lang='lat' dir='ltr'><strong>nna</strong></span> <span class='ocrx_word' id='word_1_60' title='bbox 422 696 548 750; x_wconf 81' lang='lat' dir='ltr'><strong>cautione</strong></span> <span class='ocrx_word' id='word_1_61' title='bbox 567 697 713 766; x_wconf 82' lang='lat' dir='ltr'><strong>emptionis</strong></span> <span class='ocrx_word' id='word_1_62' title='bbox 732 696 885 764; x_wconf 88' lang='lat' dir='ltr'><strong>complures</strong></span> <span class='ocrx_word' id='word_1_63' title='bbox 903 692 1001 748; x_wconf 81' lang='lat' dir='ltr'><strong>irmdoe</strong></span> <span class='ocrx_word' id='word_1_64' title='bbox 1019 698 1155 748; x_wconf 89' lang='lat' dir='ltr'><strong>mercatus</strong></span> <span class='ocrx_word' id='word_1_65' title='bbox 1173 692 1416 762; x_wconf 88' lang='lat' dir='ltr'><strong>comprehenderit.</strong></span> <span class='ocrx_word' id='word_1_66' title='bbox 1712 708 1726 748; x_wconf 85' lang='lat' dir='ltr'><strong>s</strong></span> 
     </span>
     <span class='ocr_line' id='line_1_7' title="bbox 199 778 1740 864; baseline -0.001 -26"><span class='ocrx_word' id='word_1_67' title='bbox 199 787 236 845; x_wconf 82' lang='grc'><strong>’13</strong></span> <span class='ocrx_word' id='word_1_68' title='bbox 309 786 428 839; x_wconf 78' lang='lat' dir='ltr'><strong>Faunus</strong></span> <span class='ocrx_word' id='word_1_69' title='bbox 451 784 519 839; x_wconf 91' lang='lat' dir='ltr'><strong>libro</strong></span> <span class='ocrx_word' id='word_1_70' title='bbox 543 786 659 854; x_wconf 84' lang='lat' dir='ltr'><strong>septimo</strong></span> <span class='ocrx_word' id='word_1_71' title='bbox 683 799 884 854; x_wconf 88' lang='lat' dir='ltr'><strong>responsorum.</strong></span> <span class='ocrx_word' id='word_1_72' title='bbox 922 781 986 836; x_wconf 88' lang='lat' dir='ltr'><strong>Seia</strong></span> <span class='ocrx_word' id='word_1_73' title='bbox 1008 781 1108 836; x_wconf 86' lang='lat' dir='ltr'><strong>fundos</strong></span> <span class='ocrx_word' id='word_1_74' title='bbox 1128 783 1299 836; x_wconf 88' lang='lat' dir='ltr'><strong>Maeuianum</strong></span> <span class='ocrx_word' id='word_1_75' title='bbox 1324 785 1352 835; x_wconf 88' lang='lat' dir='ltr'><strong>et</strong></span> <span class='ocrx_word' id='word_1_76' title='bbox 1370 781 1498 838; x_wconf 88' lang='lat' dir='ltr'><strong>Seianum</strong></span> <span class='ocrx_word' id='word_1_77' title='bbox 1518 778 1694 864; x_wconf 50' lang='lat' dir='ltr'><strong>[fia-,RE</strong></span> <span class='ocrx_word' id='word_1_78' title='bbox 1713 791 1740 844; x_wconf 90' lang='lat' dir='ltr'><strong><em>P</em></strong></span> 
     </span>
    </p>
   </div>
   <div class='ocr_carea' id='block_1_3' title="bbox 197 859 1790 3074">
    <p class='ocr_par' dir='ltr' id='par_1_3' title="bbox 197 859 1790 3074">
     <span class='ocr_line' id='line_1_8' title="bbox 256 859 1695 942; baseline 0 -14"><span class='ocrx_word' id='word_1_79' title='bbox 256 877 284 928; x_wconf 92' lang='lat' dir='ltr'><strong>et</strong></span> <span class='ocrx_word' id='word_1_80' title='bbox 308 881 414 928; x_wconf 88' lang='lat' dir='ltr'><strong>ceteros</strong></span> <span class='ocrx_word' id='word_1_81' title='bbox 437 874 495 928; x_wconf 92' lang='lat' dir='ltr'><strong>doti</strong></span> <span class='ocrx_word' id='word_1_82' title='bbox 517 874 606 928; x_wconf 87' lang='lat' dir='ltr'><strong>dedit:</strong></span> <span class='ocrx_word' id='word_1_83' title='bbox 630 890 678 928; x_wconf 87' lang='lat' dir='ltr'><strong>ees</strong></span> <span class='ocrx_word' id='word_1_84' title='bbox 702 872 801 928; x_wconf 83' lang='lat' dir='ltr'><strong>fundos</strong></span> <span class='ocrx_word' id='word_1_85' title='bbox 826 872 866 925; x_wconf 91' lang='lat' dir='ltr'><strong>uir</strong></span> <span class='ocrx_word' id='word_1_86' title='bbox 887 871 976 924; x_wconf 86' lang='lat' dir='ltr'><strong>Titius</strong></span> <span class='ocrx_word' id='word_1_87' title='bbox 1001 871 1067 925; x_wconf 92' lang='lat' dir='ltr'><strong>uiua</strong></span> <span class='ocrx_word' id='word_1_88' title='bbox 1091 869 1155 926; x_wconf 90' lang='lat' dir='ltr'><strong>Seia</strong></span> <span class='ocrx_word' id='word_1_89' title='bbox 1179 872 1237 925; x_wconf 91' lang='lat' dir='ltr'><strong>sine</strong></span> <span class='ocrx_word' id='word_1_90' title='bbox 1261 871 1447 926; x_wconf 89' lang='lat' dir='ltr'><strong>controuersia</strong></span> <span class='ocrx_word' id='word_1_91' title='bbox 1469 859 1695 942; x_wconf 58' lang='lat' dir='ltr'><strong>possedit-pist</strong></span> 
     </span>
     <span class='ocr_line' id='line_1_9' title="bbox 256 958 1695 1031; baseline -0.001 -14"><span class='ocrx_word' id='word_1_92' title='bbox 256 969 370 1017; x_wconf 89' lang='lat' dir='ltr'><strong>mortem</strong></span> <span class='ocrx_word' id='word_1_93' title='bbox 395 963 493 1017; x_wconf 89' lang='lat' dir='ltr'><strong>deinde</strong></span> <span class='ocrx_word' id='word_1_94' title='bbox 519 962 598 1017; x_wconf 82' lang='lat' dir='ltr'><strong>Seiae</strong></span> <span class='ocrx_word' id='word_1_95' title='bbox 618 963 778 1031; x_wconf 87' lang='lat' dir='ltr'><strong>Sempronia</strong></span> <span class='ocrx_word' id='word_1_96' title='bbox 801 961 879 1014; x_wconf 91' lang='lat' dir='ltr'><strong>heres</strong></span> <span class='ocrx_word' id='word_1_97' title='bbox 898 959 978 1014; x_wconf 89' lang='lat' dir='ltr'><strong>Seiae</strong></span> <span class='ocrx_word' id='word_1_98' title='bbox 1002 959 1189 1028; x_wconf 89' lang='lat' dir='ltr'><strong>quaestionem</strong></span> <span class='ocrx_word' id='word_1_99' title='bbox 1213 975 1263 1028; x_wconf 91' lang='lat' dir='ltr'><strong>pro</strong></span> <span class='ocrx_word' id='word_1_100' title='bbox 1285 959 1390 1029; x_wconf 87' lang='lat' dir='ltr'><strong>praedii</strong></span> <span class='ocrx_word' id='word_1_101' title='bbox 1411 962 1579 1030; x_wconf 75' lang='lat' dir='ltr'><strong>proprietate</strong></span> <span class='ocrx_word' id='word_1_102' title='bbox 1602 958 1695 1016; x_wconf 83' lang='lat' dir='ltr'><strong>lacere</strong></span> 
     </span>
     <span class='ocr_line' id='line_1_10' title="bbox 255 1047 1694 1121; baseline -0.001 -15"><span class='ocrx_word' id='word_1_103' title='bbox 255 1053 387 1106; x_wconf 84' lang='lat' dir='ltr'><strong>instituit:</strong></span> <span class='ocrx_word' id='word_1_104' title='bbox 406 1067 516 1121; x_wconf 80' lang='lat' dir='ltr'><strong>qrreero,</strong></span> <span class='ocrx_word' id='word_1_105' title='bbox 537 1069 598 1107; x_wconf 90' lang='lat' dir='ltr'><strong>eum</strong></span> <span class='ocrx_word' id='word_1_106' title='bbox 617 1050 778 1120; x_wconf 87' lang='lat' dir='ltr'><strong>Sempronia</strong></span> <span class='ocrx_word' id='word_1_107' title='bbox 796 1050 857 1119; x_wconf 89' lang='lat' dir='ltr'><strong>ipsa</strong></span> <span class='ocrx_word' id='word_1_108' title='bbox 874 1050 910 1103; x_wconf 91' lang='lat' dir='ltr'><strong>sit</strong></span> <span class='ocrx_word' id='word_1_109' title='bbox 928 1047 1006 1102; x_wconf 91' lang='lat' dir='ltr'><strong>heres</strong></span> <span class='ocrx_word' id='word_1_110' title='bbox 1025 1047 1112 1116; x_wconf 84' lang='lat' dir='ltr'><strong>Seiae,</strong></span> <span class='ocrx_word' id='word_1_111' title='bbox 1132 1065 1168 1102; x_wconf 89' lang='lat' dir='ltr'><strong>an</strong></span> <span class='ocrx_word' id='word_1_112' title='bbox 1186 1048 1244 1102; x_wconf 89' lang='lat' dir='ltr'><strong>iure</strong></span> <span class='ocrx_word' id='word_1_113' title='bbox 1263 1050 1476 1104; x_wconf 86' lang='lat' dir='ltr'><strong>controuersiam</strong></span> <span class='ocrx_word' id='word_1_114' title='bbox 1494 1047 1584 1104; x_wconf 79' lang='lat' dir='ltr'><strong>timere</strong></span> <span class='ocrx_word' id='word_1_115' title='bbox 1596 1051 1694 1119; x_wconf 91' lang='lat' dir='ltr'><strong>possit.</strong></span> 
     </span>
     <span class='ocr_line' id='line_1_11' title="bbox 255 1137 1743 1210; baseline -0.001 -16"><span class='ocrx_word' id='word_1_116' title='bbox 255 1141 356 1194; x_wconf 89' lang='lat' dir='ltr'><strong>Paulus</strong></span> <span class='ocrx_word' id='word_1_117' title='bbox 379 1140 520 1208; x_wconf 91' lang='lat' dir='ltr'><strong>respondit</strong></span> <span class='ocrx_word' id='word_1_118' title='bbox 541 1142 600 1194; x_wconf 93' lang='lat' dir='ltr'><strong>iure</strong></span> <span class='ocrx_word' id='word_1_119' title='bbox 623 1141 732 1210; x_wconf 89' lang='lat' dir='ltr'><strong>quidem</strong></span> <span class='ocrx_word' id='word_1_120' title='bbox 756 1139 878 1210; x_wconf 87' lang='lat' dir='ltr'><strong>proprio,</strong></span> <span class='ocrx_word' id='word_1_121' title='bbox 903 1153 957 1191; x_wconf 87' lang='lat' dir='ltr'><strong>nen</strong></span> <span class='ocrx_word' id='word_1_122' title='bbox 980 1137 1142 1191; x_wconf 87' lang='lat' dir='ltr'><strong>hereditario</strong></span> <span class='ocrx_word' id='word_1_123' title='bbox 1167 1137 1368 1208; x_wconf 88' lang='lat' dir='ltr'><strong>Semproniam,</strong></span> <span class='ocrx_word' id='word_1_124' title='bbox 1394 1153 1465 1207; x_wconf 86' lang='lat' dir='ltr'><strong>quae</strong></span> <span class='ocrx_word' id='word_1_125' title='bbox 1485 1137 1564 1194; x_wconf 81' lang='lat' dir='ltr'><strong>Seiae</strong></span> <span class='ocrx_word' id='word_1_126' title='bbox 1586 1139 1621 1193; x_wconf 90' lang='lat' dir='ltr'><strong>de</strong></span> <span class='ocrx_word' id='word_1_127' title='bbox 1639 1155 1696 1209; x_wconf 88' lang='lat' dir='ltr'><strong>qua</strong></span> <span class='ocrx_word' id='word_1_128' title='bbox 1714 1152 1743 1192; x_wconf 97' lang='grc' dir='ltr'><strong>ιο</strong></span> 
     </span>
     <span class='ocr_line' id='line_1_12' title="bbox 255 1225 1695 1298; baseline 0.001 -16"><span class='ocrx_word' id='word_1_129' title='bbox 255 1230 395 1297; x_wconf 85' lang='lat' dir='ltr'><strong>quaeritur</strong></span> <span class='ocrx_word' id='word_1_130' title='bbox 412 1229 491 1283; x_wconf 89' lang='lat' dir='ltr'><strong>heres</strong></span> <span class='ocrx_word' id='word_1_131' title='bbox 510 1230 622 1298; x_wconf 84' lang='lat' dir='ltr'><strong>exstitit,</strong></span> <span class='ocrx_word' id='word_1_132' title='bbox 642 1229 855 1284; x_wconf 87' lang='lat' dir='ltr'><strong>controuersiam</strong></span> <span class='ocrx_word' id='word_1_133' title='bbox 875 1225 1019 1280; x_wconf 83' lang='lat' dir='ltr'><strong>fundorum</strong></span> <span class='ocrx_word' id='word_1_134' title='bbox 1038 1225 1128 1280; x_wconf 82' lang='lat' dir='ltr'><strong>facere</strong></span> <span class='ocrx_word' id='word_1_135' title='bbox 1146 1241 1237 1296; x_wconf 86' lang='lat' dir='ltr'><strong>posse,</strong></span> <span class='ocrx_word' id='word_1_136' title='bbox 1256 1226 1305 1280; x_wconf 88' lang='lat' dir='ltr'><strong>sed</strong></span> <span class='ocrx_word' id='word_1_137' title='bbox 1324 1227 1421 1281; x_wconf 89' lang='lat' dir='ltr'><strong>euietis</strong></span> <span class='ocrx_word' id='word_1_138' title='bbox 1439 1228 1558 1296; x_wconf 90' lang='lat' dir='ltr'><strong>praediis</strong></span> <span class='ocrx_word' id='word_1_139' title='bbox 1577 1229 1695 1284; x_wconf 87' lang='lat' dir='ltr'><strong>eandem</strong></span> 
     </span>
     <span class='ocr_line' id='line_1_13' title="bbox 256 1314 1653 1386; baseline -0.001 -14"><span class='ocrx_word' id='word_1_140' title='bbox 256 1316 444 1385; x_wconf 84' lang='lat' dir='ltr'><strong>Semproniam</strong></span> <span class='ocrx_word' id='word_1_141' title='bbox 462 1317 590 1372; x_wconf 87' lang='lat' dir='ltr'><strong>heredem</strong></span> <span class='ocrx_word' id='word_1_142' title='bbox 610 1317 689 1372; x_wconf 84' lang='lat' dir='ltr'><strong>Seiae</strong></span> <span class='ocrx_word' id='word_1_143' title='bbox 708 1317 846 1372; x_wconf 89' lang='lat' dir='ltr'><strong>conueniri</strong></span> <span class='ocrx_word' id='word_1_144' title='bbox 865 1330 961 1386; x_wconf 92' lang='lat' dir='ltr'><strong>posse:</strong></span> <span class='ocrx_word' id='word_1_145' title='bbox 980 1315 1024 1369; x_wconf 89' lang='lat' dir='ltr'><strong>uel</strong></span> <span class='ocrx_word' id='word_1_146' title='bbox 1043 1315 1204 1384; x_wconf 81' lang='lat' dir='ltr'><strong>exceptione</strong></span> <span class='ocrx_word' id='word_1_147' title='bbox 1223 1314 1277 1370; x_wconf 92' lang='lat' dir='ltr'><strong>deli</strong></span> <span class='ocrx_word' id='word_1_148' title='bbox 1295 1315 1359 1370; x_wconf 91' lang='lat' dir='ltr'><strong>mali</strong></span> <span class='ocrx_word' id='word_1_149' title='bbox 1378 1317 1543 1371; x_wconf 86' lang='lat' dir='ltr'><strong>summoueri</strong></span> <span class='ocrx_word' id='word_1_150' title='bbox 1561 1331 1653 1386; x_wconf 84' lang='lat' dir='ltr'><strong>posse.</strong></span> 
     </span>
     <span class='ocr_line' id='line_1_14' title="bbox 198 1401 1742 1488; baseline 0.001 -29"><span class='ocrx_word' id='word_1_151' title='bbox 198 1410 236 1467; x_wconf 81' lang='grc'><strong>74</strong></span> <span class='ocrx_word' id='word_1_152' title='bbox 307 1406 567 1482; x_wconf 77' lang='lat' dir='ltr'><strong>Haauoesrsrauus</strong></span> <span class='ocrx_word' id='word_1_153' title='bbox 584 1406 654 1460; x_wconf 91' lang='lat' dir='ltr'><strong>libro</strong></span> <span class='ocrx_word' id='word_1_154' title='bbox 673 1406 793 1460; x_wconf 91' lang='lat' dir='ltr'><strong>secundo</strong></span> <span class='ocrx_word' id='word_1_155' title='bbox 812 1405 877 1459; x_wconf 89' lang='lat' dir='ltr'><strong>iuris</strong></span> <span class='ocrx_word' id='word_1_156' title='bbox 897 1404 1086 1472; x_wconf 86' lang='lat' dir='ltr'><strong>epitomarum.</strong></span> <span class='ocrx_word' id='word_1_157' title='bbox 1115 1402 1143 1457; x_wconf 88' lang='lat' dir='ltr'><strong>Si</strong></span> <span class='ocrx_word' id='word_1_158' title='bbox 1161 1403 1223 1472; x_wconf 88' lang='lat' dir='ltr'><strong>plus</strong></span> <span class='ocrx_word' id='word_1_159' title='bbox 1242 1405 1285 1458; x_wconf 89' lang='lat' dir='ltr'><strong>uel</strong></span> <span class='ocrx_word' id='word_1_160' title='bbox 1299 1405 1397 1473; x_wconf 89' lang='lat' dir='ltr'><strong>minus,</strong></span> <span class='ocrx_word' id='word_1_161' title='bbox 1416 1420 1498 1473; x_wconf 89' lang='lat' dir='ltr'><strong>quam</strong></span> <span class='ocrx_word' id='word_1_162' title='bbox 1517 1401 1695 1488; x_wconf 51' lang='grc' dir='ltr'><strong>[ᾗῇ]</strong></span> <span class='ocrx_word' id='word_1_163' title='bbox 1713 1414 1742 1468; x_wconf 91' lang='grc' dir='ltr'><strong><em>Ρ</em></strong></span> 
     </span>
     <span class='ocr_line' id='line_1_15' title="bbox 223 1491 1695 1564; baseline 0.001 -17"><span class='ocrx_word' id='word_1_164' title='bbox 223 1512 234 1555; x_wconf 94' lang='lat'>1</span> <span class='ocrx_word' id='word_1_165' title='bbox 254 1495 334 1564; x_wconf 86' lang='lat' dir='ltr'><strong>pretii</strong></span> <span class='ocrx_word' id='word_1_166' title='bbox 354 1496 462 1549; x_wconf 91' lang='lat' dir='ltr'><strong>nomine</strong></span> <span class='ocrx_word' id='word_1_167' title='bbox 481 1495 575 1548; x_wconf 87' lang='lat' dir='ltr'><strong>datum</strong></span> <span class='ocrx_word' id='word_1_168' title='bbox 595 1500 650 1564; x_wconf 87' lang='lat' dir='ltr'><strong>est,</strong></span> <span class='ocrx_word' id='word_1_169' title='bbox 670 1495 806 1549; x_wconf 88' lang='lat' dir='ltr'><strong>euictiona</strong></span> <span class='ocrx_word' id='word_1_170' title='bbox 825 1499 920 1547; x_wconf 83' lang='lat' dir='ltr'><strong>secuta</strong></span> <span class='ocrx_word' id='word_1_171' title='bbox 937 1492 997 1546; x_wconf 90' lang='lat' dir='ltr'><strong>dari</strong></span> <span class='ocrx_word' id='word_1_172' title='bbox 1015 1491 1185 1560; x_wconf 90' lang='lat' dir='ltr'><strong>conuenerit,</strong></span> <span class='ocrx_word' id='word_1_173' title='bbox 1204 1492 1336 1560; x_wconf 88' lang='lat' dir='ltr'><strong>placitum</strong></span> <span class='ocrx_word' id='word_1_174' title='bbox 1354 1493 1562 1550; x_wconf 89' lang='lat' dir='ltr'><strong>custodiendum</strong></span> <span class='ocrx_word' id='word_1_175' title='bbox 1582 1501 1633 1550; x_wconf 89' lang='lat' dir='ltr'><strong>est.</strong></span> <span class='ocrx_word' id='word_1_176' title='bbox 1665 1494 1695 1550; x_wconf 90' lang='lat' dir='ltr'><strong>Si</strong></span> 
     </span>
     <span class='ocr_line' id='line_1_16' title="bbox 254 1578 1743 1653; baseline 0 -16"><span class='ocrx_word' id='word_1_177' title='bbox 254 1584 330 1637; x_wconf 89' lang='lat' dir='ltr'><strong>iussu</strong></span> <span class='ocrx_word' id='word_1_178' title='bbox 349 1584 446 1638; x_wconf 90' lang='lat' dir='ltr'><strong>iudicis</strong></span> <span class='ocrx_word' id='word_1_179' title='bbox 465 1584 504 1637; x_wconf 90' lang='lat' dir='ltr'><strong>rei</strong></span> <span class='ocrx_word' id='word_1_180' title='bbox 523 1582 659 1637; x_wconf 86' lang='lat' dir='ltr'><strong>iudicatae</strong></span> <span class='ocrx_word' id='word_1_181' title='bbox 677 1585 777 1653; x_wconf 89' lang='lat' dir='ltr'><strong>pignus</strong></span> <span class='ocrx_word' id='word_1_182' title='bbox 796 1586 906 1651; x_wconf 85' lang='lat' dir='ltr'><strong>captum</strong></span> <span class='ocrx_word' id='word_1_183' title='bbox 920 1596 970 1648; x_wconf 90' lang='lat' dir='ltr'><strong>per</strong></span> <span class='ocrx_word' id='word_1_184' title='bbox 982 1578 1101 1634; x_wconf 81' lang='lat' dir='ltr'><strong>cilicium</strong></span> <span class='ocrx_word' id='word_1_185' title='bbox 1115 1579 1290 1650; x_wconf 88' lang='lat' dir='ltr'><strong>distrahatur,</strong></span> <span class='ocrx_word' id='word_1_186' title='bbox 1308 1586 1372 1649; x_wconf 89' lang='lat' dir='ltr'><strong>post</strong></span> <span class='ocrx_word' id='word_1_187' title='bbox 1384 1583 1534 1652; x_wconf 85' lang='lat' dir='ltr'><strong>enincntur,</strong></span> <span class='ocrx_word' id='word_1_188' title='bbox 1553 1599 1588 1637; x_wconf 89' lang='lat' dir='ltr'><strong>ex</strong></span> <span class='ocrx_word' id='word_1_189' title='bbox 1600 1588 1695 1652; x_wconf 85' lang='lat' dir='ltr'><strong>empto</strong></span> <span class='ocrx_word' id='word_1_190' title='bbox 1716 1597 1743 1638; x_wconf 84' lang='grc' dir='ltr'><strong>ιο</strong></span> 
     </span>
     <span class='ocr_line' id='line_1_17' title="bbox 254 1668 1696 1742; baseline 0.001 -17"><span class='ocrx_word' id='word_1_191' title='bbox 254 1676 351 1726; x_wconf 86' lang='lat' dir='ltr'><strong>contra</strong></span> <span class='ocrx_word' id='word_1_192' title='bbox 373 1688 434 1726; x_wconf 90' lang='lat' dir='ltr'><strong>eum</strong></span> <span class='ocrx_word' id='word_1_193' title='bbox 454 1673 501 1740; x_wconf 85' lang='lat' dir='ltr'><strong>qui</strong></span> <span class='ocrx_word' id='word_1_194' title='bbox 519 1673 608 1741; x_wconf 88' lang='lat' dir='ltr'><strong>pretio</strong></span> <span class='ocrx_word' id='word_1_195' title='bbox 626 1671 756 1726; x_wconf 84' lang='lat' dir='ltr'><strong>liberatus</strong></span> <span class='ocrx_word' id='word_1_196' title='bbox 775 1677 830 1740; x_wconf 89' lang='lat' dir='ltr'><strong>est,</strong></span> <span class='ocrx_word' id='word_1_197' title='bbox 854 1684 908 1725; x_wconf 92' lang='lat' dir='ltr'><strong>non</strong></span> <span class='ocrx_word' id='word_1_198' title='bbox 926 1668 1020 1738; x_wconf 87' lang='lat' dir='ltr'><strong>quanti</strong></span> <span class='ocrx_word' id='word_1_199' title='bbox 1038 1669 1166 1738; x_wconf 88' lang='lat' dir='ltr'><strong>interest,</strong></span> <span class='ocrx_word' id='word_1_200' title='bbox 1191 1669 1240 1722; x_wconf 90' lang='lat' dir='ltr'><strong>sed</strong></span> <span class='ocrx_word' id='word_1_201' title='bbox 1259 1669 1293 1724; x_wconf 91' lang='lat' dir='ltr'><strong>de</strong></span> <span class='ocrx_word' id='word_1_202' title='bbox 1311 1672 1398 1740; x_wconf 86' lang='lat' dir='ltr'><strong>pretio</strong></span> <span class='ocrx_word' id='word_1_203' title='bbox 1418 1670 1562 1726; x_wconf 84' lang='lat' dir='ltr'><strong>dumtaxat</strong></span> <span class='ocrx_word' id='word_1_204' title='bbox 1579 1672 1696 1742; x_wconf 89' lang='lat' dir='ltr'><strong>eiusque</strong></span> 
     </span>
     <span class='ocr_line' id='line_1_18' title="bbox 254 1755 1696 1828; baseline 0.001 -14"><span class='ocrx_word' id='word_1_205' title='bbox 254 1761 344 1814; x_wconf 77' lang='lat' dir='ltr'><strong>rasuris</strong></span> <span class='ocrx_word' id='word_1_206' title='bbox 362 1760 457 1814; x_wconf 89' lang='lat' dir='ltr'><strong>habita</strong></span> <span class='ocrx_word' id='word_1_207' title='bbox 474 1761 579 1814; x_wconf 87' lang='lat' dir='ltr'><strong>ratione</strong></span> <span class='ocrx_word' id='word_1_208' title='bbox 597 1759 735 1815; x_wconf 73' lang='lat' dir='ltr'><strong>tructarum</strong></span> <span class='ocrx_word' id='word_1_209' title='bbox 754 1759 876 1828; x_wconf 86' lang='lat' dir='ltr'><strong>dabitur,</strong></span> <span class='ocrx_word' id='word_1_210' title='bbox 896 1759 1000 1812; x_wconf 87' lang='lat' dir='ltr'><strong>seilicet</strong></span> <span class='ocrx_word' id='word_1_211' title='bbox 1018 1757 1041 1810; x_wconf 92' lang='lat' dir='ltr'><strong>si</strong></span> <span class='ocrx_word' id='word_1_212' title='bbox 1058 1755 1109 1811; x_wconf 92' lang='lat' dir='ltr'><strong>hos</strong></span> <span class='ocrx_word' id='word_1_213' title='bbox 1127 1758 1153 1811; x_wconf 89' lang='lat' dir='ltr'><strong>ei</strong></span> <span class='ocrx_word' id='word_1_214' title='bbox 1172 1758 1218 1827; x_wconf 91' lang='lat' dir='ltr'><strong>qui</strong></span> <span class='ocrx_word' id='word_1_215' title='bbox 1237 1757 1321 1813; x_wconf 89' lang='lat' dir='ltr'><strong>euicit</strong></span> <span class='ocrx_word' id='word_1_216' title='bbox 1337 1759 1482 1814; x_wconf 88' lang='lat' dir='ltr'><strong>restituere</strong></span> <span class='ocrx_word' id='word_1_217' title='bbox 1501 1775 1554 1815; x_wconf 90' lang='lat' dir='ltr'><strong>non</strong></span> <span class='ocrx_word' id='word_1_218' title='bbox 1573 1759 1696 1816; x_wconf 84' lang='lat' dir='ltr'><strong>habebat</strong></span> 
     </span>
     <span class='ocr_line' id='line_1_19' title="bbox 221 1845 1694 1918; baseline 0 -14"><span class='ocrx_word' id='word_1_219' title='bbox 221 1860 235 1904; x_wconf 83' lang='lat' dir='ltr'><strong>a</strong></span> <span class='ocrx_word' id='word_1_220' title='bbox 254 1864 375 1902; x_wconf 88' lang='lat' dir='ltr'><strong>necesse.</strong></span> <span class='ocrx_word' id='word_1_221' title='bbox 406 1849 481 1903; x_wconf 84' lang='lat' dir='ltr'><strong>Mete</strong></span> <span class='ocrx_word' id='word_1_222' title='bbox 499 1849 660 1918; x_wconf 86' lang='lat' dir='ltr'><strong>quaestione</strong></span> <span class='ocrx_word' id='word_1_223' title='bbox 678 1849 785 1904; x_wconf 87' lang='lat' dir='ltr'><strong>interim</strong></span> <span class='ocrx_word' id='word_1_224' title='bbox 804 1863 859 1902; x_wconf 92' lang='lat' dir='ltr'><strong>non</strong></span> <span class='ocrx_word' id='word_1_225' title='bbox 878 1846 913 1901; x_wconf 88' lang='lat' dir='ltr'><strong>ad</strong></span> <span class='ocrx_word' id='word_1_226' title='bbox 931 1847 1049 1915; x_wconf 88' lang='lat' dir='ltr'><strong>pretium</strong></span> <span class='ocrx_word' id='word_1_227' title='bbox 1066 1845 1275 1915; x_wconf 89' lang='lat' dir='ltr'><strong>restituendum,</strong></span> <span class='ocrx_word' id='word_1_228' title='bbox 1293 1846 1343 1900; x_wconf 93' lang='lat' dir='ltr'><strong>sed</strong></span> <span class='ocrx_word' id='word_1_229' title='bbox 1361 1847 1397 1901; x_wconf 91' lang='lat' dir='ltr'><strong>ad</strong></span> <span class='ocrx_word' id='word_1_230' title='bbox 1414 1863 1472 1903; x_wconf 87' lang='lat' dir='ltr'><strong>rem</strong></span> <span class='ocrx_word' id='word_1_231' title='bbox 1491 1847 1694 1904; x_wconf 80' lang='lat' dir='ltr'><strong>defendendam</strong></span> 
     </span>
     <span class='ocr_line' id='line_1_20' title="bbox 221 1933 1695 2008; baseline 0 -15"><span class='ocrx_word' id='word_1_232' title='bbox 221 1949 235 1993; x_wconf 87' lang='lat' dir='ltr'><strong>e</strong></span> <span class='ocrx_word' id='word_1_233' title='bbox 253 1937 381 1993; x_wconf 88' lang='lat' dir='ltr'><strong>uenditor</strong></span> <span class='ocrx_word' id='word_1_234' title='bbox 398 1938 538 1992; x_wconf 87' lang='lat' dir='ltr'><strong>conueniri</strong></span> <span class='ocrx_word' id='word_1_235' title='bbox 556 1942 656 2006; x_wconf 87' lang='lat' dir='ltr'><strong>petest.</strong></span> <span class='ocrx_word' id='word_1_236' title='bbox 694 1936 745 2002; x_wconf 82' lang='lat' dir='ltr'><strong>Qui</strong></span> <span class='ocrx_word' id='word_1_237' title='bbox 765 1951 864 1992; x_wconf 89' lang='lat' dir='ltr'><strong>nomen</strong></span> <span class='ocrx_word' id='word_1_238' title='bbox 883 1937 963 2006; x_wconf 88' lang='lat' dir='ltr'><strong>quale</strong></span> <span class='ocrx_word' id='word_1_239' title='bbox 980 1933 1033 1990; x_wconf 84' lang='lat' dir='ltr'><strong>luit</strong></span> <span class='ocrx_word' id='word_1_240' title='bbox 1050 1934 1186 2004; x_wconf 85' lang='lat' dir='ltr'><strong>uendidit,</strong></span> <span class='ocrx_word' id='word_1_241' title='bbox 1212 1934 1356 1990; x_wconf 81' lang='lat' dir='ltr'><strong>dumtaxat</strong></span> <span class='ocrx_word' id='word_1_242' title='bbox 1373 1941 1405 1990; x_wconf 90' lang='lat' dir='ltr'><strong>ut</strong></span> <span class='ocrx_word' id='word_1_243' title='bbox 1422 1937 1471 2007; x_wconf 91' lang='lat' dir='ltr'><strong>sit,</strong></span> <span class='ocrx_word' id='word_1_244' title='bbox 1496 1953 1551 1993; x_wconf 90' lang='lat' dir='ltr'><strong>non</strong></span> <span class='ocrx_word' id='word_1_245' title='bbox 1570 1943 1602 1992; x_wconf 92' lang='lat' dir='ltr'><strong>ut</strong></span> <span class='ocrx_word' id='word_1_246' title='bbox 1619 1939 1695 2008; x_wconf 84' lang='lat' dir='ltr'><strong>exigi</strong></span> 
     </span>
     <span class='ocr_line' id='line_1_21' title="bbox 254 2025 1744 2095; baseline 0.001 -15"><span class='ocrx_word' id='word_1_247' title='bbox 254 2027 336 2080; x_wconf 87' lang='lat' dir='ltr'><strong>etiam</strong></span> <span class='ocrx_word' id='word_1_248' title='bbox 355 2025 457 2095; x_wconf 87' lang='lat' dir='ltr'><strong>aliquid</strong></span> <span class='ocrx_word' id='word_1_249' title='bbox 475 2026 570 2094; x_wconf 89' lang='lat' dir='ltr'><strong>possit,</strong></span> <span class='ocrx_word' id='word_1_250' title='bbox 589 2029 618 2080; x_wconf 91' lang='lat' dir='ltr'><strong>et</strong></span> <span class='ocrx_word' id='word_1_251' title='bbox 636 2025 727 2081; x_wconf 89' lang='lat' dir='ltr'><strong>dolum</strong></span> <span class='ocrx_word' id='word_1_252' title='bbox 747 2031 887 2094; x_wconf 88' lang='lat' dir='ltr'><strong>praestare</strong></span> <span class='ocrx_word' id='word_1_253' title='bbox 906 2025 1022 2093; x_wconf 82' lang='lat' dir='ltr'><strong>cogitur.</strong></span> <span class='ocrx_word' id='word_1_254' title='bbox 1716 2042 1744 2081; x_wconf 89' lang='grc' dir='ltr'><strong>ιο</strong></span> 
     </span>
     <span class='ocr_line' id='line_1_22' title="bbox 197 2108 1742 2200; baseline 0 -32"><span class='ocrx_word' id='word_1_255' title='bbox 197 2114 235 2173; x_wconf 82' lang='grc'><strong>75</strong></span> <span class='ocrx_word' id='word_1_256' title='bbox 307 2113 480 2168; x_wconf 80' lang='lat' dir='ltr'><strong>Usuunrsrus</strong></span> <span class='ocrx_word' id='word_1_257' title='bbox 498 2113 567 2168; x_wconf 86' lang='lat' dir='ltr'><strong>libro</strong></span> <span class='ocrx_word' id='word_1_258' title='bbox 585 2119 664 2169; x_wconf 88' lang='lat' dir='ltr'><strong>sexto</strong></span> <span class='ocrx_word' id='word_1_259' title='bbox 683 2114 790 2169; x_wconf 87' lang='lat' dir='ltr'><strong>decimo</strong></span> <span class='ocrx_word' id='word_1_260' title='bbox 808 2114 1023 2184; x_wconf 88' lang='lat' dir='ltr'><strong>stipulationum.</strong></span> <span class='ocrx_word' id='word_1_261' title='bbox 1057 2110 1137 2176; x_wconf 82' lang='lat' dir='ltr'><strong>Quod</strong></span> <span class='ocrx_word' id='word_1_262' title='bbox 1154 2111 1190 2166; x_wconf 86' lang='lat' dir='ltr'><strong>ad</strong></span> <span class='ocrx_word' id='word_1_263' title='bbox 1208 2111 1355 2167; x_wconf 88' lang='lat' dir='ltr'><strong>seruitutes</strong></span> <span class='ocrx_word' id='word_1_264' title='bbox 1373 2113 1498 2182; x_wconf 89' lang='lat' dir='ltr'><strong>praedio·</strong></span> <span class='ocrx_word' id='word_1_265' title='bbox 1517 2108 1697 2200; x_wconf 60' lang='lat' dir='ltr'><em>Q</em></span> <span class='ocrx_word' id='word_1_266' title='bbox 1715 2123 1742 2178; x_wconf 81' lang='grc' dir='ltr'><strong><em>Ρ</em></strong></span> 
     </span>
     <span class='ocr_line' id='line_1_23' title="bbox 254 2199 1695 2271; baseline 0.003 -15"><span class='ocrx_word' id='word_1_267' title='bbox 254 2219 314 2257; x_wconf 83' lang='lat' dir='ltr'><strong>rum</strong></span> <span class='ocrx_word' id='word_1_268' title='bbox 333 2203 439 2271; x_wconf 87' lang='lat' dir='ltr'><strong>attinet,</strong></span> <span class='ocrx_word' id='word_1_269' title='bbox 459 2201 481 2256; x_wconf 88' lang='lat' dir='ltr'><strong>si</strong></span> <span class='ocrx_word' id='word_1_270' title='bbox 500 2204 583 2258; x_wconf 88' lang='lat' dir='ltr'><strong>tacite</strong></span> <span class='ocrx_word' id='word_1_271' title='bbox 602 2207 713 2258; x_wconf 90' lang='lat' dir='ltr'><strong>secutae</strong></span> <span class='ocrx_word' id='word_1_272' title='bbox 732 2207 797 2256; x_wconf 90' lang='lat' dir='ltr'><strong>sunt</strong></span> <span class='ocrx_word' id='word_1_273' title='bbox 815 2207 843 2257; x_wconf 89' lang='lat' dir='ltr'><strong>et</strong></span> <span class='ocrx_word' id='word_1_274' title='bbox 860 2201 1034 2257; x_wconf 86' lang='lat' dir='ltr'><strong>uindicantur</strong></span> <span class='ocrx_word' id='word_1_275' title='bbox 1051 2199 1087 2254; x_wconf 90' lang='lat' dir='ltr'><strong>ab</strong></span> <span class='ocrx_word' id='word_1_276' title='bbox 1099 2200 1160 2269; x_wconf 90' lang='lat' dir='ltr'><strong>alie,</strong></span> <span class='ocrx_word' id='word_1_277' title='bbox 1179 2199 1296 2265; x_wconf 85' lang='lat' dir='ltr'><strong>Quintus</strong></span> <span class='ocrx_word' id='word_1_278' title='bbox 1308 2201 1415 2256; x_wconf 85' lang='lat' dir='ltr'><strong>Mucius</strong></span> <span class='ocrx_word' id='word_1_279' title='bbox 1428 2206 1457 2256; x_wconf 91' lang='lat' dir='ltr'><strong>et</strong></span> <span class='ocrx_word' id='word_1_280' title='bbox 1468 2201 1588 2258; x_wconf 86' lang='lat' dir='ltr'><strong>Sabinus</strong></span> <span class='ocrx_word' id='word_1_281' title='bbox 1601 2205 1695 2260; x_wconf 86' lang='lat' dir='ltr'><strong>existi·</strong></span> 
     </span>
     <span class='ocr_line' id='line_1_24' title="bbox 254 2288 1696 2364; baseline 0.003 -18"><span class='ocrx_word' id='word_1_282' title='bbox 254 2295 330 2346; x_wconf 90' lang='lat' dir='ltr'><strong>mant</strong></span> <span class='ocrx_word' id='word_1_283' title='bbox 354 2290 523 2346; x_wconf 89' lang='lat' dir='ltr'><strong>uenditorem</strong></span> <span class='ocrx_word' id='word_1_284' title='bbox 547 2291 584 2347; x_wconf 93' lang='lat' dir='ltr'><strong>ob</strong></span> <span class='ocrx_word' id='word_1_285' title='bbox 602 2292 765 2346; x_wconf 78' lang='lat' dir='ltr'><strong>edictionem</strong></span> <span class='ocrx_word' id='word_1_286' title='bbox 783 2291 870 2346; x_wconf 74' lang='lat' dir='ltr'><strong>tenen</strong></span> <span class='ocrx_word' id='word_1_287' title='bbox 888 2305 943 2344; x_wconf 94' lang='lat' dir='ltr'><strong>nen</strong></span> <span class='ocrx_word' id='word_1_288' title='bbox 960 2303 1056 2358; x_wconf 88' lang='lat' dir='ltr'><strong>pesse:</strong></span> <span class='ocrx_word' id='word_1_289' title='bbox 1079 2303 1131 2342; x_wconf 90' lang='lat' dir='ltr'><strong>nee</strong></span> <span class='ocrx_word' id='word_1_290' title='bbox 1149 2288 1220 2343; x_wconf 89' lang='lat' dir='ltr'><strong>enim</strong></span> <span class='ocrx_word' id='word_1_291' title='bbox 1239 2289 1382 2346; x_wconf 89' lang='lat' dir='ltr'><strong>euictienis</strong></span> <span class='ocrx_word' id='word_1_292' title='bbox 1400 2291 1510 2346; x_wconf 88' lang='lat' dir='ltr'><strong>nomine</strong></span> <span class='ocrx_word' id='word_1_293' title='bbox 1527 2307 1696 2364; x_wconf 81' lang='lat' dir='ltr'><strong>quemquam</strong></span> 
     </span>
     <span class='ocr_line' id='line_1_25' title="bbox 253 2377 1696 2449; baseline 0.003 -16"><span class='ocrx_word' id='word_1_294' title='bbox 253 2380 340 2434; x_wconf 89' lang='lat' dir='ltr'><strong>teneri</strong></span> <span class='ocrx_word' id='word_1_295' title='bbox 359 2380 386 2434; x_wconf 91' lang='lat' dir='ltr'><strong>in</strong></span> <span class='ocrx_word' id='word_1_296' title='bbox 405 2395 437 2434; x_wconf 88' lang='lat' dir='ltr'><strong>co</strong></span> <span class='ocrx_word' id='word_1_297' title='bbox 456 2380 526 2448; x_wconf 87' lang='lat' dir='ltr'><strong>iure,</strong></span> <span class='ocrx_word' id='word_1_298' title='bbox 550 2380 624 2449; x_wconf 87' lang='lat' dir='ltr'><strong>quod</strong></span> <span class='ocrx_word' id='word_1_299' title='bbox 642 2381 724 2435; x_wconf 88' lang='lat' dir='ltr'><strong>tacite</strong></span> <span class='ocrx_word' id='word_1_300' title='bbox 744 2381 831 2438; x_wconf 88' lang='lat' dir='ltr'><strong>soleat</strong></span> <span class='ocrx_word' id='word_1_301' title='bbox 849 2378 995 2434; x_wconf 87' lang='lat' dir='ltr'><strong>accedere:</strong></span> <span class='ocrx_word' id='word_1_302' title='bbox 1020 2377 1072 2432; x_wconf 90' lang='lat' dir='ltr'><strong>nisi</strong></span> <span class='ocrx_word' id='word_1_303' title='bbox 1090 2382 1122 2432; x_wconf 88' lang='lat' dir='ltr'><strong>ut</strong></span> <span class='ocrx_word' id='word_1_304' title='bbox 1139 2377 1259 2446; x_wconf 91' lang='lat' dir='ltr'><strong>optimus</strong></span> <span class='ocrx_word' id='word_1_305' title='bbox 1276 2379 1466 2449; x_wconf 87' lang='lat' dir='ltr'><strong>maximusque</strong></span> <span class='ocrx_word' id='word_1_306' title='bbox 1484 2385 1559 2436; x_wconf 88' lang='lat' dir='ltr'><strong>esset</strong></span> <span class='ocrx_word' id='word_1_307' title='bbox 1577 2381 1696 2438; x_wconf 88' lang='lat' dir='ltr'><strong>traditus</strong></span> 
     </span>
     <span class='ocr_line' id='line_1_26' title="bbox 253 2465 1742 2540; baseline 0.003 -18"><span class='ocrx_word' id='word_1_308' title='bbox 253 2467 336 2523; x_wconf 84' lang='lat' dir='ltr'><strong>fuerit</strong></span> <span class='ocrx_word' id='word_1_309' title='bbox 358 2467 472 2523; x_wconf 80' lang='lat' dir='ltr'><strong>fundus:</strong></span> <span class='ocrx_word' id='word_1_310' title='bbox 496 2474 562 2524; x_wconf 90' lang='lat' dir='ltr'><strong>tunc</strong></span> <span class='ocrx_word' id='word_1_311' title='bbox 587 2469 659 2524; x_wconf 91' lang='lat' dir='ltr'><strong>enim</strong></span> <span class='ocrx_word' id='word_1_312' title='bbox 683 2468 797 2524; x_wconf 90' lang='lat' dir='ltr'><strong>liberum</strong></span> <span class='ocrx_word' id='word_1_313' title='bbox 822 2466 858 2523; x_wconf 91' lang='lat' dir='ltr'><strong>ab</strong></span> <span class='ocrx_word' id='word_1_314' title='bbox 881 2467 955 2522; x_wconf 92' lang='lat' dir='ltr'><strong>omni</strong></span> <span class='ocrx_word' id='word_1_315' title='bbox 977 2467 1109 2521; x_wconf 88' lang='lat' dir='ltr'><strong>seruitute</strong></span> <span class='ocrx_word' id='word_1_316' title='bbox 1127 2465 1331 2535; x_wconf 89' lang='lat' dir='ltr'><strong>praestandum.</strong></span> <span class='ocrx_word' id='word_1_317' title='bbox 1366 2468 1389 2522; x_wconf 91' lang='lat' dir='ltr'><strong>si</strong></span> <span class='ocrx_word' id='word_1_318' title='bbox 1407 2483 1474 2524; x_wconf 87' lang='lat' dir='ltr'><strong>uero</strong></span> <span class='ocrx_word' id='word_1_319' title='bbox 1492 2475 1600 2540; x_wconf 86' lang='lat' dir='ltr'><strong>emptor</strong></span> <span class='ocrx_word' id='word_1_320' title='bbox 1616 2477 1696 2540; x_wconf 83' lang='lat' dir='ltr'><strong>petat</strong></span> <span class='ocrx_word' id='word_1_321' title='bbox 1713 2485 1742 2528; x_wconf 79' lang='lat' dir='ltr'><strong>ae</strong></span> 
     </span>
     <span class='ocr_line' id='line_1_27' title="bbox 253 2555 1696 2627; baseline 0.002 -15"><span class='ocrx_word' id='word_1_322' title='bbox 253 2557 326 2612; x_wconf 89' lang='lat' dir='ltr'><strong>uiam</strong></span> <span class='ocrx_word' id='word_1_323' title='bbox 344 2559 388 2612; x_wconf 92' lang='lat' dir='ltr'><strong>uel</strong></span> <span class='ocrx_word' id='word_1_324' title='bbox 408 2561 515 2627; x_wconf 87' lang='lat' dir='ltr'><strong>actum,</strong></span> <span class='ocrx_word' id='word_1_325' title='bbox 538 2558 710 2612; x_wconf 90' lang='lat' dir='ltr'><strong>uenditorem</strong></span> <span class='ocrx_word' id='word_1_326' title='bbox 729 2557 816 2612; x_wconf 72' lang='lat' dir='ltr'><strong>tenen</strong></span> <span class='ocrx_word' id='word_1_327' title='bbox 833 2571 888 2612; x_wconf 90' lang='lat' dir='ltr'><strong>non</strong></span> <span class='ocrx_word' id='word_1_328' title='bbox 906 2570 1002 2626; x_wconf 86' lang='lat' dir='ltr'><strong>posse,</strong></span> <span class='ocrx_word' id='word_1_329' title='bbox 1021 2555 1074 2609; x_wconf 91' lang='lat' dir='ltr'><strong>nisi</strong></span> <span class='ocrx_word' id='word_1_330' title='bbox 1091 2555 1250 2610; x_wconf 90' lang='lat' dir='ltr'><strong>nominatim</strong></span> <span class='ocrx_word' id='word_1_331' title='bbox 1269 2555 1370 2610; x_wconf 84' lang='lat' dir='ltr'><strong>dixerit</strong></span> <span class='ocrx_word' id='word_1_332' title='bbox 1387 2572 1560 2614; x_wconf 87' lang='lat' dir='ltr'><strong>accessurum</strong></span> <span class='ocrx_word' id='word_1_333' title='bbox 1580 2560 1633 2614; x_wconf 84' lang='lat' dir='ltr'><strong>iter</strong></span> <span class='ocrx_word' id='word_1_334' title='bbox 1650 2561 1696 2615; x_wconf 86' lang='lat' dir='ltr'><strong>uel</strong></span> 
     </span>
     <span class='ocr_line' id='line_1_28' title="bbox 254 2644 1695 2719; baseline 0.002 -18"><span class='ocrx_word' id='word_1_335' title='bbox 254 2650 361 2702; x_wconf 89' lang='lat' dir='ltr'><strong>actum:</strong></span> <span class='ocrx_word' id='word_1_336' title='bbox 386 2651 452 2701; x_wconf 89' lang='lat' dir='ltr'><strong>tunc</strong></span> <span class='ocrx_word' id='word_1_337' title='bbox 471 2647 542 2701; x_wconf 88' lang='lat' dir='ltr'><strong>eninr</strong></span> <span class='ocrx_word' id='word_1_338' title='bbox 561 2647 649 2702; x_wconf 88' lang='lat' dir='ltr'><strong>teneri</strong></span> <span class='ocrx_word' id='word_1_339' title='bbox 667 2663 744 2716; x_wconf 90' lang='lat' dir='ltr'><strong>eum,</strong></span> <span class='ocrx_word' id='word_1_340' title='bbox 768 2646 815 2715; x_wconf 90' lang='lat' dir='ltr'><strong>qui</strong></span> <span class='ocrx_word' id='word_1_341' title='bbox 833 2646 872 2700; x_wconf 84' lang='lat' dir='ltr'><strong>ita</strong></span> <span class='ocrx_word' id='word_1_342' title='bbox 890 2644 998 2699; x_wconf 86' lang='lat' dir='ltr'><strong>dixerit.</strong></span> <span class='ocrx_word' id='word_1_343' title='bbox 1031 2648 1060 2699; x_wconf 91' lang='lat' dir='ltr'><strong>et</strong></span> <span class='ocrx_word' id='word_1_344' title='bbox 1076 2658 1144 2698; x_wconf 91' lang='lat' dir='ltr'><strong>uera</strong></span> <span class='ocrx_word' id='word_1_345' title='bbox 1162 2649 1205 2698; x_wconf 91' lang='lat' dir='ltr'><strong>est</strong></span> <span class='ocrx_word' id='word_1_346' title='bbox 1222 2644 1316 2710; x_wconf 83' lang='lat' dir='ltr'><strong>Quinti</strong></span> <span class='ocrx_word' id='word_1_347' title='bbox 1332 2645 1405 2702; x_wconf 83' lang='lat' dir='ltr'><strong>Muci</strong></span> <span class='ocrx_word' id='word_1_348' title='bbox 1423 2648 1573 2718; x_wconf 88' lang='lat' dir='ltr'><strong>sententia,</strong></span> <span class='ocrx_word' id='word_1_349' title='bbox 1598 2649 1695 2719; x_wconf 87' lang='lat' dir='ltr'><strong>utqui</strong></span> 
     </span>
     <span class='ocr_line' id='line_1_29' title="bbox 254 2731 1697 2808; baseline 0.002 -18"><span class='ocrx_word' id='word_1_350' title='bbox 254 2735 387 2804; x_wconf 88' lang='lat' dir='ltr'><strong>optimum</strong></span> <span class='ocrx_word' id='word_1_351' title='bbox 407 2735 610 2805; x_wconf 86' lang='lat' dir='ltr'><strong>maximumque</strong></span> <span class='ocrx_word' id='word_1_352' title='bbox 629 2734 744 2790; x_wconf 86' lang='lat' dir='ltr'><strong>fundum</strong></span> <span class='ocrx_word' id='word_1_353' title='bbox 762 2733 883 2803; x_wconf 90' lang='lat' dir='ltr'><strong>tradidit,</strong></span> <span class='ocrx_word' id='word_1_354' title='bbox 902 2731 1017 2787; x_wconf 88' lang='lat' dir='ltr'><strong>liberum</strong></span> <span class='ocrx_word' id='word_1_355' title='bbox 1035 2736 1165 2803; x_wconf 89' lang='lat' dir='ltr'><strong>praestet,</strong></span> <span class='ocrx_word' id='word_1_356' title='bbox 1186 2749 1239 2788; x_wconf 91' lang='lat' dir='ltr'><strong>non</strong></span> <span class='ocrx_word' id='word_1_357' title='bbox 1251 2735 1334 2790; x_wconf 88' lang='lat' dir='ltr'><strong>etiam</strong></span> <span class='ocrx_word' id='word_1_358' title='bbox 1347 2733 1443 2790; x_wconf 90' lang='lat' dir='ltr'><strong>deberi</strong></span> <span class='ocrx_word' id='word_1_359' title='bbox 1455 2737 1522 2792; x_wconf 87' lang='lat' dir='ltr'><strong>alias</strong></span> <span class='ocrx_word' id='word_1_360' title='bbox 1535 2736 1697 2808; x_wconf 71' lang='lat' dir='ltr'><strong>seruitutes,</strong></span> 
     </span>
     <span class='ocr_line' id='line_1_30' title="bbox 255 2822 1790 2894; baseline 0.003 -16"><span class='ocrx_word' id='word_1_361' title='bbox 255 2823 265 2892; x_wconf 91' lang='grc' dir='ltr'><strong>ΙΙ</strong></span> <span class='ocrx_word' id='word_1_362' title='bbox 285 2823 337 2878; x_wconf 89' lang='lat' dir='ltr'><strong>nisi</strong></span> <span class='ocrx_word' id='word_1_363' title='bbox 355 2822 407 2878; x_wconf 92' lang='lat' dir='ltr'><strong>hoe</strong></span> <span class='ocrx_word' id='word_1_364' title='bbox 425 2824 581 2894; x_wconf 87' lang='lat' dir='ltr'><strong>specialiter</strong></span> <span class='ocrx_word' id='word_1_365' title='bbox 599 2823 634 2878; x_wconf 89' lang='lat' dir='ltr'><strong>ab</strong></span> <span class='ocrx_word' id='word_1_366' title='bbox 653 2838 686 2878; x_wconf 91' lang='lat' dir='ltr'><strong>eo</strong></span> <span class='ocrx_word' id='word_1_367' title='bbox 705 2824 866 2878; x_wconf 84' lang='lat' dir='ltr'><strong>aceessum¹</strong></span> <span class='ocrx_word' id='word_1_368' title='bbox 883 2822 928 2878; x_wconf 85' lang='lat' dir='ltr'><strong>sit.</strong></span> <span class='ocrx_word' id='word_1_369' title='bbox 1712 2837 1729 2885; x_wconf 88' lang='lat' dir='ltr'><strong>t.</strong></span> <span class='ocrx_word' id='word_1_370' title='bbox 1740 2831 1790 2884; x_wconf 68' lang='grc' dir='ltr'><strong>ου’</strong></span> 
     </span>
     <span class='ocr_line' id='line_1_31' title="bbox 197 2909 1740 2997; baseline 0.001 -30"><span class='ocrx_word' id='word_1_371' title='bbox 197 2917 235 2976; x_wconf 84' lang='grc'><strong>76</strong></span> <span class='ocrx_word' id='word_1_372' title='bbox 307 2914 384 2967; x_wconf 81' lang='lat' dir='ltr'><strong>lnam</strong></span> <span class='ocrx_word' id='word_1_373' title='bbox 402 2911 471 2968; x_wconf 89' lang='lat' dir='ltr'><strong>libro</strong></span> <span class='ocrx_word' id='word_1_374' title='bbox 490 2913 607 2982; x_wconf 91' lang='lat' dir='ltr'><strong>septimo</strong></span> <span class='ocrx_word' id='word_1_375' title='bbox 626 2912 733 2968; x_wconf 90' lang='lat' dir='ltr'><strong>decime</strong></span> <span class='ocrx_word' id='word_1_376' title='bbox 752 2911 967 2982; x_wconf 85' lang='lat' dir='ltr'><strong>stipulationum.</strong></span> <span class='ocrx_word' id='word_1_377' title='bbox 995 2909 1025 2966; x_wconf 88' lang='lat' dir='ltr'><strong>Si</strong></span> <span class='ocrx_word' id='word_1_378' title='bbox 1037 2911 1153 2966; x_wconf 88' lang='lat' dir='ltr'><strong>alienam</strong></span> <span class='ocrx_word' id='word_1_379' title='bbox 1166 2925 1223 2966; x_wconf 91' lang='lat' dir='ltr'><strong>rem</strong></span> <span class='ocrx_word' id='word_1_380' title='bbox 1236 2911 1301 2967; x_wconf 91' lang='lat' dir='ltr'><strong>mihi</strong></span> <span class='ocrx_word' id='word_1_381' title='bbox 1313 2911 1458 2968; x_wconf 86' lang='lat' dir='ltr'><strong>tradideris</strong></span> <span class='ocrx_word' id='word_1_382' title='bbox 1469 2919 1500 2969; x_wconf 88' lang='lat' dir='ltr'><strong>et</strong></span> <span class='ocrx_word' id='word_1_383' title='bbox 1517 2909 1695 2997; x_wconf 57' lang='lat' dir='ltr'>W</span> <span class='ocrx_word' id='word_1_384' title='bbox 1712 2924 1740 2980; x_wconf 86' lang='grc' dir='ltr'><em>Ρ</em></span> 
     </span>
     <span class='ocr_line' id='line_1_32' title="bbox 254 2991 1741 3074; baseline 0.003 -18"><span class='ocrx_word' id='word_1_385' title='bbox 254 3002 370 3057; x_wconf 88' lang='lat' dir='ltr'><strong>candem</strong></span> <span class='ocrx_word' id='word_1_386' title='bbox 388 3016 440 3072; x_wconf 94' lang='lat' dir='ltr'><strong>pro</strong></span> <span class='ocrx_word' id='word_1_387' title='bbox 458 3000 588 3058; x_wconf 90' lang='lat' dir='ltr'><strong>derelicto</strong></span> <span class='ocrx_word' id='word_1_388' title='bbox 606 3001 736 3071; x_wconf 87' lang='lat' dir='ltr'><strong>habuero,</strong></span> <span class='ocrx_word' id='word_1_389' title='bbox 756 3000 845 3056; x_wconf 88' lang='lat' dir='ltr'><strong>amitti</strong></span> <span class='ocrx_word' id='word_1_390' title='bbox 863 2999 1063 3070; x_wconf 80' lang='lat' dir='ltr'><strong>austeritatem,</strong></span> <span class='ocrx_word' id='word_1_391' title='bbox 1081 2999 1109 3056; x_wconf 92' lang='lat' dir='ltr'><strong>id</strong></span> <span class='ocrx_word' id='word_1_392' title='bbox 1128 3006 1171 3058; x_wconf 89' lang='lat' dir='ltr'><strong>est</strong></span> <span class='ocrx_word' id='word_1_393' title='bbox 1188 3000 1322 3057; x_wconf 88' lang='lat' dir='ltr'><strong>actionem</strong></span> <span class='ocrx_word' id='word_1_394' title='bbox 1341 3016 1392 3072; x_wconf 91' lang='lat' dir='ltr'><strong>pro</strong></span> <span class='ocrx_word' id='word_1_395' title='bbox 1410 3002 1554 3074; x_wconf 89' lang='lat' dir='ltr'><strong>euictione,</strong></span> <span class='ocrx_word' id='word_1_396' title='bbox 1571 2991 1693 3074; x_wconf 53' lang='lat' dir='ltr'><strong>placet*</strong></span> <span class='ocrx_word' id='word_1_397' title='bbox 1713 3021 1741 3060; x_wconf 84' lang='lat' dir='ltr'><strong>ar</strong></span> 
     </span>
    </p>
   </div>
   <div class='ocr_carea' id='block_1_4' title="bbox 333 3153 1766 3372">
    <p class='ocr_par' dir='ltr' id='par_1_4' title="bbox 333 3153 1766 3372">
     <span class='ocr_line' id='line_1_33' title="bbox 333 3153 1766 3372; baseline 0.004 -5"><span class='ocrx_word' id='word_1_398' title='bbox 333 3291 371 3368; x_wconf 77' lang='lat' dir='ltr'><strong>a</strong></span> <span class='ocrx_word' id='word_1_399' title='bbox 410 3289 475 3367; x_wconf 88' lang='lat' dir='ltr'><strong>DE</strong></span> <span class='ocrx_word' id='word_1_400' title='bbox 501 3288 800 3367; x_wconf 79' lang='lat' dir='ltr'>EXCEPTIONE</span> <span class='ocrx_word' id='word_1_401' title='bbox 827 3288 906 3366; x_wconf 89' lang='lat' dir='ltr'><strong>REI</strong></span> <span class='ocrx_word' id='word_1_402' title='bbox 932 3153 1175 3366; x_wconf 55' lang='lat' dir='ltr'><strong>[ligiiDITAE</strong></span> <span class='ocrx_word' id='word_1_403' title='bbox 1201 3288 1264 3366; x_wconf 87' lang='lat' dir='ltr'><strong>ET</strong></span> <span class='ocrx_word' id='word_1_404' title='bbox 1293 3289 1536 3368; x_wconf 83' lang='lat' dir='ltr'><strong>TRADITAE</strong></span> <span class='ocrx_word' id='word_1_405' title='bbox 1576 3293 1616 3372; x_wconf 79' lang='lat' dir='ltr'><strong>tt</strong></span> <span class='ocrx_word' id='word_1_406' title='bbox 1713 3317 1766 3372; x_wconf 71' lang='lat' dir='ltr'><strong>aa</strong></span> 
     </span>
    </p>
   </div>
   <div class='ocr_carea' id='block_1_5' title="bbox 219 3442 1742 3610">
    <p class='ocr_par' dir='ltr' id='par_1_5' title="bbox 219 3442 1742 3610">
     <span class='ocr_line' id='line_1_34' title="bbox 219 3442 1741 3534; baseline 0.001 -33"><span class='ocrx_word' id='word_1_407' title='bbox 219 3454 234 3510; x_wconf 92' lang='lat'>1</span> <span class='ocrx_word' id='word_1_408' title='bbox 307 3447 459 3502; x_wconf 76' lang='lat' dir='ltr'><strong>Unamsus</strong></span> <span class='ocrx_word' id='word_1_409' title='bbox 481 3445 550 3502; x_wconf 92' lang='lat' dir='ltr'><strong>libro</strong></span> <span class='ocrx_word' id='word_1_410' title='bbox 571 3447 776 3516; x_wconf 79' lang='lat' dir='ltr'><strong>septuagesimo</strong></span> <span class='ocrx_word' id='word_1_411' title='bbox 794 3451 874 3502; x_wconf 87' lang='lat' dir='ltr'><strong>sexto</strong></span> <span class='ocrx_word' id='word_1_412' title='bbox 892 3447 928 3501; x_wconf 90' lang='lat' dir='ltr'><strong>ad</strong></span> <span class='ocrx_word' id='word_1_413' title='bbox 946 3447 1075 3502; x_wconf 89' lang='lat' dir='ltr'><strong>edictum.</strong></span> <span class='ocrx_word' id='word_1_414' title='bbox 1112 3445 1255 3502; x_wconf 74' lang='lat' dir='ltr'><strong>Marcellus</strong></span> <span class='ocrx_word' id='word_1_415' title='bbox 1273 3446 1376 3516; x_wconf 88' lang='lat' dir='ltr'><strong>scribit,</strong></span> <span class='ocrx_word' id='word_1_416' title='bbox 1395 3442 1695 3534; x_wconf 61' lang='lat' dir='ltr'><em>Q</em></span> <span class='ocrx_word' id='word_1_417' title='bbox 1712 3460 1741 3514; x_wconf 75' lang='grc' dir='ltr'><em>Ε</em></span> 
     </span>
     <span class='ocr_line' id='line_1_35' title="bbox 254 3533 1742 3610; baseline 0.003 -19"><span class='ocrx_word' id='word_1_418' title='bbox 254 3536 279 3591; x_wconf 88' lang='lat' dir='ltr'><strong>si</strong></span> <span class='ocrx_word' id='word_1_419' title='bbox 302 3537 420 3591; x_wconf 88' lang='lat' dir='ltr'><strong>alienum</strong></span> <span class='ocrx_word' id='word_1_420' title='bbox 445 3533 561 3591; x_wconf 76' lang='lat' dir='ltr'><strong>fundum</strong></span> <span class='ocrx_word' id='word_1_421' title='bbox 578 3535 735 3591; x_wconf 81' lang='lat' dir='ltr'><strong>uendideris</strong></span> <span class='ocrx_word' id='word_1_422' title='bbox 752 3540 781 3590; x_wconf 91' lang='lat' dir='ltr'><strong>et</strong></span> <span class='ocrx_word' id='word_1_423' title='bbox 799 3539 877 3591; x_wconf 88' lang='lat' dir='ltr'><strong>tuum</strong></span> <span class='ocrx_word' id='word_1_424' title='bbox 894 3540 993 3606; x_wconf 88' lang='lat' dir='ltr'><strong>postea</strong></span> <span class='ocrx_word' id='word_1_425' title='bbox 1010 3535 1112 3590; x_wconf 85' lang='lat' dir='ltr'><strong>laetum</strong></span> <span class='ocrx_word' id='word_1_426' title='bbox 1130 3540 1223 3606; x_wconf 85' lang='lat' dir='ltr'><strong>petas,</strong></span> <span class='ocrx_word' id='word_1_427' title='bbox 1247 3535 1299 3591; x_wconf 90' lang='lat' dir='ltr'><strong>hae</strong></span> <span class='ocrx_word' id='word_1_428' title='bbox 1317 3539 1479 3606; x_wconf 88' lang='lat' dir='ltr'><strong>exeeptione</strong></span> <span class='ocrx_word' id='word_1_429' title='bbox 1496 3540 1589 3594; x_wconf 80' lang='lat' dir='ltr'><strong>reem·</strong></span> <span class='ocrx_word' id='word_1_430' title='bbox 1606 3541 1693 3610; x_wconf 88' lang='lat' dir='ltr'><strong>repel·</strong></span> <span class='ocrx_word' id='word_1_431' title='bbox 1711 3555 1742 3597; x_wconf 82' lang='lat' dir='ltr'><strong>aa</strong></span> 
     </span>
    </p>
   </div>
   <div class='ocr_carea' id='block_1_6' title="bbox 192 3623 1742 4054">
    <p class='ocr_par' dir='ltr' id='par_1_6' title="bbox 192 3623 1694 3712">
     <span class='ocr_line' id='line_1_36' title="bbox 192 3623 1694 3712; baseline 0.001 -30"><span class='ocrx_word' id='word_1_432' title='bbox 192 3639 203 3682; x_wconf 94' lang='lat'>1</span> <span class='ocrx_word' id='word_1_433' title='bbox 221 3638 236 3683; x_wconf 82' lang='lat' dir='ltr'><strong>a</strong></span> <span class='ocrx_word' id='word_1_434' title='bbox 254 3624 373 3680; x_wconf 89' lang='lat' dir='ltr'><strong>lendum.</strong></span> <span class='ocrx_word' id='word_1_435' title='bbox 411 3623 466 3679; x_wconf 87' lang='lat' dir='ltr'><strong>Sed</strong></span> <span class='ocrx_word' id='word_1_436' title='bbox 489 3629 519 3678; x_wconf 90' lang='lat' dir='ltr'><strong>et</strong></span> <span class='ocrx_word' id='word_1_437' title='bbox 544 3623 568 3678; x_wconf 91' lang='lat' dir='ltr'><strong>si</strong></span> <span class='ocrx_word' id='word_1_438' title='bbox 586 3623 713 3679; x_wconf 87' lang='lat' dir='ltr'><strong>dominus</strong></span> <span class='ocrx_word' id='word_1_439' title='bbox 730 3623 809 3680; x_wconf 85' lang='lat' dir='ltr'><strong>fundi</strong></span> <span class='ocrx_word' id='word_1_440' title='bbox 826 3623 906 3680; x_wconf 89' lang='lat' dir='ltr'><strong>heres</strong></span> <span class='ocrx_word' id='word_1_441' title='bbox 924 3624 1061 3680; x_wconf 89' lang='lat' dir='ltr'><strong>uenditori</strong></span> <span class='ocrx_word' id='word_1_442' title='bbox 1079 3625 1192 3694; x_wconf 88' lang='lat' dir='ltr'><strong>existat,</strong></span> <span class='ocrx_word' id='word_1_443' title='bbox 1215 3623 1289 3680; x_wconf 89' lang='lat' dir='ltr'><strong>idem</strong></span> <span class='ocrx_word' id='word_1_444' title='bbox 1307 3626 1360 3680; x_wconf 92' lang='lat' dir='ltr'><strong>erit</strong></span> <span class='ocrx_word' id='word_1_445' title='bbox 1377 3625 1531 3682; x_wconf 89' lang='lat' dir='ltr'><strong>dicendum.</strong></span> <span class='ocrx_word' id='word_1_446' title='bbox 1569 3626 1600 3683; x_wconf 88' lang='lat' dir='ltr'><strong>Si</strong></span> <span class='ocrx_word' id='word_1_447' title='bbox 1618 3623 1694 3712; x_wconf 60' lang='lat' dir='ltr'><strong>[sffl</strong></span> 
     </span>
    </p>

    <p class='ocr_par' dir='ltr' id='par_1_7' title="bbox 254 3708 1693 3783">
     <span class='ocr_line' id='line_1_37' title="bbox 254 3708 1693 3783; baseline 0.003 -16"><span class='ocrx_word' id='word_1_448' title='bbox 254 3713 315 3782; x_wconf 87' lang='lat' dir='ltr'><strong>quis</strong></span> <span class='ocrx_word' id='word_1_449' title='bbox 339 3729 397 3768; x_wconf 87' lang='lat' dir='ltr'><strong>rem</strong></span> <span class='ocrx_word' id='word_1_450' title='bbox 415 3729 505 3767; x_wconf 89' lang='lat' dir='ltr'><strong>meam</strong></span> <span class='ocrx_word' id='word_1_451' title='bbox 524 3708 655 3768; x_wconf 83' lang='lat' dir='ltr'><strong>mandatu</strong></span> <span class='ocrx_word' id='word_1_452' title='bbox 674 3728 735 3769; x_wconf 91' lang='lat' dir='ltr'><strong>meo</strong></span> <span class='ocrx_word' id='word_1_453' title='bbox 753 3713 921 3783; x_wconf 89' lang='lat' dir='ltr'><strong>uendiderit‚</strong></span> <span class='ocrx_word' id='word_1_454' title='bbox 946 3713 1097 3768; x_wconf 87' lang='lat' dir='ltr'><strong>uindicanti</strong></span> <span class='ocrx_word' id='word_1_455' title='bbox 1115 3711 1181 3767; x_wconf 89' lang='lat' dir='ltr'><strong>mihi</strong></span> <span class='ocrx_word' id='word_1_456' title='bbox 1198 3728 1255 3767; x_wconf 88' lang='lat' dir='ltr'><strong>rem</strong></span> <span class='ocrx_word' id='word_1_457' title='bbox 1274 3713 1414 3770; x_wconf 80' lang='lat' dir='ltr'><strong>uenditum</strong></span> <span class='ocrx_word' id='word_1_458' title='bbox 1432 3715 1543 3772; x_wconf 87' lang='lat' dir='ltr'><strong>nocebit</strong></span> <span class='ocrx_word' id='word_1_459' title='bbox 1559 3715 1630 3772; x_wconf 89' lang='lat' dir='ltr'><strong>haec</strong></span> <span class='ocrx_word' id='word_1_460' title='bbox 1648 3733 1693 3772; x_wconf 86' lang='lat' dir='ltr'><strong>ex·</strong></span> 
     </span>
    </p>

    <p class='ocr_par' dir='ltr' id='par_1_8' title="bbox 222 3800 1693 3872">
     <span class='ocr_line' id='line_1_38' title="bbox 222 3800 1693 3872; baseline 0.001 -13"><span class='ocrx_word' id='word_1_461' title='bbox 222 3815 236 3860; x_wconf 85' lang='lat' dir='ltr'><strong>a</strong></span> <span class='ocrx_word' id='word_1_462' title='bbox 255 3802 353 3870; x_wconf 90' lang='lat' dir='ltr'><strong>ceptio,</strong></span> <span class='ocrx_word' id='word_1_463' title='bbox 372 3801 425 3856; x_wconf 90' lang='lat' dir='ltr'><strong>nisi</strong></span> <span class='ocrx_word' id='word_1_464' title='bbox 442 3800 573 3871; x_wconf 89' lang='lat' dir='ltr'><strong>probetur</strong></span> <span class='ocrx_word' id='word_1_465' title='bbox 591 3816 635 3856; x_wconf 90' lang='lat' dir='ltr'><strong>me</strong></span> <span class='ocrx_word' id='word_1_466' title='bbox 654 3801 808 3872; x_wconf 84' lang='lat' dir='ltr'><strong>mandasse,</strong></span> <span class='ocrx_word' id='word_1_467' title='bbox 826 3817 862 3858; x_wconf 89' lang='lat' dir='ltr'><strong>ne</strong></span> <span class='ocrx_word' id='word_1_468' title='bbox 879 3801 1041 3872; x_wconf 85' lang='lat' dir='ltr'><strong>traderetur,</strong></span> <span class='ocrx_word' id='word_1_469' title='bbox 1060 3806 1207 3871; x_wconf 89' lang='lat' dir='ltr'><strong>antequam</strong></span> <span class='ocrx_word' id='word_1_470' title='bbox 1225 3803 1343 3872; x_wconf 88' lang='lat' dir='ltr'><strong>pretium</strong></span> <span class='ocrx_word' id='word_1_471' title='bbox 1362 3805 1493 3860; x_wconf 88' lang='lat' dir='ltr'><strong>soluatur.</strong></span> <span class='ocrx_word' id='word_1_472' title='bbox 1525 3805 1623 3862; x_wconf 83' lang='lat' dir='ltr'><strong>Celsus</strong></span> <span class='ocrx_word' id='word_1_473' title='bbox 1641 3807 1693 3862; x_wconf 85' lang='lat' dir='ltr'><strong>ait:</strong></span> 
     </span>
    </p>

    <p class='ocr_par' dir='ltr' id='par_1_9' title="bbox 221 3890 1742 4054">
     <span class='ocr_line' id='line_1_39' title="bbox 255 3890 1693 3964; baseline 0.004 -20"><span class='ocrx_word' id='word_1_474' title='bbox 255 3891 279 3945; x_wconf 91' lang='lat' dir='ltr'><strong>si</strong></span> <span class='ocrx_word' id='word_1_475' title='bbox 303 3891 365 3960; x_wconf 90' lang='lat' dir='ltr'><strong>quis</strong></span> <span class='ocrx_word' id='word_1_476' title='bbox 389 3905 445 3945; x_wconf 88' lang='lat' dir='ltr'><strong>rem</strong></span> <span class='ocrx_word' id='word_1_477' title='bbox 465 3905 554 3946; x_wconf 89' lang='lat' dir='ltr'><strong>meam</strong></span> <span class='ocrx_word' id='word_1_478' title='bbox 572 3891 698 3946; x_wconf 90' lang='lat' dir='ltr'><strong>uendidit</strong></span> <span class='ocrx_word' id='word_1_479' title='bbox 715 3892 827 3947; x_wconf 89' lang='lat' dir='ltr'><strong>minoris</strong></span> <span class='ocrx_word' id='word_1_480' title='bbox 845 3906 927 3961; x_wconf 82' lang='lat' dir='ltr'><strong>qrram</strong></span> <span class='ocrx_word' id='word_1_481' title='bbox 946 3891 972 3946; x_wconf 89' lang='lat' dir='ltr'><strong>ei</strong></span> <span class='ocrx_word' id='word_1_482' title='bbox 989 3890 1133 3960; x_wconf 82' lang='lat' dir='ltr'><strong>mandant,</strong></span> <span class='ocrx_word' id='word_1_483' title='bbox 1158 3905 1213 3946; x_wconf 91' lang='lat' dir='ltr'><strong>non</strong></span> <span class='ocrx_word' id='word_1_484' title='bbox 1231 3890 1341 3946; x_wconf 88' lang='lat' dir='ltr'><strong>uidetur</strong></span> <span class='ocrx_word' id='word_1_485' title='bbox 1358 3892 1477 3948; x_wconf 83' lang='lat' dir='ltr'><strong>alienata</strong></span> <span class='ocrx_word' id='word_1_486' title='bbox 1494 3899 1535 3963; x_wconf 92' lang='lat' dir='ltr'><strong>et,</strong></span> <span class='ocrx_word' id='word_1_487' title='bbox 1559 3895 1583 3950; x_wconf 91' lang='lat' dir='ltr'><strong>si</strong></span> <span class='ocrx_word' id='word_1_488' title='bbox 1600 3901 1693 3964; x_wconf 84' lang='lat' dir='ltr'><strong>petam</strong></span> 
     </span>
     <span class='ocr_line' id='line_1_40' title="bbox 221 3977 1742 4054; baseline 0.001 -16"><span class='ocrx_word' id='word_1_489' title='bbox 221 3991 330 4049; x_wconf 76' lang='lat' dir='ltr'><strong>asam,</strong></span> <span class='ocrx_word' id='word_1_490' title='bbox 353 3993 409 4035; x_wconf 90' lang='lat' dir='ltr'><strong>non</strong></span> <span class='ocrx_word' id='word_1_491' title='bbox 432 3978 553 4036; x_wconf 87' lang='lat' dir='ltr'><strong>obstabit</strong></span> <span class='ocrx_word' id='word_1_492' title='bbox 577 3979 643 4035; x_wconf 89' lang='lat' dir='ltr'><strong>mihi</strong></span> <span class='ocrx_word' id='word_1_493' title='bbox 667 3979 735 4036; x_wconf 88' lang='lat' dir='ltr'><strong>haee</strong></span> <span class='ocrx_word' id='word_1_494' title='bbox 758 3980 899 4052; x_wconf 87' lang='lat' dir='ltr'><strong>exceptio:</strong></span> <span class='ocrx_word' id='word_1_495' title='bbox 922 3979 997 4050; x_wconf 88' lang='lat' dir='ltr'><strong>quod</strong></span> <span class='ocrx_word' id='word_1_496' title='bbox 1020 3993 1116 4036; x_wconf 86' lang='lat' dir='ltr'><strong>aarum</strong></span> <span class='ocrx_word' id='word_1_497' title='bbox 1140 3984 1191 4036; x_wconf 86' lang='lat' dir='ltr'><strong>cst.</strong></span> <span class='ocrx_word' id='word_1_498' title='bbox 1227 3977 1257 4036; x_wconf 87' lang='lat' dir='ltr'><strong>Si</strong></span> <span class='ocrx_word' id='word_1_499' title='bbox 1279 3995 1376 4038; x_wconf 87' lang='lat' dir='ltr'><strong>seruus</strong></span> <span class='ocrx_word' id='word_1_500' title='bbox 1398 3997 1502 4038; x_wconf 90' lang='lat' dir='ltr'><strong>merces</strong></span> <span class='ocrx_word' id='word_1_501' title='bbox 1518 3984 1694 4054; x_wconf 83' lang='lat' dir='ltr'><strong>peculiariter</strong></span> <span class='ocrx_word' id='word_1_502' title='bbox 1709 3999 1742 4040; x_wconf 83' lang='lat' dir='ltr'><strong>aa</strong></span> 
     </span>
    </p>
   </div>
   <div class='ocr_carea' id='block_1_7' title="bbox 253 4085 1385 4317">
    <p class='ocr_par' dir='ltr' id='par_1_10' title="bbox 253 4085 1385 4317">
     <span class='ocr_line' id='line_1_41' title="bbox 253 4085 416 4155; baseline 0.006 -1"><span class='ocrx_word' id='word_1_503' title='bbox 253 4086 279 4138; x_wconf 83' lang='lat' dir='ltr'><em>F</em></span> <span class='ocrx_word' id='word_1_504' title='bbox 284 4085 338 4154; x_wconf 67' lang='lat' dir='ltr'><strong>lp(</strong></span> <span class='ocrx_word' id='word_1_505' title='bbox 342 4085 416 4155; x_wconf 61' lang='grc' dir='ltr'><strong>ΠΗ]</strong></span> 
     </span>
     <span class='ocr_line' id='line_1_42' title="bbox 255 4244 1385 4317; baseline 0.006 -20"><span class='ocrx_word' id='word_1_506' title='bbox 255 4245 264 4279; x_wconf 88' lang='lat'>¹</span> <span class='ocrx_word' id='word_1_507' title='bbox 283 4244 307 4298; x_wconf 92' lang='lat' dir='ltr'><strong>si</strong></span> <span class='ocrx_word' id='word_1_508' title='bbox 326 4253 372 4298; x_wconf 81' lang='lat' dir='ltr'><strong>tna.</strong></span> <span class='ocrx_word' id='word_1_509' title='bbox 450 4245 631 4315; x_wconf 68' lang='lat' dir='ltr'><strong>laecessum]</strong></span> <span class='ocrx_word' id='word_1_510' title='bbox 651 4261 826 4302; x_wconf 87' lang='lat' dir='ltr'><strong>aceessumm</strong></span> <span class='ocrx_word' id='word_1_511' title='bbox 844 4245 1026 4316; x_wconf 85' lang='lat' dir='ltr'><strong>expressum?</strong></span> <span class='ocrx_word' id='word_1_512' title='bbox 1096 4248 1107 4283; x_wconf 81' lang='lat'>⁸</span> <span class='ocrx_word' id='word_1_513' title='bbox 1127 4247 1212 4317; x_wconf 84' lang='lat' dir='ltr'><strong>reete]</strong></span> <span class='ocrx_word' id='word_1_514' title='bbox 1231 4246 1266 4302; x_wconf 90' lang='lat' dir='ltr'><strong>ab</strong></span> <span class='ocrx_word' id='word_1_515' title='bbox 1285 4263 1318 4304; x_wconf 88' lang='lat' dir='ltr'><strong>eo</strong></span> <span class='ocrx_word' id='word_1_516' title='bbox 1337 4249 1385 4304; x_wconf 78' lang='lat' dir='ltr'><strong>tet</strong></span> 
     </span>
    </p>
   </div>
   <div class='ocr_carea' id='block_1_8' title="bbox 253 4385 1697 5025">
    <p class='ocr_par' dir='ltr' id='par_1_11' title="bbox 253 4385 1697 4958">
     <span class='ocr_line' id='line_1_43' title="bbox 253 4385 1696 4462; baseline 0.006 -22"><span class='ocrx_word' id='word_1_517' title='bbox 253 4385 272 4440; x_wconf 86' lang='lat'>4</span> <span class='ocrx_word' id='word_1_518' title='bbox 297 4386 447 4455; x_wconf 75' lang='lat' dir='ltr'><strong>proposito]</strong></span> <span class='ocrx_word' id='word_1_519' title='bbox 478 4388 569 4456; x_wconf 88' lang='lat' dir='ltr'><strong>posito</strong></span> <span class='ocrx_word' id='word_1_520' title='bbox 599 4389 639 4440; x_wconf 79' lang='lat' dir='ltr'><strong>P⁰</strong></span> <span class='ocrx_word' id='word_1_521' title='bbox 662 4389 668 4454; x_wconf 91' lang='grc'>1</span> <span class='ocrx_word' id='word_1_522' title='bbox 690 4386 849 4457; x_wconf 86' lang='lat' dir='ltr'><strong>prehibetur</strong></span> <span class='ocrx_word' id='word_1_523' title='bbox 879 4387 949 4442; x_wconf 82' lang='lat' dir='ltr'><strong>P⁰U</strong></span> <span class='ocrx_word' id='word_1_524' title='bbox 998 4393 1096 4444; x_wconf 91' lang='lat' dir='ltr'><strong>utnon</strong></span> <span class='ocrx_word' id='word_1_525' title='bbox 1111 4389 1142 4454; x_wconf 87' lang='lat' dir='ltr'><strong>U,</strong></span> <span class='ocrx_word' id='word_1_526' title='bbox 1155 4391 1252 4445; x_wconf 81' lang='lat' dir='ltr'><strong>em.P⁶</strong></span> <span class='ocrx_word' id='word_1_527' title='bbox 1292 4391 1497 4446; x_wconf 74' lang='lat' dir='ltr'><strong>assentatores</strong></span> <span class='ocrx_word' id='word_1_528' title='bbox 1510 4392 1537 4446; x_wconf 89' lang='lat' dir='ltr'><strong><em>P</em></strong></span> <span class='ocrx_word' id='word_1_529' title='bbox 1569 4392 1696 4462; x_wconf 79' lang='lat' dir='ltr'><strong>25prae·</strong></span> 
     </span>
     <span class='ocr_line' id='line_1_44' title="bbox 254 4457 1697 4534; baseline 0.007 -24"><span class='ocrx_word' id='word_1_530' title='bbox 254 4457 444 4526; x_wconf 76' lang='lat' dir='ltr'><strong>demptionis]</strong></span> <span class='ocrx_word' id='word_1_531' title='bbox 459 4459 641 4528; x_wconf 82' lang='lat' dir='ltr'><strong>empturisP⁶</strong></span> <span class='ocrx_word' id='word_1_532' title='bbox 657 4459 662 4524; x_wconf 91' lang='grc'>1</span> <span class='ocrx_word' id='word_1_533' title='bbox 678 4457 762 4514; x_wconf 85' lang='lat' dir='ltr'><strong>fundo</strong></span> <span class='ocrx_word' id='word_1_534' title='bbox 775 4459 836 4513; x_wconf 83' lang='lat' dir='ltr'><strong>FP·</strong></span> <span class='ocrx_word' id='word_1_535' title='bbox 851 4461 856 4526; x_wconf 83' lang='lat' dir='ltr'><strong>l</strong></span> <span class='ocrx_word' id='word_1_536' title='bbox 872 4475 945 4515; x_wconf 91' lang='lat' dir='ltr'><strong>com·</strong></span> <span class='ocrx_word' id='word_1_537' title='bbox 998 4460 1113 4516; x_wconf 85' lang='lat' dir='ltr'><strong>standus</strong></span> <span class='ocrx_word' id='word_1_538' title='bbox 1136 4461 1175 4514; x_wconf 90' lang='lat' dir='ltr'><strong>P·</strong></span> <span class='ocrx_word' id='word_1_539' title='bbox 1237 4462 1271 4516; x_wconf 77' lang='lat' dir='ltr'><strong>at</strong></span> <span class='ocrx_word' id='word_1_540' title='bbox 1296 4477 1380 4517; x_wconf 86' lang='lat' dir='ltr'><strong>uorax</strong></span> <span class='ocrx_word' id='word_1_541' title='bbox 1404 4463 1474 4518; x_wconf 61' lang='grc' dir='ltr'><strong>ΡΨ</strong></span> <span class='ocrx_word' id='word_1_542' title='bbox 1532 4464 1568 4519; x_wconf 78' lang='grc'><strong>28</strong></span> <span class='ocrx_word' id='word_1_543' title='bbox 1593 4465 1697 4534; x_wconf 84' lang='lat' dir='ltr'><strong>optime</strong></span> 
     </span>
     <span class='ocr_line' id='line_1_45' title="bbox 254 4528 1696 4601; baseline 0.006 -19"><span class='ocrx_word' id='word_1_544' title='bbox 254 4528 436 4597; x_wconf 89' lang='lat' dir='ltr'><strong>prehenderit]</strong></span> <span class='ocrx_word' id='word_1_545' title='bbox 455 4529 521 4593; x_wconf 73' lang='lat' dir='ltr'><strong>FU‘,</strong></span> <span class='ocrx_word' id='word_1_546' title='bbox 540 4529 779 4597; x_wconf 89' lang='lat' dir='ltr'><strong>comprehenditur</strong></span> <span class='ocrx_word' id='word_1_547' title='bbox 790 4531 850 4594; x_wconf 86' lang='lat' dir='ltr'><strong>PV,</strong></span> <span class='ocrx_word' id='word_1_548' title='bbox 868 4532 945 4586; x_wconf 90' lang='lat' dir='ltr'><strong>intel-</strong></span> <span class='ocrx_word' id='word_1_549' title='bbox 999 4532 1172 4601; x_wconf 86' lang='lat' dir='ltr'><strong>maximeque</strong></span> <span class='ocrx_word' id='word_1_550' title='bbox 1195 4533 1233 4586; x_wconf 81' lang='lat' dir='ltr'><strong>P⁰</strong></span> <span class='ocrx_word' id='word_1_551' title='bbox 1257 4533 1262 4599; x_wconf 91' lang='grc' dir='ltr'>Ι</span> <span class='ocrx_word' id='word_1_552' title='bbox 1285 4549 1341 4589; x_wconf 89' lang='lat' dir='ltr'><strong>non</strong></span> <span class='ocrx_word' id='word_1_553' title='bbox 1354 4533 1468 4589; x_wconf 83' lang='lat' dir='ltr'><strong>‘d&#39;etiam</strong></span> <span class='ocrx_word' id='word_1_554' title='bbox 1481 4534 1518 4588; x_wconf 66' lang='grc' dir='ltr'><strong>Γ*</strong></span> <span class='ocrx_word' id='word_1_555' title='bbox 1575 4535 1612 4590; x_wconf 83' lang='grc'><strong>35</strong></span> <span class='ocrx_word' id='word_1_556' title='bbox 1631 4551 1696 4591; x_wconf 86' lang='lat' dir='ltr'><strong>uen-</strong></span> 
     </span>
     <span class='ocr_line' id='line_1_46' title="bbox 253 4600 1696 4677; baseline 0.006 -23"><span class='ocrx_word' id='word_1_557' title='bbox 253 4600 348 4668; x_wconf 86' lang='lat' dir='ltr'><strong>ligitur</strong></span> <span class='ocrx_word' id='word_1_558' title='bbox 369 4600 403 4652; x_wconf 66' lang='lat' dir='ltr'><strong>Ut</strong></span> <span class='ocrx_word' id='word_1_559' title='bbox 457 4601 551 4656; x_wconf 81' lang='lat' dir='ltr'><strong>eseia</strong></span> <span class='ocrx_word' id='word_1_560' title='bbox 569 4603 725 4671; x_wconf 89' lang='lat' dir='ltr'><strong>sempronia</strong></span> <span class='ocrx_word' id='word_1_561' title='bbox 742 4603 782 4656; x_wconf 83' lang='lat' dir='ltr'><strong>P⁰</strong></span> <span class='ocrx_word' id='word_1_562' title='bbox 833 4604 867 4658; x_wconf 92' lang='lat'><strong>10</strong></span> <span class='ocrx_word' id='word_1_563' title='bbox 884 4618 946 4672; x_wconf 90' lang='lat' dir='ltr'><strong>pro·</strong></span> <span class='ocrx_word' id='word_1_564' title='bbox 1000 4603 1112 4673; x_wconf 87' lang='lat' dir='ltr'><strong>dideris]</strong></span> <span class='ocrx_word' id='word_1_565' title='bbox 1132 4603 1201 4668; x_wconf 76' lang='lat' dir='ltr'><strong>PU‘,</strong></span> <span class='ocrx_word' id='word_1_566' title='bbox 1220 4604 1375 4666; x_wconf 72' lang='lat' dir='ltr'><strong>uendiderit</strong></span> <span class='ocrx_word' id='word_1_567' title='bbox 1393 4605 1465 4661; x_wconf 87' lang='lat' dir='ltr'><strong>FU·:</strong></span> <span class='ocrx_word' id='word_1_568' title='bbox 1489 4604 1536 4660; x_wconf 70' lang='lat' dir='ltr'><strong>&#39;ela</strong></span> <span class='ocrx_word' id='word_1_569' title='bbox 1555 4604 1696 4677; x_wconf 70' lang='grc' dir='ltr'><strong>Ᾰιιὸιριοι</strong></span> 
     </span>
     <span class='ocr_line' id='line_1_47' title="bbox 253 4671 1696 4746; baseline 0.006 -21"><span class='ocrx_word' id='word_1_570' title='bbox 253 4672 312 4740; x_wconf 88' lang='lat' dir='ltr'><strong>prie</strong></span> <span class='ocrx_word' id='word_1_571' title='bbox 323 4671 422 4724; x_wconf 83' lang='lat' dir='ltr'><strong><em>FP·V“</em></strong></span> <span class='ocrx_word' id='word_1_572' title='bbox 437 4672 442 4738; x_wconf 93' lang='grc'>1</span> <span class='ocrx_word' id='word_1_573' title='bbox 458 4671 732 4726; x_wconf 82' lang='lat' dir='ltr'><strong>hereditariaFP⁶V·</strong></span> <span class='ocrx_word' id='word_1_574' title='bbox 748 4675 752 4740; x_wconf 90' lang='grc' dir='ltr'>Ι</span> <span class='ocrx_word' id='word_1_575' title='bbox 768 4687 839 4742; x_wconf 80' lang='lat' dir='ltr'><strong>quae</strong></span> <span class='ocrx_word' id='word_1_576' title='bbox 849 4694 897 4728; x_wconf 76' lang='lat' dir='ltr'><strong>ena.</strong></span> <span class='ocrx_word' id='word_1_577' title='bbox 909 4675 946 4728; x_wconf 60' lang='lat'><strong>1³</strong></span> <span class='ocrx_word' id='word_1_578' title='bbox 1000 4675 1125 4730; x_wconf 72' lang='lat' dir='ltr'><strong>nmhdcac</strong></span> <span class='ocrx_word' id='word_1_579' title='bbox 1143 4676 1181 4729; x_wconf 82' lang='grc' dir='ltr'><strong>κοὶ</strong></span> <span class='ocrx_word' id='word_1_580' title='bbox 1201 4675 1266 4730; x_wconf 77' lang='grc' dir='ltr'><strong>ιιετὶι</strong></span> <span class='ocrx_word' id='word_1_581' title='bbox 1284 4677 1366 4738; x_wconf 54' lang='lat' dir='ltr'><strong>rutra</strong></span> <span class='ocrx_word' id='word_1_582' title='bbox 1379 4676 1514 4746; x_wconf 74' lang='grc' dir='ltr'><strong>κγριεῨιοο</strong></span> <span class='ocrx_word' id='word_1_583' title='bbox 1527 4676 1610 4740; x_wconf 58' lang='lat' dir='ltr'><strong>aire?</strong></span> <span class='ocrx_word' id='word_1_584' title='bbox 1622 4678 1696 4733; x_wconf 63' lang='lat' dir='ltr'><strong>&amp;nar-</strong></span> 
     </span>
     <span class='ocr_line' id='line_1_48' title="bbox 255 4743 1696 4820; baseline 0.006 -24"><span class='ocrx_word' id='word_1_585' title='bbox 255 4744 288 4797; x_wconf 89' lang='lat'><strong>11</strong></span> <span class='ocrx_word' id='word_1_586' title='bbox 312 4743 419 4797; x_wconf 89' lang='lat' dir='ltr'><strong>euictus</strong></span> <span class='ocrx_word' id='word_1_587' title='bbox 441 4743 482 4797; x_wconf 83' lang='lat' dir='ltr'><strong>P⁰</strong></span> <span class='ocrx_word' id='word_1_588' title='bbox 536 4744 570 4797; x_wconf 85' lang='lat'><strong>14</strong></span> <span class='ocrx_word' id='word_1_589' title='bbox 594 4743 645 4812; x_wconf 91' lang='lat' dir='ltr'><strong>est]</strong></span> <span class='ocrx_word' id='word_1_590' title='bbox 670 4745 829 4809; x_wconf 77' lang='lat' dir='ltr'><strong>ctP·V⁰U,</strong></span> <span class='ocrx_word' id='word_1_591' title='bbox 853 4749 948 4800; x_wconf 89' lang='lat' dir='ltr'><strong>estet</strong></span> <span class='ocrx_word' id='word_1_592' title='bbox 1000 4747 1049 4816; x_wconf 69' lang='lat' dir='ltr'><strong>uic</strong></span> <span class='ocrx_word' id='word_1_593' title='bbox 1071 4744 1137 4808; x_wconf 69' lang='lat' dir='ltr'><strong>atro</strong></span> <span class='ocrx_word' id='word_1_594' title='bbox 1160 4747 1187 4801; x_wconf 88' lang='lat' dir='ltr'><em>B</em></span> <span class='ocrx_word' id='word_1_595' title='bbox 1241 4747 1276 4802; x_wconf 84' lang='lat'><strong>39</strong></span> <span class='ocrx_word' id='word_1_596' title='bbox 1299 4747 1425 4804; x_wconf 89' lang='lat' dir='ltr'><strong>uideatur</strong></span> <span class='ocrx_word' id='word_1_597' title='bbox 1447 4749 1474 4802; x_wconf 86' lang='lat' dir='ltr'>P</span> <span class='ocrx_word' id='word_1_598' title='bbox 1523 4751 1560 4804; x_wconf 78' lang='lat'><strong>40</strong></span> <span class='ocrx_word' id='word_1_599' title='bbox 1577 4751 1652 4820; x_wconf 89' lang='lat' dir='ltr'><strong>eam]</strong></span> <span class='ocrx_word' id='word_1_600' title='bbox 1670 4751 1696 4805; x_wconf 91' lang='lat' dir='ltr'><strong>in</strong></span> 
     </span>
     <span class='ocr_line' id='line_1_49' title="bbox 255 4813 1694 4892; baseline 0.008 -25"><span class='ocrx_word' id='word_1_601' title='bbox 255 4813 335 4867; x_wconf 57' lang='grc' dir='ltr'><strong>ΡΨ</strong></span> <span class='ocrx_word' id='word_1_602' title='bbox 399 4815 433 4869; x_wconf 85' lang='grc'><strong>16</strong></span> <span class='ocrx_word' id='word_1_603' title='bbox 460 4830 515 4869; x_wconf 92' lang='lat' dir='ltr'><strong>non</strong></span> <span class='ocrx_word' id='word_1_604' title='bbox 541 4815 637 4883; x_wconf 87' lang='lat' dir='ltr'><strong>quanti</strong></span> <span class='ocrx_word' id='word_1_605' title='bbox 660 4815 775 4870; x_wconf 89' lang='lat' dir='ltr'><strong>interest</strong></span> <span class='ocrx_word' id='word_1_606' title='bbox 801 4835 849 4870; x_wconf 82' lang='lat' dir='ltr'><strong>om.</strong></span> <span class='ocrx_word' id='word_1_607' title='bbox 868 4817 948 4870; x_wconf 61' lang='grc' dir='ltr'><strong>ΡΨ·</strong></span> <span class='ocrx_word' id='word_1_608' title='bbox 1001 4833 1063 4872; x_wconf 90' lang='lat' dir='ltr'><strong>eam</strong></span> <span class='ocrx_word' id='word_1_609' title='bbox 1091 4818 1131 4883; x_wconf 73' lang='grc' dir='ltr'><strong>θ’,</strong></span> <span class='ocrx_word' id='word_1_610' title='bbox 1158 4845 1172 4870; x_wconf 83' lang='lat'><strong>.</strong></span> <span class='ocrx_word' id='word_1_611' title='bbox 1195 4833 1255 4872; x_wconf 89' lang='lat' dir='ltr'><strong>eam</strong></span> <span class='ocrx_word' id='word_1_612' title='bbox 1281 4819 1320 4872; x_wconf 76' lang='lat'><strong>1²⁶</strong></span> <span class='ocrx_word' id='word_1_613' title='bbox 1344 4821 1349 4887; x_wconf 83' lang='grc' dir='ltr'>Ι</span> <span class='ocrx_word' id='word_1_614' title='bbox 1373 4818 1495 4875; x_wconf 87' lang='lat' dir='ltr'><strong>obstauit</strong></span> <span class='ocrx_word' id='word_1_615' title='bbox 1517 4821 1556 4873; x_wconf 64' lang='grc' dir='ltr'><em>Ρ</em></span> <span class='ocrx_word' id='word_1_616' title='bbox 1581 4823 1586 4890; x_wconf 89' lang='grc' dir='ltr'>Ι</span> <span class='ocrx_word' id='word_1_617' title='bbox 1611 4821 1694 4892; x_wconf 83' lang='lat' dir='ltr'><strong>qnod]</strong></span> 
     </span>
     <span class='ocr_line' id='line_1_50' title="bbox 255 4883 1441 4958; baseline 0.007 -21"><span class='ocrx_word' id='word_1_618' title='bbox 255 4886 288 4938; x_wconf 82' lang='lat' dir='ltr'><strong>l&#39;l</strong></span> <span class='ocrx_word' id='word_1_619' title='bbox 313 4883 442 4954; x_wconf 89' lang='lat' dir='ltr'><strong>habebat]</strong></span> <span class='ocrx_word' id='word_1_620' title='bbox 468 4886 535 4950; x_wconf 66' lang='grc' dir='ltr'><strong>Μ’,</strong></span> <span class='ocrx_word' id='word_1_621' title='bbox 558 4884 659 4939; x_wconf 89' lang='lat' dir='ltr'><strong>habeat</strong></span> <span class='ocrx_word' id='word_1_622' title='bbox 676 4886 747 4951; x_wconf 64' lang='grc' dir='ltr'><strong>ΡΨ,</strong></span> <span class='ocrx_word' id='word_1_623' title='bbox 771 4886 884 4942; x_wconf 85' lang='lat' dir='ltr'><strong>habebit</strong></span> <span class='ocrx_word' id='word_1_624' title='bbox 905 4887 949 4952; x_wconf 61' lang='lat' dir='ltr'><strong>Vt,</strong></span> <span class='ocrx_word' id='word_1_625' title='bbox 1002 4889 1068 4958; x_wconf 93' lang='lat' dir='ltr'><strong>quid</strong></span> <span class='ocrx_word' id='word_1_626' title='bbox 1087 4890 1124 4942; x_wconf 65' lang='grc' dir='ltr'><strong>ΙΝ</strong></span> <span class='ocrx_word' id='word_1_627' title='bbox 1145 4891 1441 4958; x_wconf 62' lang='lat' dir='ltr'><strong>incrassatam</strong></span> 
     </span>
    </p>

    <p class='ocr_par' dir='ltr' id='par_1_12' title="bbox 254 4954 950 5025">
     <span class='ocr_line' id='line_1_51' title="bbox 254 4954 950 5025; baseline 0.007 -16"><span class='ocrx_word' id='word_1_628' title='bbox 254 4954 338 5010; x_wconf 87' lang='lat' dir='ltr'><strong>habet</strong></span> <span class='ocrx_word' id='word_1_629' title='bbox 360 4956 393 5010; x_wconf 65' lang='lat' dir='ltr'><strong>U*</strong></span> <span class='ocrx_word' id='word_1_630' title='bbox 449 4959 481 5012; x_wconf 87' lang='grc'><strong>19</strong></span> <span class='ocrx_word' id='word_1_631' title='bbox 501 4961 532 5011; x_wconf 89' lang='lat' dir='ltr'><strong>ut</strong></span> <span class='ocrx_word' id='word_1_632' title='bbox 549 4957 585 5011; x_wconf 90' lang='lat' dir='ltr'><strong>sit</strong></span> <span class='ocrx_word' id='word_1_633' title='bbox 603 4956 667 5025; x_wconf 91' lang='lat' dir='ltr'><strong>non]</strong></span> <span class='ocrx_word' id='word_1_634' title='bbox 691 4962 722 5012; x_wconf 89' lang='lat' dir='ltr'><strong>ut</strong></span> <span class='ocrx_word' id='word_1_635' title='bbox 740 4958 776 5012; x_wconf 89' lang='lat' dir='ltr'><strong>sit</strong></span> <span class='ocrx_word' id='word_1_636' title='bbox 800 4959 841 5023; x_wconf 54' lang='lat' dir='ltr'><strong>Vt</strong></span> <span class='ocrx_word' id='word_1_637' title='bbox 864 4963 895 5014; x_wconf 90' lang='lat' dir='ltr'><strong>ut</strong></span> <span class='ocrx_word' id='word_1_638' title='bbox 913 4960 950 5014; x_wconf 92' lang='lat' dir='ltr'><strong>sit</strong></span> 
     </span>
    </p>
   </div>
   <div class='ocr_carea' id='block_1_9' title="bbox 0 0 1890 5554">
    <p class='ocr_par' dir='ltr' id='par_1_13' title="bbox 0 0 1890 5554">
     <span class='ocr_line' id='line_1_52' title="bbox 0 0 1890 5554; baseline 0 0"><span class='ocrx_word' id='word_1_639' title='bbox 0 0 1890 5554; x_wconf 95' lang='lat' dir='ltr'><strong> </strong></span> 
     </span>
    </p>
   </div>
  </div>
 </body>
</html>
