3812 5598
199 267 245 316 aa
267 269 362 318 unmr
382 269 532 319 seniores
880 247 964 331 801
1378 253 1498 323 XXVII
1518 257 1637 323 41-e

200 407 340 478 oompetit.
367 407 418 463 sed
435 409 459 464 si
477 423 526 479 pru
544 413 636 465 tutore
653 409 765 480 negotia
782 410 870 480 gessit
887 411 932 466 uel
949 411 1033 467 etism
1052 425 1146 466 eurem
1158 410 1367 482 administrauit,
1385 412 1463 468 bons
1474 412 1526 468 erit
1537 411 1638 470 indielo

166 501 182 546 4
200 495 283 550 etiam
301 496 409 566 statim
431 497 497 565 quia
513 497 565 554 hoe
583 511 650 554 oasu
667 499 696 554 in
714 499 804 569 ipsum
822 513 932 570 qnoque
949 499 1043 556 stadm
1062 499 1134 556 aetio
1152 501 1293 570 eompetit
1329 501 1476 556 Praeterea
1493 501 1517 556 si
1534 501 1638 558 tutelae

199 582 300 638 iuditio
319 585 381 654 quis
400 587 590 658 eouuenietnr,
608 593 736 658 reputare
754 591 848 659 petest
864 588 893 643 id
911 587 986 659 quod
1003 588 1032 644 in
1049 602 1107 644 rem
1125 589 1221 659 pupilli
1239 589 1387 660 impendit:
1407 589 1447 645 sio
1464 590 1518 645 erit
1535 589 1639 646 arbitrii

200 672 268 742 eius,
286 677 378 730 utrum
397 689 575 744 compensare
593 692 629 731 an
646 681 740 746 petere
759 677 826 733 uelit
843 681 978 748 sumptus.
1009 675 1075 747 quid
1093 691 1168 748 ergo,
1187 678 1211 732 si
1228 677 1312 734 iudex
1330 677 1562 748 compensationis
1579 679 1639 734 eiua

199 762 334 818 rationem
352 777 406 818 non
423 762 532 834 babuit,
556 779 591 820 an
609 765 745 821 eonmario
763 765 864 821 indieio
883 765 1000 836 experiri
1017 765 1124 836 possiti
1154 771 1183 822 et
1200 765 1295 835 utique
1312 771 1418 836 potest:
1437 766 1487 822 sed
1505 767 1529 822 si
1546 781 1637 837 repro·
1656 775 1669 818 o

166 848 266 905 obsta
283 855 327 906 eat
344 850 412 907 base
429 853 567 922 reputatio
585 857 614 908 et
632 853 781 924 adquieuit,
800 869 855 910 non
873 853 957 910 debet
974 852 1058 910 iudex
1075 854 1212 910 eontrario
1229 853 1330 910 iuditio
1344 854 1373 910 id
1385 855 1495 910 seruire.
1522 855 1567 911 An
1586 849 1638 938 [iffi

198 939 228 994 in
244 937 298 994 hoo
315 939 417 996 iudioin
433 957 488 996 non
506 945 613 997 tuntum
632 958 703 1013 quae
721 958 771 1014 pro
790 943 893 1014 pupille
911 943 961 998 nel
973 943 1002 1000 iu
1019 957 1077 998 rem
1096 944 1156 999 eius
1173 943 1298 1014 impensa
1312 947 1377 998 sunt
1394 944 1518 1014 ueniant,
1541 931 1637 1001 uerum

199 1029 282 1083 etiam
301 1043 336 1083 ea
352 1045 470 1100 quoque,
489 1045 560 1100 quae
578 1029 750 1087 debebantur
768 1032 836 1086 adias
852 1031 944 1102 tutori,
963 1037 994 1086 nt
1012 1035 1081 1102 puta
1099 1037 1209 1103 apstre
1220 1032 1315 1102 pnpilli
1328 1032 1350 1087 si
1362 1032 1427 1102 qnid
1441 1032 1564 1088 debitum
1576 1031 1636 1104 init,

198 1118 348 1186 quaeritur.
375 1123 404 1174 et
422 1120 511 1188 magia
528 1123 604 1190 pute,
624 1135 686 1175 enm
704 1121 811 1190 integra
830 1119 866 1175 sit
883 1120 955 1175 aetio
973 1121 1065 1190 tutori,
1084 1135 1140 1176 non
1155 1135 1217 1176 ease
1228 1121 1257 1175 in
1268 1119 1435 1176 eontrarium
1447 1121 1578 1177 iudioinm
1591 1121 1638 1178 de·

165 1211 180 1258 t
199 1206 364 1262 dueendum.
393 1207 464 1274 Quid
481 1213 574 1264 tamen
592 1209 616 1264 si
634 1209 697 1265 ideo
715 1208 895 1279 exspeetauit‚
914 1209 979 1278 quia
996 1213 1071 1265 tutor
1088 1213 1148 1265 erat
1164 1216 1194 1265 et
1203 1208 1267 1264 ideo
1279 1223 1333 1265 non
1345 1209 1459 1279 exegit?
1485 1210 1637 1282 uideamus,
1657 1221 1684 1260 ιο

199 1311 235 1350 sn
258 1297 394 1352 contrario
416 1297 517 1352 indicio
534 1297 638 1353 tutelae
655 1296 862 1354 indemnitatem
881 1303 1072 1368 consequetur.
1104 1298 1180 1368 quod
1197 1299 1286 1368 magis
1304 1297 1475 1368 probandum
1494 1305 1550 1354 est:
1573 1315 1637 1355 nam

199 1385 281 1440 aienti
302 1384 493 1456 quodoumque
518 1385 592 1441 aliud
614 1385 702 1456 gessit
723 1402 773 1456 pro
792 1387 909 1443 utidtete
926 1387 1035 1458 pupuli,
1058 1387 1087 1442 id
1106 1387 1241 1443 eontrario
1259 1385 1361 1443 iudieio
1379 1392 1575 1458 eonsequetnr‚
1598 1389 1639 1444 ita

166 1477 180 1524 7
199 1473 327 1529 etiamid
346 1474 420 1545 qnod
438 1474 490 1531 eibi
508 1475 624 1530 debetur
642 1475 774 1545 consequi
791 1475 875 1531 debet
892 1476 936 1532 nel
954 1476 1014 1531 eius
1027 1476 1211 1532 maumam.
1240 1475 1318 1546 Εςοι
1331 1476 1395 1532 etsi
1408 1491 1547 1546 excausa,
1566 1491 1637 1547 qnae

165 1563 322 1632 ttempore
344 1561 449 1634 finitur,
472 1562 605 1634 obligatio
628 1564 720 1634 aliqua
741 1562 805 1634 fuit,
828 1565 931 1620 tutelae
955 1565 1120 1620 eontrarium
1145 1564 1275 1620 indioium
1294 1579 1356 1620 esse
1374 1565 1401 1620 ei
1418 1565 1523 1636 opinor.
1559 1565 1638 1620 ilaue

199 1651 334 1706 tutionem
352 1651 472 1708 dandam
489 1653 581 1723 planet
597 1658 626 1708 et
643 1655 667 1710 si
685 1653 788 1710 tutelae
805 1652 906 1708 iudiein
924 1668 979 1708 non
998 1658 1110 1724 agatur:
1130 1655 1231 1710 etenim
1249 1669 1454 1724 nonnumquam
1466 1653 1585 1725 pupillus
1596 1653 1637 1710 id·
1656 1663 1685 1705 ¹⁶

198 1739 271 1795 obeo
290 1755 373 1810 agere
390 1743 494 1798 tutelae
512 1756 567 1798 non
584 1743 653 1813 uult,
671 1742 737 1814 quia
753 1741 819 1798 nihii
837 1741 863 1796 ei
880 1741 1005 1812 debetur,
1022 1741 1107 1798 immo
1124 1743 1186 1813 plus
1201 1743 1229 1798 in
1242 1757 1304 1798 eum
1317 1743 1472 1813 impensum
1484 1747 1536 1812 est,
1554 1758 1637 1813 quam

198 1829 273 1900 qnod
291 1829 317 1884 ei
334 1828 422 1900 abest,
441 1847 492 1886 nen
510 1829 702 1902 impediendus
720 1835 763 1886 eat
779 1835 854 1886 tutor
872 1831 1008 1886 oontrmio
1026 1845 1117 1901 agere.

159 1915 179 1972 2
251 1918 393 1976 Imauus
410 1919 480 1976 libro
499 1920 650 1976 uieeuaimo
666 1919 754 1990 primo
772 1917 950 1987 digestorum.
986 1919 1083 1990 Longe
1100 1919 1190 1992 magis
1207 1919 1330 1976 dandum
1348 1923 1393 1976 est
1410 1922 1439 1976 et
1456 1903 1638 2004 si'ffl
1656 1925 1692 1980 S'

197 2007 350 2064 redonibus
368 2007 551 2064 distrahendis
569 2009 642 2065 aetio
659 2007 824 2064 intendatur.
1656 2018 1684 2062 ra

159 2091 179 2150 3
251 2095 402 2154 Uiuianus
423 2097 493 2153 libro
512 2097 671 2168 trigenaimo
689 2101 768 2152 sexto
787 2095 822 2151 ad
840 2095 970 2152 edietum.
1006 2095 1078 2163 Quid
1095 2111 1162 2168 ergo
1181 2097 1204 2152 ai
1222 2095 1284 2166 plus
1301 2095 1330 2151 in
1348 2111 1411 2152 eum
1430 2095 1478 2153 im·
1497 2091 1637 2182 [luffa-e
1655 2101 1677 2157 8

196 2185 301 2256 pendit,
319 2201 402 2256 quam
420 2191 463 2242 est
480 2188 509 2241 in
521 2185 717 2242 iaoultatibna?
743 2184 887 2240 uideamus
900 2201 935 2240 an
947 2185 1036 2256 possit
1046 2185 1098 2241 hoe
1111 2185 1250 2256 oonseqni.
1278 2189 1307 2240 et
1317 2183 1411 2242 Labeo
1423 2185 1533 2256 seripsit
1545 2173 1636 2258 posse

197 2273 238 2330 sio
255 2279 348 2330 temen
366 2275 556 2346 aeeipiendum
575 2279 626 2344 est,
644 2275 668 2329 si
687 2272 799 2343 expedit
815 2273 919 2344 pupillo
937 2273 977 2329 ita
994 2274 1110 2330 tutelam
1128 2273 1327 2330 administrari:
1346 2281 1468 2331 ueterum
1487 2277 1510 2331 si
1523 2289 1577 2331 non
1590 2291 1636 2332 ex·

196 2365 288 2436 pedit,
307 2364 454 2420 dieendnm
472 2369 515 2420 eet
533 2363 639 2418 absolui
656 2362 789 2434 pupillum
809 2367 948 2433 oportere:
967 2377 1056 2432 neque
1075 2363 1147 2418 enim
1165 2363 1194 2418 in
1212 2362 1264 2418 hoo
1282 2361 1508 2420 administrentur
1524 2365 1637 2435 tutelae,

195 2457 227 2508 ut
239 2458 398 2524 mergantur
409 2453 512 2524 pupilli.
541 2451 624 2507 index
635 2451 727 2522 igitur,
745 2451 793 2522 qni
805 2451 940 2507 eontrario
952 2451 1052 2508 iuditio
1065 2451 1217 2522 eognoseit,
1234 2453 1379 2508 utilitatem
1393 2453 1489 2525 pupilli
1501 2453 1638 2524 spectabit

163 2550 175 2593 1
195 2546 225 2598 et
249 2558 284 2597 sn
302 2547 377 2597 tutor
394 2556 430 2596 ex
448 2539 538 2596 offinio
557 2545 683 2611 sumptus
702 2539 805 2596 feeerit.
842 2540 1015 2597 Gonuarmm
1033 2539 1164 2597 iuditium
1183 2556 1219 2596 an
1237 2539 1273 2596 ad
1291 2539 1343 2597 hoo
1360 2557 1471 2613 quoque
1489 2546 1636 2615 competat,
1656 2551 1685 2594 ee

195 2637 227 2687 ut
249 2631 311 2702 quia
335 2647 353 2685 a
374 2630 477 2701 pupillo
501 2629 595 2700 exigat
616 2629 818 2700 liberationem,
842 2629 992 2686 uidendum
1016 2633 1067 2686 est.
1104 2635 1132 2686 et
1150 2643 1231 2685 nemo
1250 2628 1320 2685 dixit
1337 2630 1365 2686 in
1384 2629 1436 2686 boo
1454 2645 1537 2701 agere
1554 2649 1636 2702 quem

195 2719 332 2777 eontrario
350 2734 446 2790 posse,
471 2723 503 2774 ut
519 2720 623 2774 tutelae
640 2719 742 2776 iudicio
760 2718 904 2788 liberetur,
928 2717 979 2774 sed
995 2723 1104 2774 tantum
1122 2716 1158 2773 de
1175 2717 1232 2788 his,
1257 2733 1328 2789 quae
1347 2719 1373 2775 ei
1390 2723 1504 2790 propter
1521 2721 1636 2777 tutelam

195 2808 304 2865 absunt
332 2807 508 2878 consequitur
526 2813 617 2864 autem
635 2809 795 2879 pecuniam,
814 2809 938 2879 siquam
956 2807 991 2862 de
1009 2821 1059 2862 sno
1078 2808 1262 2878 eonsumpsit,
1280 2797 1362 2863 etiam
1382 2823 1446 2864 eum
1463 2809 1568 2876 usuris,
1587 2807 1636 2864 aed
1730 2879 1735 2886 ¹

195 2897 240 2952 uel
257 2895 411 2966 trientibus,
429 2897 475 2952 uel
493 2895 534 2952 his
553 2913 624 2967 quae
642 2897 670 2952 in
688 2897 801 2966 regione
818 2895 1009 2965 obseruantur,
1025 2898 1071 2952 uel
1089 2896 1131 2952 his
1149 2896 1248 2968 quibus
1261 2900 1403 2953 mutuatus
1416 2901 1467 2967 eat,
1486 2897 1510 2952 ai
1522 2911 1637 2953 neeesse

193 2984 291 3041 babuit
308 2985 441 3055 mutuari,
461 2991 494 3040 ut
510 2985 615 3056 pupillo
633 2999 668 3040 ex
685 2985 759 3040 iusta
777 2999 862 3040 eausa
879 2989 1053 3056 prorogaret,
1072 2985 1117 3042 uel
1134 2983 1177 3040 his
1196 3002 1213 3040 a
1230 2985 1330 3056 quibua
1348 2987 1481 3056 pupillum
1500 2984 1635 3058 liberauit,
1654 2997 1683 3038 so

161 3083 176 3128 i
194 3075 240 3130 uel
257 3072 357 3143 quibus
375 3074 463 3128 earuit
479 3077 562 3144 tutor,
581 3073 605 3130 si
623 3073 756 3129 nimium¹
773 3072 876 3146 proluit
892 3073 995 3144 pupillo
1009 3073 1154 3144 peeuniam
1168 3089 1230 3130 esse
1242 3075 1405 3131 exsolutam.
1432 3075 1516 3130 Plane
1529 3073 1552 3129 si
1565 3073 1635 3132 iorie

193 3169 269 3218 tutor
287 3162 389 3233 aliquid
406 3162 540 3232 pecuniae
559 3161 656 3218 debuit
673 3161 823 3233 faenerare,
841 3162 943 3232 aliquid
961 3162 1021 3232 ipse
1038 3177 1088 3233 pro
1101 3162 1204 3232 pupillo
1217 3163 1308 3233 soluit,
1326 3177 1377 3218 nee
1388 3163 1449 3234 ipae
1461 3178 1559 3220 usuras
1571 3179 1634 3220 oon·

159 3259 174 3306 e
192 3253 318 3321 seqnitur
335 3267 387 3307 nee
404 3252 507 3322 pupillo
525 3250 685 3322 praestabit
713 3251 803 3318 Quare
821 3255 850 3306 et
867 3250 891 3306 si
908 3251 937 3306 in
953 3265 1020 3306 naua
1035 3265 1100 3307 anos
1113 3253 1256 3322 annuerit,
1275 3251 1375 3308 deinde
1388 3252 1489 3322 aliquid
1501 3251 1635 3322 impendit

192 3341 222 3396 in
240 3357 296 3396 rem
315 3341 491 3412 pupillarem,
515 3356 598 3410 quam
617 3339 750 3410 impendit
767 3339 868 3395 desinit
885 3339 1002 3396 nomime
1019 3343 1049 3396 et
1066 3340 1166 3396 exinde
1184 3355 1281 3397 usuras
1299 3356 1355 3396 non
1372 3339 1533 3412 praestabit.
1564 3344 1593 3396 et
1610 3341 1635 3396 si

192 3435 258 3485 ante
276 3429 410 3500 impendit
426 3429 455 3484 in
472 3445 530 3484 rem
548 3430 724 3500 pupillarem,
749 3444 814 3485 mox
832 3429 859 3483 in
879 3442 945 3483 usus
964 3442 1029 3484 suos
1047 3429 1143 3499 uertit,
1162 3443 1217 3484 non
1235 3427 1375 3484 uidebitur
1392 3429 1508 3484 uertisse
1527 3429 1634 3498 qnand-
1652 3437 1682 3480 ss

192 3523 292 3588 tutem,
316 3533 386 3588 quae
411 3517 547 3574 ooneurrit
569 3533 632 3573 num
655 3517 808 3587 quantitate
831 3515 884 3572 sibi
906 3515 1013 3587 debite,
1037 3523 1069 3572 ut
1092 3517 1152 3574 eius
1170 3533 1294 3574 summae
1313 3533 1367 3573 non
1385 3522 1509 3588 praestet
1526 3533 1632 3572 usuras

157 3617 174 3664 4
193 3605 297 3664 Usuras
315 3611 406 3692 Quum
424 3606 530 3662 tamdiu
549 3611 732 3675 consequetur
750 3610 824 3660 tutor
840 3605 971 3675 quamdiu
990 3609 1065 3662 tutor
1082 3612 1133 3677 eat,
1153 3623 1187 3662 au
1207 3607 1289 3662 etiam
1306 3611 1371 3688 poet
1387 3605 1492 3662 finitam
1510 3606 1632 3676 tutelam,

192 3695 344 3766 uideamus,
363 3711 399 3750 an
416 3712 451 3751 ex
469 3693 559 3764 moira
576 3699 694 3750 tantum.
722 3699 751 3750 et
769 3695 858 3765 magis
875 3698 927 3766 est,
945 3700 984 3766 ut,
1002 3695 1094 3766 quoad
1110 3695 1136 3750 ei
1148 3694 1278 3750 reddatur
1290 3695 1416 3765 peounia,
1435 3698 1632 3764 consequatur:
1650 3699 1666 3748 i.
1678 3701 1724 3750 ete

158 3794 173 3842 u
192 3800 243 3840 nee
267 3785 339 3840 enim
363 3784 446 3840 debet
470 3785 495 3840 ei
519 3783 619 3839 sterilis
643 3799 705 3840 esse
723 3784 848 3854 petuma.
885 3781 915 3840 Si
932 3789 1025 3840 tamen
1045 3783 1096 3840 init
1112 3785 1141 3840 in
1159 3783 1315 3840 substantia
1331 3783 1428 3854 pupilli
1446 3782 1519 3839 uude
1537 3798 1632 3839 eonse-

157 3873 318 3944 equeturi,
341 3873 486 3929 dieendum
511 3878 555 3928 est
575 3888 630 3928 non
655 3875 781 3942 oportere
804 3887 867 3928 eum
885 3887 984 3928 nsuraa
1002 3889 1020 3928 a
1036 3873 1139 3944 pupillo
1158 3872 1277 3942 exigere.
1315 3871 1385 3938 Quid
1404 3872 1531 3942 ergo,'si
1549 3871 1585 3927 de
1603 3887 1632 3928 re
1651 3882 1680 3924 ao

190 3962 318 4033 pupillari
336 3978 391 4019 non
408 3961 498 4033 potuit
516 3961 568 4018 sibi
586 3963 701 4032 soluere,
720 3961 786 4031 quis
803 3965 864 4016 erat
881 3960 1007 4032 deposita
1025 3961 1060 4016 ad
1073 3959 1246 4032 praediorum
1259 3960 1510 4030 comparutionem?
1538 3961 1561 4014 si
1573 3961 1632 4030 qui·

191 4051 255 4106 dem
273 4067 328 4108 non
345 4051 497 4120 postulauit
514 4066 531 4105 a
549 4057 682 4120 praetore,
700 4053 733 4104 ut
750 4056 892 4120 promatur
903 4051 1021 4120 peounia
1032 4050 1078 4106 uei
1090 4049 1142 4106 boo
1154 4050 1244 4105 minus
1257 4049 1419 4119 deponatur,
1437 4046 1490 4104 sibi
1503 4048 1632 4118 imputet:

190 4139 215 4196 si
239 4154 306 4196 nero
327 4138 379 4196 boe
397 4137 566 4194 desiderauit
583 4153 634 4194 nee
652 4138 822 4208 impetrauit,
845 4138 993 4194 dicendum
1012 4143 1054 4194 est
1072 4152 1127 4193 non
1145 4137 1269 4208 deperire
1288 4137 1314 4193 ei
1332 4152 1430 4192 usuras
1449 4138 1477 4193 in
1496 4137 1633 4194 nonnemo

157 4227 301 4286 liudieio.
338 4225 446 4284 Sufficit
466 4227 550 4284 tutori
568 4225 639 4283 bene
658 4231 687 4282 et
704 4225 848 4297 diligenter
866 4227 978 4298 negotia
995 4227 1129 4297 gessisse,
1153 4226 1206 4281 etei
1223 4231 1352 4281 euentum
1372 4225 1518 4282 aduersum
1537 4224 1634 4282 hebuit

156 4315 266 4387 equod
288 4319 399 4386 gestum
423 4322 474 4372 est.
511 4314 617 4372 ludioio
635 4315 771 4371 nonnario
788 4316 891 4371 tutelae
909 4320 1066 4386 praestatur
1083 4318 1112 4369 et
1129 4314 1170 4385 id,
1193 4313 1268 4385 quod
1286 4315 1315 4370 in
1332 4329 1389 4370 rem
1407 4313 1504 4385 pupilli
1521 4329 1632 4371 uersum
1651 4325 1680 4368 ss

190 4411 256 4460 ante
273 4405 388 4461 tutelam
407 4405 469 4461 uel⁴
487 4409 551 4476 pest
569 4403 692 4474 tutelam,
711 4404 736 4460 si
753 4404 871 4474 negotiis
889 4404 992 4460 tutelae
1010 4407 1134 4474 tempore
1147 4403 1234 4474 gestis
1246 4419 1345 4458 nexum
1358 4401 1498 4474 probatur,
1517 4409 1545 4459 et
1556 4403 1632 4474 qnod

190 4497 256 4550 ante
274 4493 428 4564 impensum
446 4498 497 4563 est,
517 4493 576 4549 siue
593 4509 644 4563 pru
662 4498 753 4550 tutore
772 4491 884 4564 negotia
900 4493 989 4563 gessit
1000 4496 1030 4548 et
1040 4497 1140 4564 postea
1152 4496 1226 4548 tutor
1238 4492 1404 4548 eonstitutus
1416 4497 1467 4564 est,
1485 4493 1531 4548 uel
1542 4493 1632 4548 uentri

188 4589 384 4660 rrwosro)

191 4731 388 4802 ¹ergn(dett.)i
408 4731 555 4788 ¹nimirum
565 4733 635 4800 (dett.
647 4732 783 4804 pridem?
800 4729 1054 4801 'uenaequereturi
1071 4731 1156 4787 ‘ante
1164 4733 1279 4787 tutelam
1288 4730 1343 4800 uel]
1352 4736 1396 4787 est
1404 4729 1632 4798 (statuellam

189 4871 430 4958 ieonu'i'enietur
441 4873 478 4927 F*
521 4871 746 4942 brepronatalli
794 4872 827 4926 13
840 4887 882 4958 se-
935 4871 1010 4928 tibus
1035 4873 1073 4926 Fi
1121 4873 1171 4958 ‚³³
1193 4872 1403 4958 praestruit‘l'¹
1425 4873 1430 4937 1
1451 4869 1568 4976 qna'e're
1591 4870 1630 4924 F*

189 4944 404 5000 euntetetm⁴ll²
444 4944 478 4999 15
490 4943 611 4999 dandum
620 4943 656 4997 Ρ
699 4942 884 5012 etspaetabre
936 4944 972 4999 34
989 4948 1143 5012 praestruit
1159 4943 1197 4998 F¹
1242 4945 1278 5000 38
1295 4942 1461 5014 quodadl'
1514 4943 1551 4998 42
1568 4956 1630 5012 pro·

189 5014 228 5086 et]
251 5015 298 5081 Ρ,
320 5015 477 5085 *spectauit
500 5019 545 5071 et
563 5015 600 5068 pr
654 5013 690 5071 29
713 5015 777 5072 nai
799 5015 883 5072 trien
937 5019 1028 5072 matus
1045 5015 1082 5070 Fi
1380 5101 1415 5160 51
