3848 5536
907 161 1024 230 LXXII

251 339 360 412 proprio
384 340 568 411 principaliter
592 340 711 412 pendere
734 355 789 397 non
807 355 842 396 ex
860 338 1010 412 archetypo
1028 340 1118 410 aliquo
1136 340 1291 412 deperdito,
1315 341 1364 396 sed
1382 356 1417 397 ex
1434 342 1494 413 ipso
1511 309 1681 400 florentino:

252 451 284 503 ut
300 427 336 503 st'
347 447 424 518 origo
442 448 629 519 tripertitionis
647 447 816 518 digestorum
834 447 1047 504 Bononiensium
1066 452 1095 503 et
1111 448 1222 504 nomina
1239 448 1406 520 singularum
1423 449 1542 520 partium
1563 454 1605 522 et,
1626 465 1682 522 quo

252 559 361 627 praeter
379 569 478 612 nomen
497 555 579 610 etiam
599 555 652 610 alia
670 553 770 610 indicia
787 553 892 610 ducunt
908 557 945 622 (u.
963 570 991 625 p.
1004 554 1153 612 xxxiivi
1170 573 1197 611 n.
1210 556 1252 626 2),
1275 555 1374 626 digesti
1391 555 1499 612 Ueteris
1520 556 1682 614 instauratio

251 660 370 720 iortame
388 665 470 718 antea
488 659 562 718 facta
579 677 660 732 quam
679 661 883 718 innotescerent
900 660 990 718 denuo
1008 659 1181 718 Infortiatum
1201 667 1231 718 et
1247 663 1369 731 Nouum,
1392 663 1599 734 explicationem
1622 665 1681 720 nul·

253 770 307 826 lam
336 769 483 825 admittant
508 769 561 825 nisi
588 783 659 839 quae
684 766 871 840 proficiscatur
894 783 911 824 a
934 768 993 825 solo
1017 768 1112 826 codice
1133 769 1299 826 Florentino.
1332 769 1379 840 qui
1404 769 1541 840 quomodo
1563 770 1681 841 primum

252 876 416 947 innotuerit,
440 876 468 930 in
487 874 606 932 tenebris
625 875 793 932 densissimis
812 875 915 931 saeculi
937 875 1036 931 decimi
1059 876 1127 932 latet
1148 880 1177 933 et
1199 876 1410 948 inperpetuum
1437 878 1533 949 opinor
1559 877 1680 935 latebit¹.

251 980 369 1040 fortasse
386 982 504 1053 primum
522 982 658 1054 prolatum
680 985 724 1038 est
741 981 929 1053 apographum
948 983 1007 1039 eius
1025 981 1214 1055 imperfectum
1232 984 1280 1054 ita,
1298 988 1330 1039 ut
1348 983 1485 1040 desineret
1500 983 1540 1040 ibi
1556 984 1603 1042 ubi
1621 983 1682 1041 finit

253 1089 353 1162 Uetus,
376 1089 459 1160 idque
476 1103 526 1160 per
544 1088 654 1161 aliquod
672 1093 781 1160 tempus
804 1089 891 1145 solum
916 1091 945 1146 in
968 1089 1069 1146 scholis
1092 1093 1239 1146 umtatum
1260 1095 1303 1146 est
1327 1095 1356 1146 et
1378 1089 1577 1162 exemplaribus
1600 1089 1681 1148 laetis

250 1201 446 1269 propagatum:
473 1196 571 1252 deinde
595 1212 658 1252 eum
681 1194 882 1252 exscriberetur
905 1195 1053 1268 reliquum,
1080 1197 1110 1253 id
1132 1198 1336 1267 descripserunt
1358 1196 1466 1254 duobus
1489 1197 1680 1268 uoluminibus,

251 1319 367 1375 quorum
383 1304 459 1375 prius
477 1318 543 1359 casu
561 1302 599 1360 ibi
616 1301 714 1374 finiret,
732 1301 779 1358 nbi
798 1302 899 1358 desinit
909 1301 1082 1360 lniortiatum
1099 1305 1252 1376 proprium:
1270 1303 1388 1374 denique
1405 1307 1438 1360 ut
1455 1305 1595 1361 uolumina
1611 1305 1681 1362 inter

251 1424 282 1465 se
305 1410 477 1479 anquatenus
499 1414 716 1481 exsequerentur
738 1413 767 1466 et
789 1409 911 1466 secundo
934 1410 1065 1467 uolumini
1088 1411 1220 1467 terminus
1244 1411 1434 1481 adsignaretur
1459 1426 1514 1468 non
1535 1412 1564 1467 in
1590 1411 1682 1468 media
1713 1483 1714 1488 ἵ

249 1516 362 1589 periodo
379 1517 500 1588 positus,
522 1532 587 1588 pars
605 1532 639 1573 ee
657 1517 701 1572 cui
719 1531 737 1571 a
754 1514 842 1572 tribus
860 1514 984 1587 partibus
1003 1532 1101 1574 nomen
1122 1517 1209 1574 indita
1226 1521 1270 1574 est
1287 1517 1395 1574 diuulsa
1416 1519 1531 1575 stertio
1549 1519 1681 1576 uolumini

249 1623 371 1680 secundo
389 1623 497 1681 adiecta
515 1629 566 1680 est.
593 1623 645 1681 boc
664 1622 746 1680 modo
763 1623 860 1694 opinor
878 1624 922 1680 uel
940 1629 1014 1680 certe
1032 1639 1086 1680 nou
1105 1623 1222 1681 absimili
1239 1625 1346 1696 euenit,
1369 1630 1401 1681 ut
1417 1625 1534 1696 primum
1552 1625 1681 1682 uolumen

253 1731 330 1788 Uetus
348 1729 542 1802 appellaretur,
565 1729 716 1786 secundum
734 1731 915 1802 lissoniotam,
938 1729 967 1787 id
985 1736 1170 1804 estensium,
1189 1731 1300 1788 tertium
1318 1730 1454 1788 uocabulo
1470 1733 1579 1804 proprie
1597 1732 1680 1789 etiam

250 1838 285 1895 ad
303 1837 454 1896 secundum
471 1837 625 1909 pertinente
642 1836 757 1892 Nouam.

82 1959 232 2007 Αιοιοήιιιιι
302 1946 378 2002 Haec
396 1945 481 2016 igitur
498 1949 542 2000 est
558 1942 673 2000 secundi
690 1942 794 2000 ordinis
812 1942 937 2000 codicum
955 1943 1061 2001 indoles
1079 1949 1107 2000 et
1125 1947 1230 2000 natura.
1257 1945 1380 2015 sequitur
1396 1949 1428 2001 ut
1439 1959 1590 2002 consensus
1600 1945 1679 2003 libro-

94 2022 223 2130 suffles
249 2069 310 2109 rum
333 2052 497 2108 deteriorum
520 2051 704 2109 Florentinum
726 2050 872 2107 lectionem
896 2065 1069 2122 nequaquam
1092 2050 1247 2123 confirmet,
1270 2052 1349 2123 item,
1373 2051 1421 2109 ubi
1444 2051 1544 2109 dubius
1566 2052 1681 2110 haereas

96 2147 223 2196 ²⁰⁸fi¹¹¹⁸fl⁰
248 2160 319 2217 inter
332 2159 516 2216 Florentinsm
533 2159 676 2229 pristinam
695 2163 724 2214 et
741 2157 857 2214 eandem
874 2158 1057 2228 emendatam,
1075 2163 1106 2214 ut
1123 2159 1225 2214 nubum
1245 2159 1323 2215 alteri
1341 2160 1394 2217 utri
1411 2159 1603 2217 adminiculum
1616 2160 1680 2216 inde

249 2267 377 2338 accedat,
401 2266 476 2336 quod
498 2265 637 2323 secundae
660 2264 756 2321 classis
777 2262 840 2322 bbri
863 2269 911 2320 aut
932 2281 995 2322 cum
1018 2265 1070 2321 hac
1093 2269 1142 2321 sut
1159 2281 1222 2322 cum
1240 2267 1285 2323 illa
1303 2268 1468 2338 conspirant.
1500 2267 1600 2323 deinde
1616 2267 1680 2324 huie

249 2374 337 2431 ordini
358 2373 485 2445 propriae
507 2372 654 2444 lectiones,
677 2372 785 2429 οιὶιιιιιί
808 2371 867 2428 eius
890 2372 999 2444 generis
1021 2371 1082 2428 libri
1103 2373 1147 2428 uel
1165 2387 1260 2430 omnes
1279 2373 1323 2430 uel
1340 2380 1414 2430 came
1432 2374 1599 2446 antiquiores
1616 2390 1679 2432 con·

249 2485 353 2538 stanter
371 2496 418 2537 eas
436 2481 580 2551 retineant,
598 2483 692 2536 tamen
709 2480 869 2551 plerumque
887 2479 1005 2535 deriuari
1023 2483 1051 2534 et
1067 2485 1185 2551 possunt
1202 2485 1231 2536 et
1247 2479 1349 2537 debent
1366 2496 1401 2537 ex
1418 2483 1680 2553 meraneglegentia

249 2589 293 2644 uel
317 2587 387 2645 adeo
407 2588 616 2660 interpolatione
634 2602 727 2645 eorum
746 2587 793 2659 qni
811 2590 875 2643 ante
892 2586 1022 2643 Iruerium
1041 2587 1225 2643 Florentinum
1244 2586 1342 2644 librum
1360 2587 1572 2661 descripserunt
1604 2589 1679 2646 deni·

130 2750 132 2754 ,
248 2711 303 2768 que
321 2695 373 2752 etsi
390 2711 440 2768 per
457 2711 488 2752 se
506 2695 616 2766 quidem
634 2693 789 2767 probabiles
808 2693 943 2765 uidentur,
962 2699 1054 2750 umen
1071 2694 1209 2766 propriam
1225 2696 1414 2752 auctoritatem
1427 2695 1475 2752 uix
1486 2700 1616 2766 poterunt
1627 2694 1680 2752 sibi

249 2803 397 2875 uindicare,
415 2803 468 2859 nisi
487 2808 536 2859 aut
553 2817 571 2858 a
589 2801 702 2859 Graecis
720 2800 913 2873 interpretibus
931 2799 1132 2873 confirmantur,
1151 2801 1178 2857 id
1197 2801 1271 2872 quod
1288 2816 1350 2858 raro
1368 2802 1476 2874 accidit,
1494 2807 1543 2859 sut
1555 2803 1596 2860 ita
1606 2818 1680 2860 com·

249 2915 362 2983 pmatae
386 2915 461 2982 sunt,
485 2914 517 2966 ut
540 2910 712 2967 coniecturae
732 2907 801 2965 lines
823 2907 956 2964 excedere
978 2907 1136 2980 uideantur,
1160 2909 1204 2964 cui
1228 2907 1378 2978 opinationi
1398 2910 1510 2981 ancipiti
1527 2925 1634 2982 semper
1651 2915 1680 2967 et

251 3034 285 3074 ex
303 3016 414 3074 arbitrio
433 3018 521 3089 magis
540 3033 621 3089 qnam
640 3032 675 3073 ex
692 3015 793 3072 iudicio
811 3014 942 3087 pendenti
959 3015 1042 3072 etiam
1060 3015 1147 3071 rarius
1164 3015 1241 3072 locus
1259 3014 1366 3073 dandm
1379 3021 1429 3074 est
1458 3032 1524 3074 sane
1536 3016 1680 3074 cumbaeo

249 3126 290 3182 ita
311 3140 342 3182 se
364 3123 466 3181 habere
488 3123 697 3196 intellexissem,
721 3138 827 3180 meeum
849 3123 986 3194 quaesiui,
1010 3138 1100 3179 annon
1121 3121 1355 3194 supersedendum
1373 3127 1447 3181 esset
1463 3125 1572 3195 ingrato
1589 3123 1679 3182 officio

251 3233 404 3290 enotandae
423 3232 556 3289 eiusmodi
573 3231 702 3288 librorum
721 3231 813 3287 uariae
830 3230 963 3302 lectionis,
981 3245 1036 3301 qua
1053 3228 1125 3286 banc
1142 3230 1289 3286 editionem
1307 3232 1414 3287 onerari
1433 3232 1520 3302 magis
1538 3247 1620 3303 quam
1637 3248 1678 3290 or-

250 3339 309 3396 nari
328 3344 408 3396 erunt
425 3339 472 3411 qui
489 3339 623 3395 iudicent:
647 3337 789 3410 archetypi
812 3338 883 3393 enim
905 3337 977 3394 illius
995 3336 1149 3393 secundarii
1166 3337 1284 3408 uestigia
1301 3338 1330 3394 in
1347 3337 1447 3395 'ilibus
1464 3338 1588 3410 partibus
1605 3339 1680 3396 etin

250 3451 310 3504 toto
334 3447 441 3518 digesto
464 3447 543 3504 Nouo
567 3445 678 3502 omuino
701 3445 776 3502 nulla
799 3443 915 3516 offendi,
938 3459 1014 3516 rara,
1038 3449 1069 3500 ut
1090 3443 1161 3515 diri,
1184 3448 1213 3500 et
1236 3443 1346 3500 minime
1368 3444 1522 3516 aequabilia
1545 3447 1627 3503 etiam
1651 3447 1679 3504 in

250 3551 351 3610 Uetere
369 3559 398 3610 et
415 3554 443 3610 in
460 3552 612 3623 lniortlsto,
629 3558 661 3609 ut
679 3552 856 3624 perlongum
875 3555 992 3607 bacmm
1009 3551 1091 3622 plane
1108 3555 1284 3623 euaneseant,
1303 3551 1402 3607 deinde
1414 3553 1587 3624 pertingens
1598 3554 1679 3610 inter·

250 3661 353 3717 uallum
379 3661 518 3732 insperato
542 3659 688 3717 uideantur
710 3658 808 3714 redire.
840 3659 880 3714 ita
902 3658 970 3715 miro
995 3673 1059 3746 casu
1082 3658 1110 3715 in
1133 3657 1202 3714 libro
1225 3659 1341 3729 septimo
1365 3659 1471 3716 decimo
1489 3674 1551 3716 cum
1570 3659 1681 3736 deliciet

252 3766 408 3824 emendatio
426 3767 562 3823 ordinaris
579 3765 640 3823 libri
652 3765 809 3836 Florentini,
827 3766 855 3822 in
867 3765 926 3822 eins
938 3766 1026 3822 uicem
1039 3767 1211 3836 aliquatenus
1223 3765 1346 3822 succedit
1356 3766 1480 3823 recensio
1491 3767 1680 3838 Bononiensis,

251 3890 332 3946 quam
350 3874 379 3930 in
397 3873 449 3931 hoc
467 3881 541 3931 certe
558 3873 627 3931 libro
645 3873 781 3945 quaedam
798 3872 900 3929 babere
917 3873 1017 3930 eximia
1035 3879 1063 3929 et
1080 3877 1155 3930 certo
1173 3888 1240 3929 uers
1257 3887 1337 3929 nemo
1353 3872 1473 3944 negabit.
1501 3873 1575 3944 quod
1588 3875 1616 3930 in
1628 3873 1680 3932 Ue·

250 3987 309 4039 tere
327 3981 436 4052 digesto
455 3982 626 4052 aliquatenus
644 3981 764 4038 indicare
782 3981 856 4037 uolui
873 3981 926 4052 ita,
949 3985 980 4037 ut
997 3981 1025 4037 in
1042 3980 1076 4036 iia
1093 3979 1232 4052 partibus,
1255 3978 1303 4036 ubi
1320 3980 1434 4037 secundi
1451 3980 1554 4037 ordinis
1571 3981 1682 4038 codices

249 4089 360 4161 propria
382 4087 454 4144 bona
476 4089 550 4145 nulla
568 4087 634 4144 mihi
652 4087 752 4145 habere
769 4088 940 4159 uiderentur,
964 4091 1044 4144 notas
1062 4101 1155 4144 eorum
1173 4088 1201 4144 in
1219 4087 1274 4143 ima
1292 4087 1415 4158 margine
1432 4087 1584 4160 adscriptas
1606 4089 1680 4145 unci·

250 4196 321 4252 nolis
333 4195 474 4266 quadratis
486 4195 715 4252 circumdecerem
728 4195 769 4252 sic
781 4195 928 4265 [PVLU]:
947 4209 1111 4266 quamquam
1129 4194 1217 4250 intuli
1235 4194 1381 4265 partitione
1398 4209 1450 4250 nec
1467 4194 1532 4250 mihi
1549 4195 1602 4266 ipsi
1614 4196 1682 4252 satis

251 4301 304 4358 feei
328 4307 357 4359 et
379 4302 407 4358 in
432 4317 465 4358 ea
488 4317 538 4358 suo
563 4303 662 4373 cuique
685 4302 786 4358 iudicio
808 4302 936 4358 eundum
960 4317 1022 4358 esse
1045 4302 1093 4357 uir
1112 4316 1181 4372 opus
1199 4306 1242 4356 est
1259 4316 1378 4357 monere.
1411 4317 1506 4358 uerum
1525 4306 1554 4358 et
1569 4307 1681 4375 propter

252 4410 341 4479 ipsam
363 4410 495 4466 incertam
519 4409 645 4465 codicum
667 4409 764 4466 horum
782 4413 909 4466 naturam
927 4413 957 4465 et
973 4413 1084 4481 propter
1100 4407 1188 4478 litigia
1204 4407 1240 4464 de
1258 4422 1352 4464 eorum
1370 4408 1488 4465 utilitate
1505 4423 1555 4479 per
1571 4410 1682 4466 saecula

253 4516 358 4587 agitata
375 4517 405 4572 in
422 4515 522 4572 Uetere
540 4516 649 4586 digesto
666 4517 840 4587 praesertim,
864 4516 941 4574 cuius
960 4517 1007 4588 qui
1025 4520 1119 4572 extant
1140 4514 1202 4571 libri
1225 4515 1320 4585 optimi
1344 4520 1373 4570 et
1394 4519 1484 4572 aetate
1507 4519 1536 4572 et
1558 4515 1681 4573 bonitate

307 4769 317 4803 ¹
337 4767 410 4819 Certe
428 4783 493 4833 quae
510 4773 569 4834 post
586 4765 642 4834 plus
661 4766 782 4820 ducentos
794 4767 937 4821 Odofredus
950 4768 975 4838 (t
989 4767 1067 4836 1265)
1085 4767 1112 4819 in
1131 4765 1221 4819 scholis
1236 4765 1268 4818 de
1286 4765 1341 4818 eius
1358 4765 1488 4819 munionis
1506 4767 1603 4835 origine
1620 4785 1681 4820 nar·

253 4857 318 4908 ranit
336 4855 459 4923 (Sarigny
476 4855 535 4909 bist.
547 4856 593 4909 im.
606 4857 631 4920 3,
644 4855 697 4908 426
715 4857 747 4909 of.
765 4873 791 4923 p.
800 4855 834 4909 97
846 4875 872 4909 n.
882 4857 917 4924 ὁ),
935 4857 983 4910 ete‘i
1001 4855 1129 4924 discipulis
1147 4865 1199 4909 tum
1216 4855 1323 4908 fortasse
1342 4855 1525 4919 satisfecerunt,
1542 4857 1619 4910 hodie
1633 4875 1680 4910 ne·

252 4944 313 5006 mini
331 4945 498 5003 satisfacient:
516 4962 598 5017 neque
616 4946 682 4998 enirn
700 4955 815 5018 apparot,
832 4947 900 5000 unde
918 4947 981 5000 haec
995 4947 1058 5000 scire
1071 4945 1189 5014 potnerit,
1202 4962 1249 4999 nec
1263 4945 1372 4998 narratio
1384 4943 1449 4999 insto
1461 4947 1549 5000 ordine
1560 4946 1681 5014 procedit.
