3734 5578
179 265 452 323 ouemsnrronuu
475 266 635 314 aursana
857 241 943 323 723
1319 247 1437 316 XXIIII
1456 250 1477 315 3
1498 255 1614 312 24-26

148 412 214 460 lex
231 404 277 460 die
294 403 385 460 aditae
402 404 489 474 patris
507 403 666 460 hereditatis
682 402 796 474 incipiat
813 403 840 459 el
857 403 930 460 dotis
948 403 1064 460 exactio.
1100 403 1232 470 Quotiens
1246 405 1352 476 mederi
1364 406 1553 462 satisdandum
1572 411 1615 462 est

179 493 214 550 de
232 495 367 550 solutione
384 494 458 549 dotis
475 499 539 564 poet
557 496 661 549 eertum
680 497 798 562 tempus,
817 493 840 547 si
858 493 974 548 maritus
991 492 1126 548 sabsdme
1144 509 1200 550 nou
1211 495 1308 564 possit,
1325 501 1391 550 tuno
1409 495 1529 552 deducto
1541 509 1614 551 oom-

178 583 261 638 modo
279 582 410 653 temporis
429 582 619 639 condemnatio
636 581 738 637 residui
756 585 985 651 repraesentatur:
1004 581 1058 638 sed
1065 583 1075 654 [1
1096 583 1128 652 si,
1146 583 1341 638 cummaritus
1359 583 1494 639 satisdare
1511 589 1614 654 posset,
1632 585 1704 636 8848

178 673 275 742 nollet,
298 672 465 728 insolidum
489 688 552 728 eum
576 670 813 728 condemnandum
835 671 907 726 Ilela
930 671 969 726 ait
992 686 1048 727 non
1070 669 1164 726 habita
1189 673 1294 728 ratitum
1317 672 1453 728 commodi
1474 674 1614 744 temporis.

177 761 277 816 indicia
294 761 378 832 igitur
394 760 486 818 officio
504 761 646 829 conuenit,
668 765 699 816 ut
716 764 765 817 aut
787 759 966 815 satisdatione
989 759 1151 830 interposita
1168 759 1294 818 absoluat
1311 763 1440 818 maribam
1457 767 1506 817 ant
1521 761 1615 818 habita
1634 769 1647 812 s

177 851 283 906 ratione
301 850 531 922 compensationis
548 865 611 906 enm
630 849 802 918 condemnet,
821 847 1023 918 quodquidam
1040 848 1122 906 hodie
1140 851 1229 921 magis
1246 857 1408 922 usurpatur:
1433 866 1485 906 nec
1503 849 1615 906 terenda

178 945 222 995 est
239 941 348 1009 mulier,
367 939 482 994 sidicat
500 939 589 1009 magle
607 954 637 994 se
656 939 725 993 uelle
743 937 901 993 dilationem
918 937 977 1007 pati
995 955 1081 1008 qnam
1095 939 1125 994 in
1142 941 1394 1010 repraesentatione
1412 940 1613 996 deductionem.

145 1029 159 1074 8
178 1028 244 1085 Siue
261 1033 354 1084 autem
372 1027 467 1083 mariti
480 1029 539 1084 siue
556 1028 650 1084 uxods
667 1028 789 1097 periculo
807 1025 941 1096 desiuit,
964 1027 1047 1083 nibilo
1070 1029 1160 1086 miuus
1182 1029 1304 1098 legitImo
1322 1033 1448 1100 tempore
1462 1030 1551 1085 debet·
1562 1031 1615 1085 sol·

145 1118 244 1172 luere
262 1119 384 1174 maritus.
421 1117 451 1173 Si
467 1117 512 1172 uir
528 1117 669 1173 uoluntate
688 1117 807 1172 mulieris
826 1131 926 1173 seruos·
939 1117 1046 1172 dotales
1060 1119 1257 1188 manumiserit,
1276 1119 1300 1172 sl
1312 1119 1421 1188 quidem
1441 1105 1615 1193 [uffae-u

177 1207 280 1262 donam
305 1207 330 1262 ci
353 1207 450 1262 mulier
473 1205 572 1276 noluit,
595 1221 647 1262 nee
669 1206 704 1261 de
726 1205 861 1262 libertatis
885 1221 970 1262 causa
985 1207 1126 1277 Impositis
1148 1207 1173 1262 ei
1197 1207 1368 1277 praestandis
1384 1207 1536 1264 tenebitur:
1556 1204 1615 1290 [(Ῑ)
1634 1225 1663 1266 ro

176 1296 252 1366 quod
270 1296 294 1351 si
311 1295 451 1365 negotium
469 1295 541 1350 inter
558 1311 605 1350 eos
623 1301 732 1366 gestum
744 1299 802 1365 est,
821 1295 915 1366 utique
928 1295 1083 1365 tenebitur,
1106 1299 1139 1350 ut
1159 1293 1251 1352 officio
1275 1295 1373 1351 indicis
1391 1302 1489 1352 canent
1506 1298 1614 1352 restitn-

145 1385 269 1440 esurum
288 1399 318 1440 se
336 1385 454 1454 mulieri,
479 1383 611 1455 quidquid
636 1382 672 1439 ad
694 1399 757 1440 enm
780 1399 816 1440 ex
838 1383 1031 1444 bonlslibaru
1053 1384 1109 1439 uel·
1122 1399 1157 1438 ex
1179 1383 1347 1454 obligatione
1370 1385 1549 1455 peruenisset
1585 1383 1615 1441 Si

175 1475 292 1529 maritus
310 1489 412 1529 saeuas
429 1474 458 1528 ἰπ
475 1489 571 1529 seruos
590 1472 695 1528 dotales
712 1472 773 1542 fuit,
792 1473 951 1544 uidendum,
970 1487 1006 1528 an
1024 1474 1058 1528 de
1077 1473 1129 1529 boo
1146 1474 1234 1544 possit
1251 1475 1400 1529 conueniri.
1428 1480 1457 1529 et
1469 1473 1615 1544 siquidem

176 1566 284 1618 tautum
302 1563 331 1618 in
349 1578 445 1618 seruos
463 1563 556 1618 uxoris
573 1576 674 1618 saeuus
696 1559 762 1632 init,
787 1565 896 1618 ceusmt
918 1577 980 1618 enm
998 1563 1086 1618 teneri
1103 1561 1156 1618 boc
1173 1563 1296 1618 nomine:
1319 1563 1344 1618 si
1366 1576 1441 1618 nero·
1456 1568 1486 1617 et
1501 1563 1530 1617 in
1550 1577 1615 1619 snos

176 1655 222 1707 eat
239 1657 338 1707 natura
354 1652 426 1722 talis,
445 1651 535 1708 adhue
552 1651 698 1707 dicendum
718 1655 764 1705 est
778 1651 985 1708 immoderatam
1004 1651 1063 1706 eius
1080 1651 1227 1708 saerutimn
1244 1652 1296 1708 bos
1307 1652 1408 1708 indicio
1421 1651 1614 1708 coercendam:
1634 1661 1663 1704 se

175 1741 304 1810 quamuis
322 1741 394 1796 enlm
412 1741 581 1812 diligentiam
600 1755 670 1797 uxor
691 1754 752 1796 eam
775 1739 885 1798 demum
908 1739 944 1796 ab
961 1755 995 1796 eo
1012 1740 1118 1810 exigat,
1143 1755 1226 1810 qnam
1249 1741 1332 1796 rebus
1350 1741 1408 1796 anis
1426 1741 1545 1811 exiget¹‚
1564 1756 1615 1797 neo

174 1829 239 1899 plns
257 1830 354 1900 possit,
373 1834 494 1886 atamen
513 1830 642 1900 saeuitia,
661 1844 732 1899 qnae
749 1829 912 1900 inpropriis
930 1829 1067 1898 culpanda
1084 1833 1139 1898 est,
1157 1829 1185 1884 ln
1205 1830 1300 1886 alienIs
1318 1829 1471 1886 coercenda
1488 1833 1544 1899 est,
1563 1829 1616 1886 hoe

143 1921 157 1968 8
176 1922 221 1972 est
237 1908 267 1973 ¹ia
285 1917 431 1975 dotalibus.
468 1917 498 1974 Si
515 1935 585 1974 nxor
603 1918 654 1973 niri
672 1933 729 1973 rem
747 1917 962 1975 commodauerat
978 1931 1065 1988 esque
1083 1917 1206 1988 perierit,
1221 1918 1383 1988 uidendum,
1402 1933 1437 1974 au
1457 1932 1615 1990 compensa·

174 2007 281 2062 tionem
303 2006 356 2063 boc
379 2008 489 2064 nomine
511 2009 570 2078 pati
592 2006 688 2076 possit.
716 2013 749 2062 et·
767 2013 848 2078 puto,
870 2007 894 2062 si
916 2006 1027 2077 quidem
1049 2005 1189 2076 probibuit
1209 2021 1271 2062 eam
1295 2007 1410 2062 maritus
1432 2008 1615 2078 eommodare,

175 2097 271 2151 statIm
289 2095 481 2153 deductionem
500 2095 572 2152 fieri:
590 2096 614 2152 sl
632 2111 699 2152 nero
717 2110 771 2152 non
789 2094 928 2167 probibuit
945 2109 1006 2151 eam
1025 2095 1213 2164 commodare,
1232 2094 1344 2151 arbitrio
1363 2095 1460 2151 indicis
1478 2097 1615 2153 modicum
1635 2108 1664 2148 ro

143 2187 157 2233 ⁷
174 2189 288 2256 tempus
306 2185 333 2241 ei
350 2184 485 2256 indulgeri
503 2185 657 2241 cantionem
675 2184 825 2254 praebenti.
861 2183 891 2240 Si
907 2183 982 2240 bona
999 2185 1120 2240 mulieris
1137 2199 1187 2255 pro
1199 2189 1278 2256 parte
1291 2185 1345 2239 sint
1356 2179 1503 2255 publieat'a,
1522 2201 1616 2256 super·

175 2279 221 2330 est
239 2274 345 2330 mulieri
363 2276 483 2345 reliquae
500 2275 587 2345 partis
605 2273 678 2328 dotis
696 2275 818 2329 exactior
836 2274 897 2344 plna
915 2279 997 2344 puto:
1015 2278 1044 2329 et
1062 2274 1086 2329 si
1102 2279 1169 2344 post
1183 2274 1258 2329 litem
1277 2278 1458 2330 contestatam
1476 2275 1617 2346 publicata

175 2365 215 2419 sit
231 2379 281 2434 pro
299 2369 378 2434 parta
395 2364 455 2434 dos,
473 2361 592 2418 sufficiet
610 2362 751 2418 arbitrium
768 2363 871 2419 iudicis
884 2363 920 2419 ad
937 2364 1024 2435 partis
1042 2361 1297 2420 condemnationem
1315 2361 1478 2421 faciendam.
1506 2365 1615 2434 qnod·
1592 2381 1616 2421 οι

174 2457 238 2509 tota
255 2451 306 2508 dos
324 2452 465 2523 publicata
483 2452 528 2521 sit,
546 2451 695 2522 exspirabit
712 2451 882 2508 indicinmw
1635 2466 1665 2507 sa

119 2533 156 2592 25
230 2541 351 2598 Pennus
374 2541 444 2597 libro
466 2541 609 2610 trigesimo
632 2545 711 2596 sexto
735 2541 771 2596 ad
794 2542 922 2598 edictum.
961 2540 991 2597 Si
1013 2539 1070 2596 lilio
1091 2539 1210 2596 familias
1233 2539 1284 2596 dos
1308 2539 1374 2596 data
1396 2540 1433 2596 sit
1457 2537 1615 2624 [a.
1506 2554 1543 2607 88,
1552 2553 1575 2608 8
1586 2549 1656 2604 esd

173 2629 284 2686 iniussu
300 2630 395 2702 patris,
414 2630 449 2685 de
467 2631 574 2701 peculio
592 2630 703 2700 qnidam
721 2635 830 2702 agetur·
854 2631 905 2686 sed
922 2630 982 2686 sine
999 2633 1111 2700 propter
1127 2629 1266 2700 lmpensas
1283 2644 1301 2684 a
1318 2627 1374 2685 tilio
1392 2629 1509 2686 familias
1526 2618 1616 2687 iactas

174 2719 238 2774 sine
256 2724 367 2790 propter
385 2735 429 2774 res
447 2718 564 2774 donatas
581 2735 600 2774 a
615 2718 672 2775 lilio
690 2721 734 2775 nei
753 2725 859 2776 amotas
877 2717 913 2774 ab
930 2733 1016 2774 nxore
1033 2733 1078 2774 res
1095 2718 1248 2789 peculiares
1271 2717 1349 2774 hoc
1341 2735 1416 2790 rpso,
1440 2719 1514 2788 qnod
1532 2720 1617 2776 habet

174 2809 313 2864 audonem
331 2811 411 2878 pater
428 2823 463 2863 ex
480 2822 599 2878 persona
615 2807 672 2878 filii,
691 2809 779 2864 maius
796 2808 933 2880 peculium
951 2805 996 2876 lit,
1020 2807 1107 2863 etsie
1130 2811 1218 2863 toturn
1237 2812 1281 2862 est
1296 2807 1491 2878 praestandum
1509 2809 1616 2864 mulieri

142 2901 154 2946 1
173 2895 253 2967 qnod
271 2901 314 2952 est
331 2897 359 2952 in
376 2897 498 2967 peculio,
518 2897 601 2968 quia¹
618 2897 708 2952 adhuc
726 2897 763 2952 sit
781 2896 855 2968 quod
871 2896 951 2952 uxori
969 2895 1110 2952 debeatur.
1147 2895 1274 2952 Maritum
1293 2895 1321 2951 in
1338 2895 1480 2952 reddenda
1497 2896 1562 2953 dote
1580 2898 1616 2954 de

173 2985 242 3041 dolo
259 2987 332 3040 malo
350 2989 380 3040 et
396 2986 478 3056 culpa
495 3001 594 3041 cauere
612 2991 728 3057 oportet.
755 2985 870 3056 quodsi
889 2985 952 3042 dolo
970 2985 1042 3040 malo
1060 2982 1164 3054 secerlt,
1183 2999 1237 3056 quo
1256 2985 1345 3040 minus
1357 2986 1501 3041 restituere
1518 2987 1614 3058 possit,
1634 2995 1664 3038 so

172 3074 364 3130 damnandnm
382 3089 455 3138 eum,
473 3075 568 3144 quanti
586 3075 684 3131 mulier
700 3075 728 3130 iu
745 3075 821 3130 litem
839 3073 978 3144 lnrauerIt,
996 3074 1062 3144 quis
1078 3073 1172 3128 inultis
1190 3072 1269 3130 nobis
1287 3089 1331 3128 res
1349 3079 1457 3130 nostras
1471 3076 1539 3130 alius
1552 3076 1615 3131 reti-

139 3165 153 3210 2
171 3179 242 3219 nere
260 3177 315 3218 non
332 3161 441 3218 debeat
479 3162 509 3219 Sl
526 3167 590 3233 post
606 3163 754 3220 diuortium
778 3178 822 3219 res
846 3163 951 3219 dotales
974 3163 1124 3218 deteriores
1142 3160 1232 3218 laetae
1250 3161 1306 3218 slnt
1322 3167 1352 3217 et
1369 3163 1411 3218 uir
1429 3163 1457 3219 iu
1474 3163 1616 3221 reddenda

139 3253 243 3308 idota
261 3266 364 3307 moram
389 3249 499 3321 lecerit,
522 3251 678 3308 omnimodo
701 3251 893 3308 detn'mentnm
916 3252 976 3322 ipse
998 3251 1158 3322 praestabit
1195 3249 1225 3306 Si
1248 3252 1296 3322 qui
1318 3251 1449 3336 dotalium
1473 3267 1614 3308 seruorum

171 3341 202 3396 in
223 3339 292 3410 laga
309 3345 401 3410 erunt,
425 3355 525 3396 canere
542 3338 655 3396 debebit
672 3341 786 3396 maritus
809 3355 840 3396 se
864 3355 912 3396 eos
930 3341 982 3396 uiri
998 3339 1065 3396 boni
1083 3337 1216 3396 arbitratu
1233 3345 1439 3410 persecuturum
1459 3347 1488 3398 et
1505 3341 1614 3396 restitu-

137 3431 278 3484 tenram.
315 3427 404 3484 Sinis
422 3429 450 3484 Iu
468 3426 951 3499 quiuquenuio⁸locsuerltfundum
975 3434 1004 3485 et
1025 3433 1089 3499 post
1112 3429 1229 3498 primum
1253 3427 1323 3485 forte
1347 3445 1449 3484 annum
1467 3429 1613 3486 diuortium
1633 3440 1663 3484 se

170 3611 284 3678 praeter
300 3606 382 3662 unius
401 3607 465 3662 anni
482 3605 645 3662 locationem
663 3607 777 3662 maritas
796 3605 941 3663 damnatus
959 3607 1009 3677 sit,
1031 3607 1078 3662 id⁸
1097 3621 1127 3662 se
1144 3611 1314 3679 praestatum
1331 3607 1377 3662 iri:
1393 3608 1445 3663 sed
1463 3613 1492 3664 et
1509 3609 1615 3664 mulieri

171 3694 340 3765 aeneadum,
358 3695 491 3766 quidquid
507 3701 616 3766 praeter
633 3696 754 3767 primum
769 3711 871 3752 annum
889 3709 929 3751 ex⁴
941 3695 1077 3752 locatione
1094 3695 1139 3750 uir
1155 3701 1319 3754 consecutus
1337 3693 1427 3767 inerit,
1446 3711 1477 3752 se
1494 3697 1519 3753 ei
1536 3697 1615 3752 resti-

170 3789 309 3840 tuturum.
1633 3797 1662 3839 se

113 3865 152 3923 26
228 3873 308 3928 lanu
325 3872 394 3929 libro
411 3873 553 3943 trigesimo
571 3873 689 3945 septimo
707 3873 744 3929 ad
759 3873 889 3930 edictum.
926 3871 1016 3929 Semel
1035 3886 1112 3929 mora
1128 3871 1202 3928 laeta
1220 3874 1243 3928 si
1261 3889 1371 3929 sernum
1389 3873 1437 3930 do·
1457 3868 1654 3958 ffls

169 3962 260 4017 talem
282 3967 379 4032 postea
402 3962 534 4018 offerente
557 3963 655 4018 marito
679 3963 777 4018 mnlier
799 3962 923 4032 accipere
946 3963 1065 4018 noluerit
1086 3967 1116 4018 et
1136 3963 1177 4018 ita
1199 3963 1223 4018 is
1241 3961 1404 4034 decesserit,
1428 3978 1484 4019 non
1502 3962 1615 4018 debebit

169 4051 295 4121 pretium
313 4051 373 4106 eius
390 4051 506 4107 maritus
524 4052 569 4108 nel
587 4052 666 4108 heres
684 4051 751 4122 eius,
770 4065 805 4107 ne
823 4051 953 4107 damnum
972 4051 1087 4162 sentiat,
1104 4051 1185 4122 quod
1203 4055 1300 4121 postea
1316 4052 1447 4107 offerente
1465 4065 1499 4108 eo
1517 4053 1615 4108 mulier

170 4140 302 4210 accipere
319 4139 413 4196 noluit.

170 4229 319 4299 mire)

171 4343 337 4400 ¹adhibet‘?
407 4344 510 4414 ὀπὴ]
530 4345 554 4400 si
572 4344 639 4414 quid
657 4347 692 4413 (a.
705 4345 754 4413 td?
824 4343 1069 4416 ⁸quinquennInm
1088 4343 1188 4414 (dett.)?
1258 4345 1370 4400 ‘aina
1389 4329 1499 4428 (edd)¹
1555 4329 1558 4336 ¹

170 4457 350 4514 2dedncto
372 4455 409 4512 Γ*
468 4459 694 4544 Drepraestatnr
716 4461 751 4514 F:
774 4459 812 4514 eie
835 4458 866 4512 τὰ
920 4458 999 4529 (aa),
1024 4462 1052 4516 ld
1074 4468 1110 4518 eet
1131 4460 1156 4516 si
1178 4459 1245 4529 quiid
1267 4459 1357 4516 adhuc
1375 4475 1460 4530 supra
1475 4460 1612 4529 peculium

168 4529 251 4584 totns
263 4548 415 4600 ποροχρκκο
429 4528 794 4614 asraeraszerarBS(rrll.,)'
774 4550 865 4596 fraere·
920 4546 999 4587 uxon
992 4531 1152 4601 debeatur,
1166 4531 1211 4586 obl
1222 4551 1375 4604 pssamqaam
1384 4547 1466 4601 supra
1474 4531 1612 4602 peculium

170 4601 334 4655 exarabile«
359 4600 510 4672 uspsxpfsaa
527 4602 555 4655 B
573 4603 683 4668 (Aaou.)
736 4603 798 4656 esi
815 4601 866 4672 uir]
920 4605 985 4656 male
1003 4604 1129 4658 adiectum
1142 4605 1260 4667 ssl(ncm
1272 4603 1404 4658 dicendum
1413 4607 1472 4676 ficit
1489 4602 1612 4672 supraid

169 4671 251 4744 quod
269 4672 293 4726 si
310 4672 353 4726 uir
370 4671 407 4724 D.
420 4675 510 4744 spem
529 4678 533 4734 Ι
549 4671 703 4742 siquidem]
724 4688 787 4728 cum
801 4674 867 4728 D..1
920 4672 1025 4760 qupd'
1017 4689 1078 4744 rpsa
1099 4689 1168 4730 uxor
1190 4672 1274 4728 debet
1295 4674 1427 4744 peculio),
1455 4679 1538 4727 tumea
1582 4691 1612 4728 ro

166 4763 241 4814 pem.
288 4743 322 4797 15
333 4743 521 4812 coercendam]
533 4743 714 4798 coercendam
725 4744 762 4796 ΓΙ
806 4745 869 4800 268
920 4745 985 4814 quia
1010 4753 1134 4816 interpres
1156 4745 1258 4798 uidetur·
1279 4765 1338 4800 uere
1356 4748 1445 4814 lepisss
1472 4743 1496 4798 si
1519 4693 1612 4813 quisti!

168 4813 231 4869 filio
247 4813 365 4882 'quidem
389 4819 503 4900 agetur
509 4813 559 4869 sed
584 4813 643 4870 siue
659 4830 729 4885 prop
730 4814 778 4870 ter'
791 4814 867 4870 Iami-
921 4817 1084 4871 maritari*
1127 4815 1611 4886 30888388,30108881οό83Ἶ

168 4885 226 4940 lias
244 4885 283 4938 F’
335 4887 369 4940 tt
388 4900 495 4940 uxores
496 4883 550 4938 F’
599 4887 634 4941 29
652 4885 869 4956 quiaadhucsit
921 4887 955 4942 31
994 4892 1079 4942 uantu
1101 4887 1145 4940 ΡΥ
1161 4887 1174 4953 Ι
1186 4888 1265 4942 neuls
1284 4888 1310 4940 F
1356 4887 1392 4941 32
1414 4886 1557 4941 reteriores
1574 4885 1612 4939 F¹

169 4955 252 5027 quod
274 4957 353 5012 uxori
374 4955 563 5024 debeatur}
540 4975 591 5021 ese
615 4958 653 5011 asi
678 4957 766 5020 ογτωο
788 4959 868 5014 natea
921 4903 1148 5027 saduceorum
1164 4958 1202 5011 F’
1251 4959 1287 5014 36
1305 4957 1390 5012 alias
1399 4958 1437 5011 Ρ
1481 4957 1515 5011 37
1533 4971 1612 5026 prae·

168 5028 224 5092 τοῨ
242 5028 382 5092 desertior
406 5026 594 5100 κεχρεὼοτκτοί
613 5049 635 5084 τι
655 5049 686 5102 ra
706 5031 801 5096 [γκοικί
820 5029 869 5086 Rs
921 5033 965 5086 tor
982 5030 1008 5084 F
1018 5033 1022 5099 Ι
1037 5027 1221 5100 praestatu''m
1230 5029 1268 5083 F’
1320 5029 1356 5084 42
1373 5025 1524 5098 pr'aefiuul
1541 5029 1581 5083 F’

1338 5116 1399 5173 46*
