3738 5550
283 243 372 310 xvii
396 246 408 307 1
435 249 544 302 17-22
960 228 1049 310 486
1562 253 1720 301 ussnsm

284 415 378 471 geres,
402 402 430 452 et
449 401 512 452 autc
531 400 629 451 exacta
647 410 681 450 ea
699 394 821 448 mandati
839 398 930 448 tecum
948 408 1045 462 egero,
1071 392 1094 447 si
1113 395 1176 446 aute
1195 408 1252 446 rem
1271 392 1416 448 iudicatam
1436 392 1577 462 exegeris,
1595 391 1719 446 condem·

284 489 404 544 nandum
422 491 450 541 te
468 501 530 540 esse
548 489 665 540 constat.

229 579 267 638 18
338 576 489 632 Uarrnuus
506 572 575 629 libro
593 571 822 642 quadragensimo
841 568 876 624 ad
894 568 1034 624 Sabinum.
1062 569 1114 635 Qui
1131 570 1235 638 patitur
1252 569 1287 624 ab
1301 570 1354 625 aiio
1366 569 1497 638 mandari,
1516 574 1548 623 ut
1580 579 1720 652 Q
1737 577 1766 630 S‘

285 665 336 720 sibi
355 665 490 732 credatur,
510 662 640 716 mandare
658 660 831 728 intellegitur.
1738 673 1750 711 4

230 757 266 815 19
338 754 417 808 Innu
439 752 507 806 libro
531 750 760 820 quadragensimo
783 747 864 802 tertio
888 746 923 800 ad
947 745 1086 800 Sabinum.
1124 745 1153 801 Si
1177 761 1273 801 seruus
1296 761 1373 800 meus
1397 746 1432 801 de
1455 752 1544 801 semet
1567 741 1721 828 Q}
1738 755 1768 808 S·

286 842 402 897 emendo
421 841 571 908 mandaret,
590 843 622 892 ut
640 837 795 902 redimatur,
814 835 981 904 Pomponius
999 836 1139 903 eleganter
1156 840 1263 904 tractat,
1283 851 1318 889 an
1336 835 1368 904 is,
1387 836 1434 904 qui
1447 850 1557 889 seruum
1570 835 1721 904 redemerit,

286 933 357 986 uitro
377 929 523 984 conuenire
541 927 629 997 possit
646 925 824 992 uenditorem,
843 929 874 978 ut
892 939 1001 978 seruum
1014 925 1136 993 recipiat,
1155 925 1282 993 quoniam
1298 924 1420 978 mandati
1433 924 1504 978 aetio
1516 924 1590 978 ultro
1602 924 1722 992 citroque

287 1025 338 1074 est.
370 1018 419 1072 sed
443 1033 504 1071 esse
529 1015 727 1085 iniquissimum
746 1014 912 1082 Pomponius
935 1013 974 1066 ait
996 1027 1031 1066 ex
1054 1011 1127 1066 iacto
1151 1014 1223 1067 serui
1245 1013 1299 1066 mei
1324 1013 1385 1082 cogi
1403 1027 1447 1066 me
1465 1027 1576 1066 seruum
1595 1014 1721 1081 recipere,

287 1123 368 1178 quem
392 1107 421 1160 in
444 1111 606 1175 perpetuum
631 1102 742 1158 alienari
764 1103 919 1170 uolucrem,
944 1115 995 1155 nee
1020 1102 1107 1170 magis
1129 1103 1156 1155 iu
1178 1101 1250 1155 bunc
1268 1116 1361 1156 casum
1380 1100 1469 1155 debeo
1487 1100 1612 1155 mandati
1629 1101 1721 1169 teneri,

287 1211 368 1264 quam
387 1198 418 1248 ut
435 1209 496 1247 eum
515 1191 565 1246 tibi
583 1191 738 1246 uenderem.
1739 1203 1762 1242 ro

231 1287 270 1345 20
339 1283 459 1338 Pronus
477 1281 545 1336 libro
564 1280 707 1334 undecimo
726 1278 761 1332 ad
779 1276 919 1332 Sabinum.
946 1277 990 1330 Ex
1008 1276 1137 1332 mandato
1156 1277 1229 1346 apud
1248 1293 1311 1332 eum
1329 1277 1377 1347 qui
1388 1277 1549 1332 mandatum
1569 1272 1722 1360 Q
1737 1285 1766 1339 s·

287 1371 410 1440 suscepit
426 1369 491 1424 nibil
510 1384 651 1423 remanere
669 1370 791 1437 oportet,
813 1365 894 1419 sicuti
912 1380 963 1418 neo
981 1365 1110 1419 damnum
1128 1367 1186 1435 pati
1205 1365 1302 1434 debet,
1322 1367 1345 1420 si
1363 1367 1473 1436 exigere
1492 1364 1659 1420 faeneratam
1678 1383 1721 1436 pe-

256 1477 268 1521 1
288 1460 396 1514 cuniam
413 1473 468 1512 non
485 1459 583 1527 potuit.
614 1455 782 1510 Fideiussori
799 1453 969 1522 negotiorum
988 1460 1127 1522 gestomrm
1146 1461 1189 1509 est
1207 1454 1287 1523 actio,
1306 1455 1330 1510 si
1346 1471 1396 1524 pro
1414 1454 1529 1509 absente
1547 1453 1721 1509 iidoiusserit:

287 1565 351 1602 nam
369 1547 490 1602 mandati
509 1546 580 1600 actio
599 1560 653 1600 non
671 1547 764 1614 potest
781 1548 945 1612 competere,
964 1558 1026 1597 cum
1046 1543 1057 1614 ΙΙ
1075 1558 1129 1597 non
1148 1543 1327 1598 antecesserit
1343 1542 1511 1597 mandatum.
1737 1553 1750 1600 i.
1761 1554 1800 1598 uei

231 1642 267 1700 21
341 1635 491 1691 Uurruuus
514 1633 582 1689 libro
606 1632 836 1703 quadragensimo
857 1631 974 1701 septimo
992 1632 1027 1686 ad
1045 1631 1185 1686 Sabinum.
1222 1632 1291 1686 Cum
1310 1631 1441 1686 mandatu
1460 1632 1550 1686 alieno
1569 1626 1721 1714 [Q
1738 1640 1767 1693 S'

287 1740 336 1795 pro
353 1728 382 1777 tc
401 1722 590 1791 fideiusserim,
610 1738 665 1777 non
682 1737 794 1791 possum
814 1719 947 1774 aduersus
965 1725 992 1774 te
1011 1719 1112 1775 habere
1130 1721 1264 1774 actionem
1283 1720 1414 1788 mandati,
1432 1720 1664 1788 quemadmodum
1679 1723 1723 1790 qui
1739 1735 1764 1774 re

287 1814 404 1868 alienum
424 1813 582 1866 mandatum
602 1812 717 1866 intuitus
736 1809 891 1879 spopondit.
925 1809 973 1863 sed
992 1809 1088 1863 sinon
1106 1809 1200 1878 utique
1219 1809 1312 1878 unius,
1337 1809 1386 1863 sed
1404 1809 1547 1878 utriusque
1567 1809 1723 1864 mandatum

287 1902 401 1955 intuitus
425 1900 453 1954 id
471 1899 597 1970 fecerim,
621 1899 728 1954 habebo
747 1898 869 1952 mandati
888 1897 1022 1951 actionem
1041 1899 1123 1952 etiam
1143 1897 1275 1951 aduersus
1292 1902 1335 1966 te,
1357 1896 1604 1968 quemadmodum,
1629 1899 1653 1953 si
1671 1897 1724 1952 duo

288 1990 353 2044 mibi
371 1990 550 2044 mandassent
567 1992 599 2042 ut
615 1988 665 2042 tibi
685 1987 832 2056 crederem,
851 1991 997 2054 utrumque
1014 1985 1143 2040 haberem
1161 1984 1320 2054 obligatum.

231 2083 269 2141 22
340 2079 460 2132 Pronus
478 2076 547 2132 libro
564 2077 724 2146 trigensimo
743 2075 864 2130 secundo
883 2073 918 2128 ad
937 2075 1064 2128 edietum.
1093 2073 1122 2129 Si
1140 2073 1307 2129 mandauero
1325 2072 1383 2142 tibi,
1402 2078 1433 2128 ut
1445 2089 1495 2142 pro
1506 2089 1552 2129 me
1570 2071 1760 2158 [efflas

288 2167 316 2221 in
340 2167 412 2221 diem
437 2165 587 2220 ddciubeas
611 2170 695 2233 tuque
718 2179 785 2234 pure
808 2162 974 2218 fideiusseris
998 2168 1027 2216 et
1050 2164 1177 2232 solueris,
1201 2163 1295 2217 utilius
1315 2160 1527 2232 respondebitur
1544 2164 1653 2219 interim
1671 2181 1725 2220 non
1742 2180 1767 2218 ιι

256 2271 268 2315 1
289 2269 350 2308 esse
370 2253 421 2308 tibi
438 2253 560 2308 mandati
579 2254 729 2322 actionem,
753 2251 803 2307 sed
822 2268 883 2306 oum
902 2252 961 2306 dies
979 2251 1093 2306 uenerit.
1130 2252 1198 2305 Item
1217 2255 1365 2305 tractatum
1384 2257 1439 2320 est,
1463 2251 1501 2320 ei,
1526 2268 1589 2306 cum
1608 2253 1725 2308 indiam

287 2342 429 2411 deberem,
449 2343 578 2397 mandatu
598 2357 659 2397 meo
677 2341 704 2395 in
721 2341 794 2395 diem
812 2339 979 2394 fideiussoris
998 2345 1026 2394 et
1044 2346 1108 2394 ante
1126 2339 1198 2394 diem
1217 2339 1345 2408 sciueris,
1364 2355 1399 2394 an
1417 2342 1510 2394 statim
1530 2340 1634 2395 habeas
1652 2358 1725 2397 man·

289 2431 346 2485 dati
365 2432 510 2485 actionem.
537 2434 566 2485 ot
583 2430 694 2499 quidam
712 2432 811 2499 putant
827 2434 1000 2498 praesentem
1019 2427 1127 2497 quidem
1147 2444 1208 2484 esso
1228 2427 1348 2483 mandati
1367 2429 1512 2497 actionem,
1533 2430 1583 2484 scd
1597 2431 1666 2484 tanti
1678 2431 1725 2484 mi·

288 2535 395 2590 norem,
419 2520 514 2589 quanti
538 2534 600 2573 mea
623 2518 731 2572 intersit
747 2517 957 2586 superueniente
975 2518 1021 2572 die
1038 2519 1158 2573 solutum
1175 2515 1268 2571 tuisse.
1302 2516 1351 2571 scd
1368 2517 1467 2572 melius
1485 2521 1529 2572 est
1548 2517 1602 2572 dici
1620 2519 1725 2572 interim
1745 2533 1770 2572 ιι

289 2624 340 2662 nec
358 2607 439 2662 buius
458 2622 580 2663 summae
598 2607 721 2661 mandati
739 2607 784 2675 agi
801 2621 898 2675 posse,
916 2605 1027 2675 quando
1045 2607 1203 2660 nonnullum
1222 2605 1310 2660 adbuc
1329 2607 1502 2661 commodum
1523 2622 1615 2661 meum
1635 2609 1678 2676 sit,
1696 2611 1727 2661 ut

256 2711 341 2757 nnec
363 2696 415 2751 hoo
433 2701 496 2751 ante
515 2696 587 2751 diem
607 2696 721 2750 soiuam.
758 2693 898 2749 Interdum
918 2695 1022 2762 euenit,
1046 2700 1078 2750 ut
1096 2709 1185 2749 meum
1204 2695 1343 2763 negotium
1363 2709 1456 2764 geram
1475 2700 1617 2750 ettamen
1635 2697 1727 2750 utilem

290 2784 406 2840 babeam
431 2785 552 2840 mandati
576 2785 725 2840 actionem:
750 2783 835 2838 ueluti
859 2799 922 2839 cum
944 2783 1053 2840 debitor
1075 2799 1153 2838 meus
1176 2784 1297 2853 periculo
1320 2799 1370 2838 suo
1392 2783 1544 2839 debitorem
1563 2801 1645 2840 suum
1663 2786 1727 2842 mibi

291 2873 402 2943 delegat
424 2879 473 2929 aut
495 2889 558 2929 cum
581 2879 679 2944 rogatu
696 2871 865 2927 fideiussoris
883 2887 945 2926 oum
964 2887 1011 2927 reo
1029 2873 1166 2942 experior:
1190 2889 1253 2926 nam
1272 2873 1398 2941 quamuis
1416 2872 1539 2928 debitum
1558 2891 1652 2930 meum
1669 2891 1728 2945 per-

291 2977 398 3031 sequar,
418 2962 502 3017 nibiio
520 2963 610 3017 minus
628 2966 657 3016 et
674 2962 744 3016 iliius
763 2959 904 3028 nogotium
922 2977 1003 3029 gero:
1021 2963 1105 3030 igitur
1122 2960 1195 3031 quod
1213 2961 1304 3015 minus
1316 2977 1470 3031 seruauero,
1489 2977 1644 3034 consequar
1655 2980 1728 3019 man-
1747 2977 1772 3016 ro

258 3067 272 3110 a
291 3050 349 3104 dati
368 3051 484 3106 actione.
515 3049 545 3105 Si
563 3050 599 3120 bi,
618 3065 732 3119 quornm
751 3064 795 3103 res
813 3054 935 3104 uoneunt
952 3065 1021 3118 quas
1038 3051 1145 3120 pignori
1164 3049 1305 3118 dederunt,
1323 3055 1527 3120 supposuerunt
1545 3057 1683 3122 emptores
1700 3057 1729 3108 et

291 3139 331 3193 eis
350 3139 480 3193 emendas
499 3139 699 3207 remandent,
722 3137 882 3192 mandatum
900 3137 1075 3209 intellegitur,
1092 3139 1157 3194 iicet
1175 3143 1307 3207 quantum
1326 3139 1361 3192 ad
1380 3154 1482 3194 meram
1501 3141 1636 3195 rationem
1655 3158 1728 3196 man·

291 3225 385 3280 datum
404 3242 459 3282 non
478 3227 613 3282 constitit:
636 3243 699 3281 nam
719 3241 780 3280 curn
799 3241 857 3280 rem
874 3231 951 3281 tuam
971 3241 1060 3298 emas,
1079 3227 1154 3281 nulia
1172 3227 1274 3296 emptio
1291 3232 1335 3281 cst
1352 3227 1379 3282 in
1398 3233 1446 3282 tua
1462 3244 1583 3297 persona
1600 3231 1640 3284 rei
1656 3239 1727 3286 tuae.

257 3315 412 3376 uiuiianus
430 3317 540 3385 scripsit
558 3316 679 3370 mandati
696 3315 893 3384 obligationem
912 3315 1060 3370 consistere
1078 3315 1161 3369 etiam
1180 3316 1207 3369 in
1225 3330 1281 3369 rem
1301 3317 1360 3370 eius
1378 3317 1424 3385 qui
1442 3318 1604 3372 mandatum
1617 3321 1730 3389 suscipit

291 3418 326 3458 ex
349 3418 382 3458 eo
406 3405 523 3458 maxime
547 3403 669 3474 probari,
693 3403 781 3473 quod,
805 3404 828 3457 si
846 3403 970 3472 pluribus
987 3402 1134 3459 heredibus
1151 3402 1335 3458 uendentibus
1354 3406 1400 3458 uni
1417 3399 1600 3476 mandauero',
1624 3413 1655 3462 ut
1673 3424 1729 3464 rem
1747 3418 1775 3459 aa

290 3490 482 3546 hereditariam
502 3497 614 3561 emeret,
632 3493 714 3546 ctiam
733 3507 784 3562 pro
801 3506 835 3546 ea
845 3497 932 3562 parte,
951 3507 1006 3560 qua
1017 3491 1097 3547 heres
1108 3494 1151 3562 sit,
1170 3493 1306 3562 obligatur
1319 3493 1440 3548 mandati
1452 3495 1560 3550 actione
1573 3502 1602 3550 et
1612 3497 1729 3566 obligat:

292 3584 320 3634 et
338 3595 404 3633 sane
423 3581 445 3634 si
464 3580 507 3634 ille
526 3584 637 3649 propter
656 3580 707 3634 boe
721 3585 852 3635 extraneo
865 3595 922 3635 rem
935 3596 991 3636 non
1003 3581 1146 3650 addixerit,
1165 3581 1238 3651 quod
1250 3582 1410 3636 mandatum
1422 3590 1592 3654 susceperat,
1610 3601 1646 3640 ex
1657 3585 1729 3642 bona

291 3663 345 3720 tide
364 3680 425 3721 esse
442 3671 582 3737 praestare
601 3669 626 3721 ei
644 3669 775 3738 pretium,
794 3670 889 3738 quanti
906 3669 1026 3724 uendere
1044 3673 1165 3739 poterat:
1184 3675 1213 3725 et
1230 3676 1325 3725 contra
1343 3672 1366 3725 si
1384 3675 1491 3740 emptor
1508 3672 1544 3726 ad
1563 3675 1729 3743 emptionem

291 3753 331 3810 rei
353 3753 404 3809 sibi
429 3757 600 3812 neocesariae
623 3756 725 3811 idcirco
749 3773 804 3811 uon
827 3762 993 3828 accesserat,
1022 3757 1096 3828 quod
1119 3757 1212 3813 heredi
1235 3759 1436 3828 praecepisset¹
1462 3775 1492 3814 se
1515 3761 1542 3815 ci
1565 3768 1730 3833 empturum,

259 3861 273 3906 s
292 3843 487 3913 aequissimum
506 3860 568 3900 esse
587 3845 709 3900 mandati
726 3845 827 3901 iudicio
845 3846 990 3916 praestari,
1011 3847 1107 3914 quanti
1125 3848 1184 3902 eius
1202 3847 1324 3902 interfuit
1341 3853 1460 3918 emptam
1478 3863 1537 3904 rem
1555 3849 1667 3907 habere.
1703 3852 1731 3906 ls
1749 3863 1778 3902 co

292 3933 370 3987 cruus
388 3932 461 3987 bona
478 3932 618 4003 publicata
636 3939 701 3988 sunt
718 3933 847 3988 mandare
866 3935 946 3989 alicui
964 3939 1064 4004 potest,
1083 3940 1114 3988 ut
1132 3950 1165 3989 ea
1183 3941 1264 4005 emat,
1284 3942 1319 4005 et,
1338 3937 1362 3992 si
1381 3938 1484 4007 emerit,
1502 3939 1579 3993 utilis
1592 3941 1731 3996 critman-

292 4019 349 4075 dati
369 4021 453 4090 actio,
477 4022 502 4076 si
519 4039 574 4077 non
591 4026 714 4092 praestet
729 4021 826 4076 tidem:
850 4023 923 4091 quod
942 4022 1004 4078 ideo
1022 4027 1162 4093 receptum
1181 4029 1236 4094 est,
1255 4025 1320 4094 quia
1336 4025 1482 4095 publicatis
1498 4025 1579 4082 bonis
1598 4028 1732 4100 quidquid

289 4125 453 4197 F[P(VU)]

292 4287 301 4320 ¹
321 4283 400 4361 heres
418 4286 443 4340 ei
462 4287 612 4355 recepisset
629 4290 756 4353 (similiter
773 4287 865 4354 Hali?

292 4425 467 4481 lexaeta‘m’
480 4427 518 4478 Ρ
533 4427 538 4494 Ι
554 4433 655 4496 egero
673 4429 712 4480 F’
756 4429 918 4498 tulpiauus
932 4449 982 4482 cnr.
1035 4445 1097 4485 cum
1116 4431 1155 4483 F²
1208 4430 1243 4485 25
1264 4430 1327 4500 dici]
1346 4431 1374 4484 di
1392 4431 1433 4484 P·
1485 4432 1520 4485 28
1538 4431 1676 4488 *habeam
1698 4433 1733 4489 F‘

292 4506 319 4551 iu
336 4517 375 4567 sp.
392 4515 449 4552 auc.
467 4497 503 4549 F¹
558 4498 665 4552 bidem
684 4518 732 4551 om.
749 4507 775 4552 in
791 4520 900 4571 ιμιιασ.
918 4500 980 4563 iffi
1036 4503 1070 4556 29
1089 4500 1231 4570 experietur
1254 4501 1301 4565 P',
1323 4502 1448 4570 experiar
1470 4502 1539 4555 Pu!
1591 4507 1625 4559 31
1647 4508 1733 4561 setin

291 4569 315 4622 si
333 4583 430 4622 seruus
449 4567 536 4636 meus]
561 4570 605 4632 Ft,
629 4585 725 4653 seruus
749 4586 826 4625 meus
841 4572 872 4655 'si
894 4571 986 4625 F·PU
1035 4587 1098 4626 nem
1118 4573 1158 4626 P¹¹
1180 4574 1184 4637 i
1204 4573 1318 4627 ueniunt
1341 4573 1380 4626 P⁰
1400 4574 1405 4640 1
1426 4575 1640 4644 supposuerunt]
1659 4577 1733 4641 FU,

290 4638 782 4778 ittittdtbiitttttt
802 4643 827 4767 ὅ
839 4648 982 4768 “efflui
1035 4643 1328 4783 bruttiis
1341 4644 1388 4769 ἐξ
1401 4645 1735 4772 ἳῗέξῗξὲῗζξῖῗῗῗῑῶ

291 4783 596 4852 lusom.s'nsp.uac.F¹
619 4752 830 4851 '13pr00n1v'1
863 4785 896 4838 15
906 4731 981 4839 ugan-
1035 4785 1141 4840 oiouem
1161 4731 1224 4838 P‘p
1254 4732 1460 4856 fflsuscelperit
1478 4787 1536 4850 W,
1560 4736 1736 4859 suscepiltlmti

291 4852 357 4907 dato
376 4851 429 4906 PU
467 4853 501 4907 16
520 4853 721 4922 quemadmodo
740 4853 780 4906 P⁰
823 4856 855 4908 19
875 4857 982 4925 utrique
1035 4856 1237 4924 35uniJaniF¹
1273 4859 1307 4912 37
1318 4863 1346 4911 et
1355 4857 1506 4983 ιιιιιὶὶιιιιο
1515 4859 1556 4912 P·
1590 4861 1733 4931 38pr'a'e-

291 4924 331 4977 P‘·
347 4926 351 4989 Ι
367 4921 467 4977 babere
479 4925 527 4988 1²¹,
540 4922 640 4979 babere
653 4939 697 4979 me
713 4923 738 4978 U
770 4926 805 4979 20
817 4926 894 4981 mc'u'
904 4928 931 4981 in
943 4927 983 4980 F’
1034 4929 1103 4984 tium
1121 4928 1160 4980 Γ)
1175 4930 1180 4996 Ι
1196 4927 1300 4997 quanti]
1318 4943 1392 4998 quan

291 4997 324 5048 21
349 4995 462 5050 soluerit
479 4995 516 5048 F·
537 4997 541 5065 Ι
562 4994 772 5066 respondebitur
795 4996 830 5048 F¹
887 4999 922 5052 22
940 4998 983 5052 *si*
