3766 5554
261 211 335 278 XXI
356 214 375 278 2
398 218 514 274 54-60
933 207 988 286 62
995 207 1020 287 8
1385 229 1432 276 nu
1454 227 1696 276 nnrcrronmns

261 385 324 422 nam
343 368 367 421 si
385 368 430 421 alii
448 368 514 421 dare
531 365 637 436 iussus,
661 368 787 436 quamuis
805 384 899 422 ueram
917 369 1050 437 pecuniae
1068 367 1248 436 quantitatem
1268 365 1379 435 dixerit,
1404 369 1510 434 tamen,
1533 366 1557 418 si
1575 380 1630 418 non
1649 364 1697 418 ad·

261 457 396 510 monuerit
414 456 459 510 alii
478 456 544 510 dare
562 456 675 524 iussum,
695 456 838 510 euictionis
857 457 965 510 nomine
984 457 1129 511 tenebitur.

204 547 242 606 55
314 545 464 599 Uarianos
491 543 560 598 libro
584 544 704 599 secundo
729 544 764 599 ad
789 545 908 599 edictum
933 545 1061 599 aedilium
1085 544 1228 598 curulium.
1265 541 1295 596 Si
1318 542 1380 596 ideo
1404 546 1499 596 contra
1523 537 1698 624 [pL-ruffio}
1717 549 1746 604 E

261 639 411 702 emptorem
429 633 578 687 iudicatum
598 638 653 702 est,
672 634 745 702 quod
764 631 863 701 deluit,
883 649 937 688 non
955 634 1134 687 committitur
1152 631 1304 701 stipulatio:
1324 630 1412 698 magis
1430 630 1501 684 enim
1519 636 1630 700 propter
1648 629 1697 683 ab·

261 723 376 776 sentiam
394 722 485 776 uictus
504 722 613 775 uidetur
630 737 712 790 quam
731 721 804 791 quod
823 723 922 776 malam
942 737 1053 776 causam
1071 721 1175 775 habuit.
1203 719 1267 789 quid
1287 734 1361 787 ergo,
1381 719 1403 772 si
1421 719 1466 788 ille
1479 718 1587 787 quidem
1601 723 1698 773 contra
1717 727 1732 768 o

260 826 340 880 quem
360 811 509 864 iudicatum
529 816 572 863 est
590 809 624 863 ad
643 811 772 864 iudicium
792 826 846 864 non
864 809 959 880 adfuit,
979 811 1048 864 alius
1066 814 1158 863 autem
1177 807 1266 862 adfuit
1284 811 1312 860 et
1329 822 1441 860 causam
1457 807 1527 874 egit:
1546 805 1612 875 quid
1623 807 1698 860 dice·

260 899 343 953 mus?
369 903 479 968 utputa
498 903 638 966 acceptum
658 899 767 967 quidem
787 915 849 953 cnm
868 900 971 968 pupillo
990 904 1079 953 tutore
1098 902 1209 952 auctore
1223 895 1274 950 fuit
1289 895 1428 963 iudicium,
1447 894 1496 949 sed
1514 893 1628 948 absente
1647 910 1698 964 pu·

259 989 324 1055 pillo
344 992 418 1042 tutor
437 1003 548 1041 causam
566 987 624 1055 egit
641 991 669 1040 et
687 987 835 1042 iudicatum
855 993 898 1042 est
916 993 1012 1042 contra
1029 991 1162 1042 tutorem:
1181 1000 1265 1054 quare
1284 1000 1339 1038 non
1357 985 1479 1038 dicemus
1498 983 1631 1038 committi
1650 982 1698 1036 sti·

260 1075 448 1145 pulstionem?
474 1075 573 1128 etenim
593 1079 683 1128 actam
702 1090 764 1129 esse
782 1091 893 1130 oausam
912 1078 1001 1146 palam
1021 1081 1072 1130 est.
1106 1074 1219 1128 elsatia
1238 1078 1281 1127 est
1298 1072 1333 1126 ab
1352 1087 1384 1127 eo
1403 1072 1446 1126 cui
1465 1073 1507 1126 ius
1526 1071 1627 1140 agendi
1645 1069 1700 1124 tuit

228 1173 240 1218 1
261 1181 373 1219 creusam
391 1179 452 1218 esse
471 1168 570 1217 actam.
607 1164 747 1217 Praesenti
765 1170 857 1218 autem
876 1165 1012 1219 uenditori
1030 1163 1245 1218 denuntiandum
1265 1167 1321 1215 est:
1345 1161 1404 1216 sine
1423 1167 1515 1216 autern
1533 1160 1618 1228 absit,
1637 1159 1699 1212 sine
1719 1169 1749 1210 ro

260 1268 391 1323 praesens
410 1253 445 1306 sit
463 1257 491 1306 et
508 1267 557 1321 per
575 1266 636 1305 eum
655 1249 705 1306 fiat
722 1267 777 1321 quo
796 1254 885 1307 minua
903 1253 1086 1321 denuntietur,
1106 1251 1290 1306 committetur
1308 1252 1456 1321 stipulatio.

203 1339 241 1397 56
314 1341 433 1395 Paucos
450 1341 518 1395 libro
537 1340 657 1394 secundo
676 1340 712 1394 ad
730 1341 850 1395 edietum
868 1341 995 1395 aedilium
1015 1341 1157 1395 curulium.
1186 1338 1215 1393 Si
1230 1339 1332 1393 dictum
1346 1338 1503 1394 luerituen·
1523 1329 1700 1420 Q
1718 1341 1746 1394 Ε

262 1429 360 1498 dendo,
378 1433 410 1482 ut
428 1429 525 1498 simpla
543 1429 724 1497 promittatur,
743 1430 787 1483 uel
802 1430 912 1498 triplum
925 1435 973 1484 aut
986 1428 1167 1498 quadruplum
1182 1427 1393 1498 promitteretur,
1413 1432 1552 1496 exempto
1565 1431 1700 1496 perpetua

261 1519 369 1572 actione
388 1518 433 1586 agi
451 1517 559 1584 poterit.
588 1532 642 1571 non
660 1523 761 1587 tamen,
780 1523 812 1572 ut
829 1519 929 1586 uulgus
948 1518 1082 1586 opinatur,
1101 1516 1184 1570 etiam
1202 1517 1337 1586 satisdare
1355 1517 1438 1571 debet
1452 1516 1499 1586 qui
1512 1515 1623 1585 duplam
1635 1529 1699 1584 pro-

228 1616 240 1661 1
261 1607 352 1674 mittit,
372 1605 422 1659 sed
440 1603 541 1659 sufficit
559 1605 632 1660 nuda
650 1607 833 1675 repromissio,
852 1607 904 1660 nisi
922 1606 997 1660 aliud
1015 1606 1182 1661 conuenerit.
1216 1604 1245 1660 Si
1264 1607 1475 1675 compromisero
1494 1610 1522 1658 et
1539 1607 1636 1659 eontra
1654 1616 1699 1656 me
1719 1612 1748 1653 rs

261 1695 326 1748 data
343 1693 426 1748 tuerit
443 1693 593 1761 sententia,
619 1694 693 1748 nulla
711 1695 776 1748 mihi
794 1695 866 1749 actio
885 1694 920 1749 de
939 1695 1074 1749 edictione
1093 1693 1185 1748 danda
1203 1699 1246 1748 est
1264 1694 1396 1749 aduersus
1415 1693 1599 1748 uenditorem:
1623 1691 1700 1746 nulla

226 1793 241 1837 2
260 1783 332 1836 enim
351 1782 514 1836 necessitate
533 1787 649 1850 cogente
668 1782 696 1836 id
714 1781 775 1837 ieci.
804 1784 835 1837 ln
854 1784 1031 1853 stipulatione
1050 1783 1149 1851 duplae
1167 1798 1229 1837 eum
1247 1782 1328 1838 homo
1341 1783 1470 1837 uenditor
1481 1782 1567 1851 partis
1579 1779 1699 1834 adiectio

227 1881 241 1926 8
260 1871 416 1925 necessaria
433 1875 483 1939 cst,
505 1870 570 1938 quia
588 1885 643 1924 non
660 1875 752 1940 potest
770 1871 857 1926 uideri
877 1871 886 1942 i
906 1872 987 1926 homo
1005 1872 1120 1940 euictus,
1139 1886 1201 1924 cum
1220 1887 1284 1940 pare
1303 1871 1362 1925 eius
1381 1871 1471 1926 euicta
1489 1876 1540 1925 est.
1577 1867 1615 1938 Si,
1634 1883 1698 1922 oum
1717 1875 1734 1920 l.
1746 1869 1797 1920 sos'

259 1961 348 2028 possit
372 1975 424 2014 usu
448 1975 547 2029 capere
565 1963 685 2029 emptor,
709 1975 764 2015 nou
782 1961 867 2030 cepit,
893 1960 974 2028 culpa
992 1975 1043 2014 sua
1060 1960 1112 2014 hoe
1130 1957 1229 2014 iecisse
1246 1960 1371 2014 uidetur:
1396 1959 1469 2014 unde
1487 1959 1510 2013 si
1529 1959 1637 2012 euictus
1655 1959 1699 2010 est

226 2057 241 2103 4
260 2063 370 2116 seruus,
396 2064 450 2102 non
475 2053 584 2103 tenetur
607 2048 741 2101 uenditor.
779 2037 808 2102 Si
832 2054 976 2117 praesente
1000 2049 1164 2118 promissore
1183 2050 1229 2118 qui
1247 2049 1282 2103 de
1299 2037 1437 2103 euictione
1453 2046 1579 2117 promisit
1596 2049 1626 2099 et
1644 2059 1700 2098 non
1719 2056 1748 2095 rc

227 2146 241 2192 t
260 2137 403 2205 ignorante
425 2137 596 2205 procuratori
619 2136 809 2190 denuntiatum
833 2137 881 2206 sit,
906 2137 1055 2207 promissor
1077 2137 1161 2192 nihilo
1180 2139 1269 2192 minus
1287 2143 1404 2192 tenetur.
1440 2136 1527 2192 Simili
1545 2134 1628 2188 modo
1647 2127 1699 2216 [ie]

226 2236 240 2282 6
259 2228 369 2279 tenetur
387 2230 415 2278 et
433 2225 480 2293 qui
498 2226 612 2293 curauit,
631 2239 665 2278 ne
685 2224 737 2278 sibi
755 2224 910 2279 denuntiari
927 2227 1024 2295 possit.
1052 2225 1107 2281 Sed
1125 2231 1154 2280 et
1172 2227 1195 2280 si
1213 2225 1279 2280 nihil
1296 2226 1440 2281 uenditore
1458 2223 1576 2280 iaciente
1590 2226 1700 2292 emptor

227 2323 240 2368 l
260 2327 426 2382 cognoscere
449 2312 497 2366 ubi
515 2317 589 2367 esset
607 2327 661 2367 nou
680 2313 782 2382 potuit,
808 2312 890 2368 nihilo
908 2313 1000 2369 minus
1016 2315 1200 2370 committitur¹
1213 2316 1361 2384 stipulatio.
1399 2314 1505 2383 Pupillo
1523 2307 1700 2396 [eff—11}

261 2402 343 2456 etiam
362 2402 421 2455 siue
439 2400 537 2455 tutoris
557 2400 719 2455 auctoritate
736 2417 818 2470 posse
837 2402 1000 2474 denuntiari,
1020 2405 1044 2458 si
1061 2407 1135 2460 tutor
1152 2419 1208 2458 non
1219 2408 1342 2474 apparet,
1361 2419 1396 2459 ex
1409 2403 1509 2472 duplae
1522 2403 1700 2472 stipulatione

262 2489 406 2558 benignius
423 2494 563 2558 receptum
583 2505 644 2544 esse
663 2489 808 2544 Trebatius
828 2491 874 2545 ait.
1718 2499 1749 2540 ss

204 2577 243 2636 ot
315 2577 408 2634 (imus
425 2577 495 2632 libro
513 2579 633 2633 secundo
652 2578 688 2632 ad
706 2578 826 2632 edictum
845 2579 972 2634 aedilium
991 2579 1133 2634 curulium.
1162 2579 1270 2635 Habere
1288 2581 1370 2635 licere
1388 2595 1446 2635 rem
1464 2581 1503 2635 ui·
1524 2573 1701 2663 [Quia—oe
1718 2582 1748 2637 E

261 2667 342 2721 detur
360 2670 482 2736 emptor¹
502 2670 530 2721 et
549 2667 572 2722 si
590 2667 627 2737 is,
646 2668 693 2736 qui
712 2673 862 2737 emptorem
880 2669 909 2722 iu
928 2669 1063 2723 edictione
1081 2669 1120 2724 rei
1139 2671 1249 2738 uicerit,
1269 2675 1332 2724 ante
1351 2668 1469 2724 ablatam
1488 2669 1532 2723 uel
1551 2655 1701 2724 amieis}

260 2771 318 2810 rem
337 2757 396 2810 sine
414 2769 573 2810 successore
592 2755 754 2826 decesserit,
779 2758 819 2810 ita
835 2761 868 2811 ut
886 2773 974 2826 neque
993 2757 1028 2812 ad
1045 2755 1143 2812 fiscum
1162 2757 1234 2812 bona
1251 2758 1394 2827 peruenire
1413 2759 1521 2827 possint
1538 2773 1628 2826 neque
1646 2757 1700 2826 pri·

262 2845 347 2899 uatim
371 2860 388 2898 a
409 2843 590 2898 creditoribus
614 2845 742 2899 distrahi:
767 2849 833 2900 tunc
856 2847 928 2900 enim
946 2847 1021 2900 nulla
1039 2847 1170 2916 competit
1187 2847 1303 2916 emptori
1321 2863 1355 2901 ex
1374 2847 1506 2916 stipulatu
1524 2847 1610 2914 actio,
1635 2845 1702 2914 quia

228 2943 242 2988 1
260 2947 317 2987 rem
341 2931 443 2987 habere
467 2932 492 2986 ei
514 2933 586 2987 lieet.
624 2933 702 2998 Quod
726 2949 788 2989 oum
811 2935 851 2988 ita
873 2940 929 3004 est,
953 2935 1111 3005 uideamus,
1134 2951 1200 2990 num
1225 2941 1254 2989 et
1272 2936 1295 2990 si
1314 2935 1349 2990 ab
1367 2950 1401 2990 eo
1419 2935 1465 3004 qui
1483 2935 1581 2988 uicerit
1599 2933 1702 2989 donata
1720 2943 1750 2982 ao

260 3022 388 3090 legataue
409 3037 453 3075 res
471 3019 554 3075 luerit
571 3023 700 3093 emptori,
726 3038 813 3092 aeque
831 3022 977 3078 dicendum
996 3024 1033 3078 sit
1049 3039 1084 3077 ex
1102 3024 1234 3093 stipulatu
1253 3025 1389 3079 actionem
1408 3038 1463 3078 non
1480 3023 1571 3092 nasci,
1596 3021 1702 3077 scilicet

262 3110 285 3164 si
308 3115 455 3178 antequam
480 3108 629 3164 abduceret
646 3112 690 3165 uel
709 3110 830 3167 auferret
847 3112 991 3167 donauerit
1009 3118 1057 3167 aut
1075 3113 1221 3182 legauerit:
1246 3114 1365 3182 alioquin
1384 3112 1470 3168 semel
1487 3111 1637 3166 commissa
1653 3109 1701 3164 sti·

260 3199 365 3267 pulatio
382 3198 483 3252 resolui
501 3213 556 3253 non
573 3203 673 3268 potest.

204 3284 243 3344 58
314 3287 485 3342 Isuonnuus
502 3285 571 3343 libro
589 3289 678 3356 primo
696 3305 731 3344 ex
749 3290 865 3345 Plautio.
899 3289 986 3344 Heres
1004 3304 1114 3344 sernum
1133 3305 1188 3345 non
1207 3289 1367 3344 nominatim
1385 3289 1506 3358 legatum
1526 3279 1702 3369 Q
1719 3289 1749 3344 Ε

261 3375 375 3430 tradidit
392 3381 422 3430 et
439 3375 474 3429 de
493 3375 556 3431 dolo
574 3377 741 3446 repromisit:
759 3382 858 3447 postea
875 3394 972 3434 seruus
991 3380 1098 3434 euictus
1116 3385 1167 3433 est
1196 3393 1279 3448 agere
1297 3393 1360 3433 cum
1378 3376 1479 3432 herede
1495 3375 1649 3446 legatarius
1666 3389 1701 3430 ex
1720 3383 1751 3424 σε

261 3467 426 3520 testamento
445 3465 553 3534 poterit,
572 3467 699 3534 quamuis
717 3465 796 3520 heres
815 3467 933 3521 alienum
952 3482 1015 3522 esse
1032 3483 1142 3523 seruum
1161 3468 1336 3537 ignorauerit.

204 3551 243 3610 59
315 3553 487 3608 Poueomus
505 3551 574 3608 libro
593 3553 715 3608 secundo
733 3567 767 3607 ex
785 3555 901 3610 Plautio.
930 3554 1022 3633 Sires
1040 3570 1122 3625 quam
1141 3556 1243 3611 aTitio
1261 3557 1315 3610 emi
1333 3557 1425 3625 legata
1442 3553 1507 3608 sita
1524 3544 1701 3636 W
1719 3553 1750 3608 E

262 3656 314 3711 me,
334 3657 389 3696 non
405 3647 499 3709 potest
516 3641 665 3711 legatarius
684 3647 836 3698 conuentus
854 3659 871 3696 a
889 3642 999 3698 domino
1017 3645 1057 3699 rei
1075 3644 1210 3700 uenditori
1229 3660 1290 3700 meo
1309 3643 1479 3712 denuntiare,
1497 3641 1550 3696 nisi
1566 3639 1702 3696 cessaeei

261 3727 363 3784 suerint
380 3730 511 3784 actiones.
541 3731 586 3785 uel
603 3730 722 3800 quodam
740 3746 807 3785 casu
824 3729 995 3802 hypothecae
1013 3731 1105 3788 habet.
1720 3735 1753 3777 ³⁹

206 3815 246 3875 60
315 3818 487 3873 Inuonnuus
505 3817 573 3874 libro
592 3818 714 3874 secundo
732 3834 765 3873 ex
778 3818 894 3874 Plautio.
922 3819 952 3875 Si
963 3821 992 3877 in
1004 3821 1277 3877 uenditionedictum
1289 3820 1402 3890 nonsit,
1420 3835 1505 3890 quan-
1525 3811 1703 3902 Q
1722 3819 1751 3872 Ε

263 3931 289 3984 F
292 3931 348 4002 [P(
351 3931 382 3998 V,
400 3941 444 4004 qai
462 3933 543 3988 denuo
562 3941 653 4005 incipit
669 3933 725 3988 u.8
741 3937 816 3988 tutor
834 3950 955 4005 oausam,
977 3935 1024 4006 [ἢ]

263 4099 273 4134 ¹
292 4099 407 4166 emptori
425 4101 524 4170 (addit

263 4257 432 4328 lquamuis]
447 4274 529 4329 quam
544 4261 582 4314 P*
598 4262 604 4328 Ι
619 4261 641 4315 si
661 4279 710 4316 om.
724 4262 764 4314 P·
811 4263 954 4318 deuictus
1007 4264 1063 4326 περὶ
1081 4264 1130 4319 rire
1148 4264 1255 4335 ueprrric
1272 4263 1354 4327 εῩτοῨ
1371 4261 1530 4317 excaecasse
1546 4261 1702 4332 B(Tipue.)

262 4327 315 4380 PU
348 4330 445 4384 liebus
458 4332 837 4400 antemumnonroadfuit
848 4335 954 4399 om.P⁰,
1009 4337 1042 4390 19
1061 4336 1156 4405 possit]
1175 4342 1239 4406 post
1250 4337 1297 4402 P·,
1315 4340 1407 4407 potest
1425 4335 1467 4398 γ’,
1485 4339 1582 4402 posset
1596 4329 1705 4384 1²th

263 4398 437 4454 adiudicium
494 4401 781 4458 Sindicatumestom.
795 4405 829 4458 U·
854 4406 953 4475 liquid]
1008 4407 1043 4461 20
1061 4407 1096 4461 de
1114 4408 1234 4462 nictione
1252 4407 1292 4462 P·
1339 4410 1373 4462 21
1391 4406 1473 4462 simili
1491 4403 1575 4459 modo
1592 4407 1704 4456 tenetur

262 4470 309 4538 qui
322 4470 398 4524 ΡΨ*
445 4473 591 4528 'lauciora
609 4493 657 4527 em.
670 4474 710 4527 P·
754 4476 877 4529 sactum
891 4477 951 4544 F¹l
1008 4477 1109 4532 om.P·
1144 4479 1179 4533 22
1192 4477 1336 4533 curabitF¹
1372 4472 1703 4546 espupillum...2toe

262 4539 307 4594 oui
324 4541 376 4610 ius]
397 4542 474 4596 euius
494 4544 612 4598 P⁶V⁰U·
656 4546 690 4598 10
708 4545 902 4601 denunciatum
916 4547 955 4600 P·
1008 4549 1134 4603 nuntiare
1152 4551 1254 4604 uidetur
1270 4553 1361 4621 lepiaee
1374 4549 1539 4619 Anonymue:
1557 4543 1701 4598 inobtusa·

262 4611 297 4665 13
315 4613 527 4682 promitteretur]
546 4615 720 4683 promittetur
736 4617 771 4680 P,
796 4619 955 4686 promitteu-
1009 4620 1125 4683 ueniunt
1142 4620 1191 4682 τοῨ
1208 4618 1349 4691 ὲπιτρόηογ
1368 4618 1431 4673 κατὰ
1449 4617 1593 4681 orltraoou
1609 4614 1701 4668 diau-

261 4684 307 4735 tur
329 4683 362 4736 U·
416 4685 449 4740 15
468 4686 721 4754 sicompromisoro
744 4692 773 4752 et
796 4693 954 4744 contremo
1009 4701 1057 4744 occ
1079 4691 1241 4760 nuperrime:
1267 4692 1305 4756 B,
1326 4698 1428 4745 omnino
1452 4691 1518 4742 male
1570 4687 1607 4740 24
1634 4685 1693 4738 sinc

262 4751 328 4806 data
349 4751 433 4809 luerit
453 4757 599 4824 sententia]
626 4757 652 4809 F
664 4765 688 4810 et
708 4777 738 4812 ea
757 4759 890 4830 Py(eann)
913 4759 954 4825 U‘,
1007 4762 1066 4815 siue
1080 4762 1119 4815 P⁰
1154 4763 1189 4816 25
1201 4761 1337 4831 benignus
1349 4761 1428 4816 P⁶U·
1463 4755 1692 4813 26*a⁴udiliumF

262 4824 286 4877 si
304 4826 467 4880 sententiam
486 4827 533 4891 1²⁶,
557 4828 616 4882 sine
634 4829 771 4882 sententia
790 4830 873 4894 ΡΨ,
892 4846 954 4885 seu·
1007 4833 1041 4886 al
1060 4831 1180 4887 oblatam
1199 4833 1240 4888 P⁰
1282 4835 1318 4888 30
1336 4833 1362 4887 oi
1380 4831 1481 4886 habore
1499 4827 1582 4882 PVU
1624 4827 1662 4880 40
1675 4825 1703 4879 in

262 4896 350 4950 tentia
364 4897 406 4950 V?
438 4898 470 4952 17
481 4898 508 4951 in
518 4897 694 4967 stipulatione
705 4939 724 4952 ..
734 4939 739 4952 .
749 4901 835 4969 partis
845 4921 893 4955 om.
903 4903 938 4953 Ρ
946 4918 953 4956 :
1008 4919 1056 4956 om.
1070 4904 1110 4956 Ρ·

262 4966 360 5030 tollor
377 4969 585 5039 urupacuouiuor
596 4969 722 5039 χρειῶεὲε
737 4968 805 5025 terra
818 4969 953 5043 inopertis
