3734 5578
191 295 236 344 mr
257 293 429 344 marcono
452 293 622 343 roronem
870 269 958 350 765
1344 275 1448 344 XXVI
1470 278 1488 343 i
1509 283 1625 340 ιιι-ιιι

192 434 291 490 tuteris
308 431 336 489 id
353 435 488 504 postulet:
513 434 537 488 si
555 439 648 488 tamen
664 431 785 488 nendum
803 429 855 486 imi
872 432 991 502 pupillus
1009 435 1115 501 petest,
1138 437 1170 486 ut
1191 439 1395 501 procuratorem
1417 433 1508 490 iacere
1530 435 1625 506 pessit,

159 531 171 575 1
192 529 241 578 ant
257 521 358 578 absens
376 523 426 592 sit,
448 526 515 577 tune
533 527 610 578 aeter
627 523 782 578 necessarie
801 520 1009 576 constituendus
1027 525 1078 575 est.
1116 519 1145 575 Si
1168 520 1276 576 dnobus
1298 521 1379 577 simul
1402 524 1489 578 tutela
1505 522 1627 593 gerendo

191 611 326 682 permissa
343 615 386 666 est
403 612 448 666 uei
467 627 484 666 ι
501 617 615 681 parente
634 611 678 666 uel
697 627 714 666 ι
731 608 919 666 eontutoribus
943 609 987 664 uel
1011 625 1029 663 a
1051 608 1270 679 magistratibus,
1294 609 1414 681 benigne
1436 612 1626 682 accipiendum

191 703 235 754 est
252 699 336 754 etiam
355 700 401 754 oni
419 714 501 769 agere
519 699 691 769 permissum,
709 699 775 768 quia
792 699 847 755 dne
865 699 945 754 simui
964 713 1046 767 apere
1064 713 1119 754 nen
1136 705 1261 769 pessunt
1645 711 1660 752 a

134 787 173 846 25
246 786 396 844 Uuersuus
413 789 482 844 libre
500 789 582 845 tertie
600 787 707 843 decimo
725 788 761 842 ad
779 788 907 844 edictum.
941 787 970 843 si
989 787 1100 842 mineris
1119 793 1210 844 actum
1228 785 1311 844 fcerit
1326 803 1390 844 cum
1409 795 1451 844 tn·
1470 784 1627 874 [HQ
1645 792 1673 848 E

191 875 296 932 toribus
315 877 512 934 adsistentibus
529 876 700 933 curatoribus
719 883 746 932 et
764 877 882 947 pupillus
900 876 936 932 eb
954 875 1006 931 bec
1023 876 1112 945 egomt
1129 891 1190 932 cum
1209 877 1381 933 curatoribus
1401 883 1431 934 et
1447 880 1474 934 ei
1492 880 1547 934 sint
1563 896 1626 934 cen-

190 965 312 1020 demoati
331 967 358 1021 in
376 965 405 1021 id
423 966 496 1037 qood
515 982 566 1022 sna
583 967 714 1022 intererat
732 965 844 1020 minoris
862 971 967 1020 tutores
991 965 1073 1035 eulpa
1095 979 1189 1022 cerum
1207 966 1403 1024 cendemnatos
1421 983 1475 1023 nen
1493 983 1567 1024 esse:
1591 985 1627 1024 sn
1744 999 1752 1014 ·

189 1055 328 1110 restitutio
351 1054 485 1110 adnersm
507 1059 613 1110 tutores
637 1054 746 1110 cesset?
778 1060 807 1109 et
828 1053 995 1122 Papinianus
1021 1067 1214 1124 responsorum
1243 1055 1312 1111 lrbre
1338 1057 1459 1112 meando
1482 1057 1521 1111 ait
1543 1055 1627 1112 nihilo

191 1143 282 1198 minus
299 1159 381 1214 pesse
399 1145 507 1200 restitui
525 1143 673 1200 etidcirco
691 1149 839 1211 curatores,
859 1144 882 1198 si
900 1143 1022 1198 nendum
1033 1143 1183 1200 iudicatum
1196 1141 1328 1214 iecerunt,
1345 1159 1428 1214 posse
1443 1151 1626 1216 prouocantes
1646 1156 1658 1196 e

189 1248 241 1303 per
255 1235 446 1304 exceptionem
465 1233 519 1289 deii
538 1233 677 1303 consequi,
699 1233 787 1288 ateis
806 1231 970 1288 mandentur
989 1232 998 1302 ΙΙ
1019 1232 1152 1288 aduersus
1169 1237 1276 1289 tutores
1293 1235 1423 1290 actiones.
1451 1234 1517 1304 quid
1534 1240 1627 1290 ιιιιιιιι
1644 1241 1717 1289 taes

190 1323 216 1377 si
233 1323 287 1378 iam
305 1320 431 1378 iecerunt
447 1322 596 1378 iudicatum
616 1321 776 1377 curatores?
798 1321 920 1391 proderit
943 1322 995 1377 hec
1017 1320 1166 1391 tutoribus,
1190 1323 1318 1392 queniam
1342 1321 1407 1379 nihil
1424 1323 1522 1379 minori
1539 1323 1626 1392 abest,

190 1411 239 1481 qui
256 1411 292 1466 de
309 1411 413 1482 praeda
430 1411 518 1482 magis
542 1427 625 1482 quam
648 1410 683 1466 de
707 1411 807 1466 damno
830 1411 962 1468 sellicitus
980 1415 1037 1481 est,
1062 1410 1114 1466 uisi
1136 1408 1205 1468 iente
1225 1411 1355 1468 mandare
1373 1411 1495 1468 ιιιιίοιιιι
1513 1417 1627 1482 paratrs

191 1501 228 1555 sit
245 1501 426 1556 curatoribus.

108 1587 173 1648 026
244 1589 363 1646 Paetus
380 1588 449 1644 libre
468 1587 599 1644 uicesimo
618 1591 716 1656 quarte
734 1587 771 1643 ad
788 1587 917 1644 edictum.
950 1589 1014 1643 Οιιιι
1026 1593 1151 1644 curatore
1164 1594 1192 1644 et
1204 1603 1253 1658 pre
1265 1592 1356 1644 tutore
1368 1589 1452 1644 etiam
1470 1585 1626 1674 [c‘e‘r‘r]
1644 1595 1672 1650 Ε

191 1684 319 1734 manente
337 1678 573 1734 administratione
591 1678 638 1747 agi
655 1683 756 1748 petest.
1646 1689 1675 1731 ιι

132 1761 173 1819 27
244 1767 322 1822 leem
339 1766 408 1823 libro
426 1767 543 1836 septime
562 1766 597 1821 ad
609 1765 754 1821 Plautium.
784 1767 879 1834 iuter,
898 1766 945 1835 qui
962 1765 1077 1821 tutelam
1094 1765 1174 1836 gerit,
1192 1769 1324 1836 quantum
1342 1767 1377 1822 ad
1389 1781 1450 1838 pre·
1469 1763 1625 1852 [iffi-r]
1645 1771 1673 1826 E

190 1855 342 1912 uidentiam
360 1857 521 1926 pupillarem
539 1855 642 1910 demini
660 1855 721 1910 lece
740 1853 834 1910 baberi
852 1853 942 1909 debet.

131 1939 173 1998 28
244 1945 426 2001 Maaeunnus
444 1943 513 2000 libro
531 1950 630 1999 octauo
643 1943 820 2012 digestorum.
856 1943 944 1998 Tutor
961 1957 1011 2013 pro
1029 1942 1132 2012 pupille
1150 1942 1178 1996 in
1190 1942 1321 2000 indicium
1335 1947 1449 2000 uocatos
1461 1943 1627 2000 sollemniter
1645 1940 1673 1996 E

192 2033 281 2089 cauit:
305 2034 329 2089 si
347 2035 418 2089 inter
435 2048 525 2088 meras
543 2047 612 2102 puer
630 2031 666 2086 ad
683 2032 856 2102 pubertatem
880 2033 1018 2102 peruenit,
1043 2047 1098 2087 nen
1121 2037 1163 2087 cst
1186 2032 1327 2102 cogendus
1345 2034 1469 2102 accipere
1486 2031 1625 2088 iodicium.

157 2131 171 2175 ι
191 2123 292 2192 Tutor,
314 2123 361 2192 qui
380 2127 443 2193 pest
459 2121 633 2192 pubertatem
656 2121 750 2191 popilii
773 2121 946 2190 negotiorum
970 2120 1029 2176 eius
1052 2119 1288 2178 administratione
1311 2121 1451 2192 abstinuit,
1470 2115 1627 2205 [ffiT-rt
1645 2134 1674 2174 so

192 2225 290 2267 usuras
313 2219 454 2281 praestare
478 2225 532 2266 non
556 2209 776 2281 debeturque
800 2211 900 2280 optolit
921 2209 1079 2282 pecuniam:
1107 2210 1278 2280 quinetiam
1302 2210 1401 2266 iustius
1426 2209 1491 2266 mihi
1518 2211 1627 2268 uidetur

191 2315 254 2356 som
272 2315 422 2370 perquem
440 2315 495 2356 non
513 2299 597 2368 stetit,
615 2314 672 2370 qne
689 2300 780 2356 minna
798 2305 950 2356 cernemus
967 2299 1124 2356 restitueret
1137 2299 1260 2369 tutelam,
1279 2298 1314 2354 ad
1331 2300 1544 2370 praestationem
1561 2315 1626 2356 uso·

191 2405 283 2444 rarum
308 2404 362 2444 non
385 2389 519 2460 compelli.
543 2387 695 2445 Uarianos
717 2393 806 2444 notat:
826 2405 881 2446 nen
899 2387 1002 2444 sufficit
1019 2390 1150 2460 optulisse
1156 2431 1163 2460 ,
1187 2389 1240 2444 nisi
1260 2394 1289 2444 et
1307 2389 1436 2460 deposuit
1453 2388 1626 2458 obsignatam

191 2483 253 2534 toto
271 2479 300 2534 in
317 2479 386 2534 ioco.
1645 2487 1676 2528 aa

131 2567 174 2626 29
244 2567 425 2622 Maacucuee
434 2565 504 2622 libre
515 2569 614 2622 oetaeo
626 2565 805 2636 digestorum.
829 2565 1001 2634 maximeque
1014 2565 1142 2622 heredem
1156 2567 1267 2623 tutoris:
1280 2583 1343 2622 nam
1353 2567 1452 2638 perini-
1470 2562 1626 2651 [Hi—sos
1644 2570 1673 2624 ii

191 2671 277 2726 quum
295 2660 339 2712 est
356 2669 428 2725 enm,
446 2655 491 2710 eni
508 2653 578 2710 ierte
596 2659 660 2726 pest
677 2655 774 2724 uiginti
793 2669 879 2710 annes
898 2655 942 2710 ocl
960 2655 1076 2725 amplius
1088 2656 1117 2710 in
1129 2663 1247 2712 mentem
1260 2657 1337 2712 uenit
1348 2658 1461 2714 tutelam
1474 2671 1626 2728 reposcere,

192 2745 275 2800 etiam
293 2760 392 2800 usuras
411 2744 560 2814 postolare.

131 2834 175 2893 30
246 2835 323 2889 loru
340 2832 409 2889 iibre
427 2833 560 2888 uicesimo
577 2832 665 2902 prime
678 2831 856 2902 digestorum.
886 2829 1003 2886 Tutoris
1014 2833 1191 2904 praecipuum
1209 2837 1252 2889 est
1269 2831 1398 2904 officium,
1416 2849 1451 2890 nc
1470 2827 1627 2918 ΜΕ)
1645 2837 1673 2892 Ε

191 2922 363 2979 indefensum
382 2923 514 2992 pupillum
532 2921 676 2992 relinquet.
1646 2933 1674 2974 aa

130 3013 171 3072 31
245 3013 439 3068 dionaeo-mus
455 3009 525 3066 libre
542 3011 631 3080 prime
648 3011 864 3066 excusationum.
895 3009 960 3064 Diui
978 3009 1097 3065 Βιιιιιιιιι
1114 3015 1143 3066 st
1160 3010 1314 3066 Antoninus
1328 3011 1448 3082 Augusti
1467 3007 1626 3095 [ussum
1645 3017 1672 3072 li

192 3101 289 3170 Sergio
307 3101 420 3170 iuliane.
449 3099 563 3168 ⁸Forma,
582 3114 637 3169 qus
654 3099 755 3169 singoli
772 3103 887 3168 tutores,
903 3101 987 3168 prout
1004 3099 1120 3168 quisquc
1138 3100 1225 3169 gessit
1242 3100 1365 3170 tutelam,
1386 3115 1580 3171 nonnunquam
1598 3103 1626 3156 in

193 3189 317 3246 'solidum
335 3193 471 3258 tenentur,
490 3188 634 3243 dumtaxat
650 3188 723 3243 intra
740 3187 892 3258 pubertatis
910 3195 1034 3258 tempera
1051 3188 1141 3244 lecum
1159 3187 1255 3259 babet,
1278 3205 1332 3245 nen
1354 3189 1437 3245 etiam
1456 3191 1479 3246 si
1496 3197 1560 3261 pest
1576 3205 1626 3261 pn·

192 3279 334 3334 beroem
353 3275 620 3334 administraueriut'.

131 3370 172 3430 32
245 3369 324 3423 lours
339 3367 408 3422 libre
426 3372 506 3424 sexte
523 3381 726 3436 responsorum.
762 3363 827 3422 Sine
844 3365 945 3422 beredo
963 3371 1038 3422 tuter
1055 3365 1186 3422 decessit:
1212 3381 1327 3437 quaere,
1351 3381 1387 3422 an
1405 3381 1451 3422 eu·
1469 3361 1626 3450 [oses-iffi
1645 3371 1672 3425 Ε

191 3461 268 3512 rator
284 3456 387 3526 pupilio
405 3456 496 3525 datus,
514 3470 577 3510 cum
596 3471 684 3526 neque
702 3455 855 3511 incentoria
872 3469 961 3525 neque
979 3455 1034 3511 aiis
1050 3455 1232 3510 instromenta
1248 3471 1267 3509 a
1283 3453 1443 3511 fideiussore
1463 3456 1562 3511 tuteris
1581 3472 1626 3512 cx·
1646 3467 1674 3509 ss

192 3544 352 3616 biberetur,
374 3546 463 3615 pessit
479 3545 596 3600 eundem
619 3543 807 3600 fideiussorem
831 3545 978 3600 conuenire
1000 3559 1034 3600 ex
1058 3545 1246 3614 stipulatione,
1270 3545 1365 3613 quanti
1387 3545 1482 3615 pnpilli
1504 3545 1625 3600 interest

192 3634 363 3690 biedestinns
381 3635 523 3704 respondit
546 3634 575 3688 in
602 3633 645 3688 id¹
664 3633 738 3703 qued
762 3637 836 3688 tuter
855 3633 994 3689 eenoemri
1016 3635 1119 3704 potuit,
1141 3631 1330 3688 fideiussorem
1354 3648 1463 3704 queque
1487 3633 1627 3690 conueniri

158 3741 171 3786 1
192 3737 285 3794 pesse.
320 3723 490 3779 Modestinus
509 3722 650 3794 respondit
667 3722 796 3778 damnum
815 3723 930 3793 siquod
949 3723 1049 3778 accidit
1066 3739 1113 3793 eo,
1137 3723 1202 3792 quia
1219 3723 1360 3778 cautiones
1384 3723 1465 3778 soloti
1483 3723 1626 3792 uectigalis

192 3813 322 3868 inuentae
340 3827 395 3866 nen
412 3816 490 3880 sunt,
515 3811 550 3866 ad
568 3817 700 3880 tutorem,
725 3812 803 3866 cuius
827 3811 901 3866 nulia
918 3812 1000 3881 eulpa
1018 3812 1139 3868 admissa
1155 3813 1328 3882 proponitur,
1354 3811 1464 3866 minime
1482 3813 1626 3882 pertinere.

157 3901 363 3956 ttiedestinus
382 3901 523 3970 respondit
539 3905 656 3956 tutorem
675 3915 769 3956 eornm
794 3899 930 3955 redituum
952 3901 1061 3956 nemine
1084 3901 1216 3956 radonem
1241 3899 1360 3969 pupillae
1381 3899 1496 3955 reddere
1518 3899 1626 3971 debere,
1645 3913 1673 3954 se

158 3999 174 4044 t
192 3991 241 4060 qui
259 4003 294 4044 ex
311 3987 396 4045 sende
414 3989 487 4046 bena
505 3987 558 4045 fide
576 3989 680 4060 percipi
698 3993 852 4060 potuerunt.
882 3989 951 4044 item
963 3989 1113 4060 respondit,
1132 3991 1155 4045 si
1170 3990 1259 4046 minus
1272 4006 1289 4043 a
1300 4003 1381 4045 seruo
1393 3994 1467 4044 tuter
1478 3990 1626 4060 percepit²,

192 4093 277 4148 quam
296 4077 439 4134 bonafide
457 4094 492 4134 ex
509 4076 595 4134 tunde
613 4077 716 4148 percipi
733 4079 836 4147 potuit,
860 4092 895 4133 er
918 4091 965 4146 ce,
990 4078 1024 4133 dc
1042 4093 1098 4148 que
1116 4080 1235 4149 pupillae
1256 4079 1293 4133 sit
1309 4077 1469 4147 obstrictus,
1494 4085 1625 4148 quantum
1665 4121 1666 4124 ι

192 4183 228 4223 ex
246 4168 353 4238 peculio
376 4169 450 4222 serni
473 4167 577 4223 seruari
599 4167 698 4237 pessit,
722 4165 811 4221 cidem
837 4167 919 4222 tutori
942 4166 1075 4237 preficere
1099 4167 1214 4236 debere,
1238 4168 1343 4223 scilieet
1363 4167 1387 4222 si
1410 4183 1465 4222 non
1487 4168 1627 4238 perditore

157 4265 275 4312 ιιιιιιο
293 4256 554 4312 administrationem
578 4255 702 4312 credidit.
737 4256 904 4326 Interposito
925 4261 1050 4312 ouramre
1072 4256 1233 4312 adnlesmns
1258 4255 1374 4310 iundum
1391 4256 1464 4311 Titio
1488 4256 1626 4312 uendidit:

192 4351 292 4416 postea
309 4345 424 4416 adgnita
439 4345 536 4402 fraude
554 4347 583 4402 in
600 4346 736 4416 integrum
754 4345 898 4400 restitutus
916 4345 944 4400 in
955 4346 1157 4416 possessionem
1170 4345 1262 4400 induci
1276 4345 1367 4400 iussus
1380 4351 1435 4400 est:
1454 4361 1564 4418 quaero,
1580 4363 1626 4417 an,
1645 4359 1674 4400 ιι

192 4460 357 4532 ΠΨΕΙΟ)

196 4623 206 4658 ¹
222 4619 253 4675 id
271 4623 318 4676 det.
390 4621 525 4692 ¹recepit
541 4621 645 4690 (Hati‘i

195 4769 381 4825 cacconem
427 4772 461 4828 14
470 4772 542 4840 com]
555 4771 605 4826 GE
612 4772 667 4836 (abt
678 4773 817 4826 adnotetur
826 4771 885 4826 beo
936 4772 972 4827 35
989 4771 1062 4842 eum]
1075 4772 1156 4827 F’EI
1167 4772 1221 4836 (abi
1238 4779 1264 4825 in
1280 4791 1339 4826 mar
1357 4793 1378 4826 .:
1394 4788 1437 4842 p.:
1455 4771 1488 4826 ai.
1499 4771 1625 4836 at...)0,

196 4841 274 4896 deest
286 4841 428 4912 Piisisiii,
442 4863 491 4896 cm.
503 4843 573 4897 FW:
592 4841 705 4908 ’tuirstat
720 4843 884 4914 ὁκογριτωρ
937 4859 999 4898 cum
1017 4859 1078 4898 eum
1098 4845 1143 4908 ΓΙ,
1162 4858 1224 4898 eum
1243 4857 1305 4898 eum
1405 4844 1440 4898 36
1458 4842 1562 4912 quanti]
1580 4841 1625 4904 Ρ,

196 4914 234 4968 asi
254 4913 388 4968 dtreradra
402 4912 591 4986 oetnirponoc
605 4914 751 4985 B(Tiprrc.)
797 4917 830 4969 16
849 4915 884 4970 sd
937 4921 1038 4983 quanio
1051 4915 1155 4968 F’EIO
1206 4915 1241 4969 38
1259 4913 1438 4982 modestinus]
1458 4911 1626 4975 continuetl,

195 4985 393 5053 prouidentiam
417 4985 587 5056 pupillarem]
616 4983 644 5038 'aa
673 4985 730 5040 reic
753 4984 883 5048 becacio
937 4989 952 5040 1.
966 4995 1012 5042 inc.
1027 4985 1141 5041 FWEO
1153 4987 1158 5052 Ι
1174 4985 1247 5054 qued
1263 4983 1372 5041 ‘datum'
1388 4983 1488 5040 accidit
1505 4985 1556 5038 Εἰ
1575 4981 1627 5036 “bie

195 5055 242 5111 rba
255 5056 509 5130 daateaBfflpuc.)
555 5055 754 5126 2brnareellus]
767 5057 839 5112 idem
848 5058 885 5111 F’
936 5058 1009 5114 mula
1024 5059 1117 5114 iecra
1134 5056 1249 5114 uidetur'
1263 5058 1281 5112 1
1296 5066 1323 5112 in
1340 5065 1456 5128 mercius
