3738 5550
250 279 339 346 XVII
361 281 380 344 2
400 285 435 339 52
496 305 498 316 ·
923 265 1012 348 504
1616 293 1688 343 rao

250 437 274 492 si
297 452 382 507 pecus
405 435 578 490 aestimatum
602 433 697 488 datum
721 433 758 487 sit
781 437 810 488 et
832 431 859 487 id
878 429 1019 487 latrocinio
1038 437 1087 487 ant
1104 431 1229 488 incendio
1247 431 1371 502 perierit,
1395 447 1539 488 commune
1557 432 1687 488 &mnam

251 533 301 594 est,
321 527 344 580 si
360 525 424 580 nihil
438 524 500 579 dolo
514 529 562 578 aut
573 523 653 593 culpa
671 522 800 576 acciderit
812 523 878 590 eius,
897 522 944 590 qui
957 523 1129 576 aestimatum
1143 518 1153 590 li
1166 537 1251 591 pecus
1263 523 1414 592 acceperit:
1432 522 1505 591 quod
1518 523 1541 576 si
1553 521 1688 578 alaribus
1707 524 1724 571 t
1736 521 1786 572 251'

251 615 410 684 subreptum
429 614 473 682 sit,
493 612 631 682 proprium
650 613 709 666 eius
727 611 919 666 detrimentum
938 615 995 678 est,
1013 611 1078 679 quia
1096 610 1248 666 custodiam
1266 617 1407 680 praestare
1425 610 1527 680 debuit,
1546 612 1593 680 qui
1606 612 1690 666 aesti-

251 708 355 758 matum
380 704 494 771 aceepit.
528 701 596 754 haec
613 715 680 754 uera
697 705 775 768 sunt,
798 705 827 753 et
844 715 893 769 pro
912 701 988 755 socio
1006 700 1058 754 erit
1076 700 1161 768 actio,
1186 700 1209 754 si
1229 699 1311 756 modo
1328 700 1469 755 societatis
1486 697 1690 754 contrahendae

218 799 233 845 4
252 807 336 846 causa
353 791 493 861 pascenda
510 791 576 844 data
594 797 658 844 sunt
678 789 804 859 quamuis
828 789 982 844 aestimata.
1019 787 1134 854 Quidam
1158 789 1294 857 sagariam
1318 789 1532 858 negotiationem
1550 782 1723 871 [ᾗῇ-οἰῶ

251 881 388 936 coierunt:
412 880 480 934 alter
498 895 532 934 ex
550 879 593 933 his
611 879 647 933 ad
665 893 770 933 merces
788 877 986 946 comparandas
1002 875 1142 946 proiectus
1160 878 1188 931 in
1206 878 1325 932 lenones
1342 876 1439 931 incidit
1455 891 1591 946 suamque
1606 893 1690 946 peco-

251 969 324 1023 niam
346 968 479 1038 perdidit,
505 969 578 1022 serui
600 969 660 1022 eius
683 967 818 1024 uulnerati
836 971 901 1021 sunt
918 981 1016 1035 resque
1033 967 1159 1036 proprias
1176 966 1304 1036 perdidit.
1336 965 1404 1020 dicit
1419 965 1542 1020 Iulianus
1559 966 1690 1020 damnum

252 1071 313 1111 esse
335 1072 478 1111 commune
495 1057 611 1125 ideoque
630 1055 736 1110 actione
754 1070 804 1124 pro
822 1056 912 1110 socio¹
932 1055 1025 1110 damni
1042 1061 1148 1124 partem
1167 1055 1307 1109 dimidiam
1326 1053 1495 1122 adgnoswe
1513 1053 1614 1109 debere
1631 1059 1689 1110 taur

251 1145 385 1216 pecuniae
403 1160 485 1213 quam
505 1159 594 1200 rerum
613 1150 778 1213 notatarum,
797 1159 866 1213 quas
883 1158 977 1198 secum
997 1157 1050 1198 nou
1068 1143 1178 1198 tulisset
1196 1145 1287 1198 socius
1305 1143 1357 1198 nisi
1376 1142 1411 1196 ed
1430 1157 1535 1198 merces
1552 1145 1690 1199 communi

252 1235 361 1290 nomine
386 1233 584 1302 comparandas
608 1232 832 1303 proficisceretur.
866 1231 914 1286 sed
933 1237 962 1286 et
980 1233 1003 1287 si
1021 1233 1087 1302 quid
1106 1231 1133 1287 in
1152 1232 1273 1286 medicos
1291 1232 1445 1300 impensum
1462 1237 1518 1302 est,
1542 1248 1593 1302 pro
1611 1239 1691 1302 parte
1710 1239 1739 1279 1⁰

252 1324 356 1377 socium
380 1337 529 1391 agnoscere
552 1322 653 1377 debere
677 1320 828 1376 rectissime
850 1321 972 1376 lulianus
994 1319 1102 1392 probat
1136 1320 1250 1390 proinde
1268 1325 1297 1374 et
1315 1322 1338 1374 si
1355 1319 1499 1390 nonnemo
1516 1320 1583 1390 quid
1600 1321 1690 1391 periit,

253 1427 314 1466 curn
328 1427 382 1466 non
395 1411 462 1465 alias
476 1423 579 1468 merces
591 1427 672 1480 quam
686 1410 749 1464 naui
762 1411 881 1464 solerent
892 1409 1001 1479 adtrahi,
1020 1410 1149 1465 damnum
1163 1408 1244 1464 ambo
1257 1409 1388 1464 sentient:
1407 1425 1470 1464 nam
1482 1410 1563 1464 sicuti
1575 1400 1690 1478 lucrum,

220 1510 234 1556 5
252 1500 291 1554 ita
310 1499 439 1553 damnum
456 1513 565 1568 qnoque
584 1513 728 1554 commune
746 1513 808 1552 esse
826 1502 941 1568 oportet,
960 1498 1034 1567 quod
1052 1513 1107 1554 uon
1120 1499 1201 1567 culpa
1214 1497 1281 1553 socii
1293 1498 1436 1566 contingit.
1462 1498 1530 1554 Gum
1564 1509 1650 1571 epm,
1661 1512 1691 1556 ra

252 1588 307 1643 duo
326 1593 405 1642 erant
423 1587 570 1656 argentarii
589 1588 665 1657 socii,
684 1588 752 1641 alter
769 1601 863 1641 eorum
881 1587 984 1656 aliquid
1002 1587 1151 1656 separatim
1165 1588 1320 1656 quaesierat
1332 1591 1360 1641 et
1372 1587 1440 1642 lucri
1452 1574 1691 1658 asenec]

252 1675 376 1746 rebatur,
399 1693 435 1731 an
459 1691 602 1732 commune
626 1690 688 1732 esse
710 1677 815 1730 luorum
834 1679 980 1745 oporteret.
1013 1679 1042 1730 et
1059 1675 1207 1744 imperator
1224 1674 1343 1731 Seuerou
1362 1675 1457 1730 Flauio
1474 1674 1558 1730 Felici
1575 1676 1604 1730 in
1621 1675 1692 1730 lraee
1710 1680 1739 1723 ¹³

252 1764 338 1820 uerba
355 1766 508 1835 rescripsit:
528 1765 642 1820 'etiamsi
660 1765 779 1820 maxime
797 1765 968 1833 argentariae
987 1765 1104 1819 societas
1122 1765 1191 1820 inita
1208 1770 1259 1834 est,
1277 1763 1351 1833 quod
1365 1764 1481 1833 quisque
1492 1764 1691 1819 mensuum

253 1852 315 1909 'uon
339 1869 374 1908 ex
398 1854 554 1923 argentaria
572 1869 657 1908 causa
674 1853 805 1922 quaesiit,
830 1853 859 1906 id
877 1853 913 1907 ad
931 1853 1150 1908 communionem
1167 1867 1222 1908 non
1239 1853 1377 1922 pertinere
1395 1851 1529 1922 explorati
1546 1853 1612 1906 iuris
1630 1851 1691 1908 est'.

219 1953 234 1998 e
252 1942 418 2013 Papinianus
435 1957 546 2012 qnoque
563 1941 632 1996 libro
649 1942 731 1997 tertio
749 1955 940 2010 responsorum
960 1943 1012 1996 ait:
1030 1942 1054 1996 si
1066 1940 1165 1996 iratres
1177 1942 1329 2010 parentium
1343 1940 1475 1996 indiuisus
1487 1940 1533 1996 be·
1565 1952 1692 2012 uptote

252 2031 383 2086 reditates
408 2031 470 2086 ideo
493 2031 677 2098 retinuerunt,
699 2033 731 2084 ut
749 2031 961 2085 emolumentum
980 2045 1013 2084 ac
1031 2030 1161 2085 damnum
1179 2031 1207 2085 in
1226 2029 1268 2084 his
1286 2043 1429 2084 commune
1448 2018 1693 2100 sentirent-Euo]

220 2130 234 2175 'l
253 2120 362 2175 aliunde
380 2119 548 2188 quaesierint
564 2119 592 2173 in
610 2133 756 2177 commuue
773 2133 827 2174 uon
845 2119 993 2187 redigetur.
1022 2119 1092 2174 Item
1110 2133 1146 2172 ex
1164 2117 1238 2173 iacto
1255 2119 1409 2173 consultum
1423 2117 1597 2188 respondisse
1615 2115 1692 2203 Q)
1711 2128 1740 2169 so

252 2223 283 2264 se
302 2208 341 2262 ait
357 2207 426 2262 libro
443 2208 524 2262 tertio
544 2221 750 2276 responsorum:
768 2208 840 2262 inter
857 2207 981 2263 Flauium
1001 2207 1139 2263 Uictorem
1156 2210 1185 2262 et
1196 2207 1328 2262 Bellicum
1341 2205 1476 2262 Asianum
1492 2207 1643 2279 placuerat,
1661 2213 1694 2264 nt

252 2297 320 2352 locis
338 2296 438 2366 emptis
455 2295 573 2365 pecunia
591 2294 709 2350 Uictoris
728 2301 904 2352 monumenta
921 2294 1019 2352 fierent
1036 2311 1121 2366 opera
1138 2301 1167 2350 et
1184 2295 1281 2365 peritia
1299 2295 1411 2364 Asiani,
1435 2294 1535 2364 quibus
1552 2295 1698 2352 distractis

252 2385 397 2454 pecuniam
416 2383 511 2438 Uictor
529 2399 591 2438 cum
611 2387 687 2438 certa
703 2383 858 2452 quantitate
876 2385 1017 2455 reciperet,
1035 2383 1203 2454 superfluum
1215 2383 1335 2439 Asianus
1353 2384 1498 2453 acciperet,
1516 2385 1563 2453 qui
1581 2399 1693 2454 operam

222 2485 236 2530 e
254 2475 282 2529 in
300 2474 460 2530 societatem
479 2473 607 2528 contulit:
626 2471 678 2527 erit
694 2487 745 2542 pro
763 2473 837 2529 socio
856 2473 937 2530 actio.
964 2473 1040 2528 Idem
1058 2473 1225 2542 Papinianus
1243 2472 1340 2528 eodem
1360 2471 1428 2528 libro
1446 2473 1493 2542 ait,
1511 2473 1535 2527 si
1552 2473 1624 2528 iuter
1640 2473 1694 2528 ira·

253 2566 310 2618 tres
329 2562 512 2618 uoluntarium
530 2561 697 2617 musonium
714 2559 810 2616 initum
828 2559 919 2631 buerit,
938 2567 967 2616 et
984 2561 1121 2632 stipendia
1139 2567 1284 2631 ceteraque
1299 2561 1399 2616 salaria
1409 2561 1438 2614 in
1450 2575 1594 2617 commuue
1605 2561 1695 2633 redigi
1713 2573 1742 2613 as

251 2651 355 2707 indicio
373 2651 527 2720 societatis,
551 2650 678 2719 quamuis
695 2647 768 2704 filius
786 2650 975 2720 emancipatus
993 2649 1062 2706 haec
1079 2664 1134 2705 non
1151 2655 1268 2720 cogatur
1285 2647 1408 2706 conferre
1426 2647 1516 2718 tratri,
1541 2650 1641 2720 inquit,
1664 2651 1694 2707 ia

222 2752 236 2798 a
254 2745 392 2811 potestate
410 2739 546 2809 manenti,
564 2739 630 2808 quia
647 2743 676 2793 et
693 2739 717 2793 si
735 2740 763 2794 iu
780 2743 919 2809 potestate
936 2743 1072 2808 maneret,
1091 2739 1239 2809 praecipua
1256 2753 1290 2793 ea
1307 2737 1429 2794 haberet.
1457 2738 1535 2794 Idem
1551 2740 1696 2810 respoudit

255 2831 414 2886 sociantem
428 2843 482 2884 non
494 2843 577 2898 posse
589 2829 661 2884 ultra
672 2833 786 2884 mortem
799 2829 909 2899 porrigi,
922 2834 951 2883 st
962 2827 1024 2884 ideo
1033 2843 1085 2884 nec
1093 2828 1247 2884 libertatem
1257 2827 1292 2882 de
1301 2827 1436 2897 supremis
1443 2827 1552 2882 iudiciis
1561 2830 1695 2884 consciu-

207 2929 237 2975 ιο
255 2935 320 2990 gere
332 2920 395 2989 quis
405 2918 507 2989 poterit
519 2917 581 2973 uel⁸
592 2923 739 2987 cognatum
752 2918 908 2973 ulteriorem
919 2917 1130 2986 proximioribus
1142 2915 1287 2988 praeferre.
1305 2916 1381 2971 idem
1395 2912 1654 3002 [ΜΗ
1663 2932 1693 2978 21

255 3008 409 3076 respoudit:
428 3005 528 3075 socius,
547 3005 595 3076 qui
613 3007 747 3062 cessantis
765 3006 967 3062 cessantiumue
983 3006 1124 3075 perderes
1137 3007 1246 3062 insulae
1264 3005 1421 3075 restitnerit,
1440 3009 1566 3076 quamuis
1577 3013 1625 3063 aut
1636 3023 1695 3064 sor·
1713 3019 1745 3060 ao

255 3103 310 3152 tem
329 3112 392 3152 cum
410 3097 492 3152 certis
510 3095 601 3151 usuds
620 3097 691 3150 iutra
707 3100 838 3165 quattuor
856 3109 974 3164 meuses,
991 3099 1140 3165 postquam
1158 3109 1230 3164 opus
1247 3092 1380 3150 reiectum
1391 3096 1451 3164 erit,
1469 3097 1592 3166 recipere
1603 3102 1697 3167 potest

256 3185 446 3256 exigendoque
466 3185 610 3256 priuilegio
627 3189 721 3240 utetur
738 3190 788 3239 aut
804 3183 935 3254 deinceps
953 3184 1090 3254 propriam
1108 3198 1166 3238 rem
1184 3183 1308 3254 hembil,
1331 3188 1425 3254 potest
1441 3189 1534 3240 tamen
1551 3199 1602 3255 pro
1619 3187 1696 3242 socio

256 3289 339 3344 agere
358 3275 394 3329 ad
411 3273 471 3342 boe,
490 3280 522 3329 ut
539 3273 814 3344 consequaturquod
832 3289 884 3328 sua
900 3274 1039 3330 intererat
1067 3271 1141 3342 finge
1159 3272 1231 3327 euim
1249 3273 1330 3328 malle
1348 3287 1411 3328 eum
1429 3275 1520 3343 magis
1538 3289 1618 3329 snum
1631 3290 1696 3330 eon-

256 3364 334 3433 sequi
352 3378 434 3433 quam
452 3363 602 3418 dominium
620 3361 733 3417 insulae.
761 3363 849 3417 oratio
866 3363 939 3418 enim
957 3361 1015 3416 diui
1027 3362 1111 3417 llaroi
1127 3361 1228 3417 ideirco
1239 3365 1370 3430 quattuor
1381 3363 1521 3418 mensibus
1533 3361 1594 3417 finit
1604 3369 1697 3418 certas

209 3464 237 3508 11
257 3467 368 3521 usuras,
391 3452 458 3521 quia
478 3455 544 3521 post
565 3455 695 3520 quattuor
717 3443 975 3506 dominium‘dedit
1012 3449 1041 3506 Si
1065 3450 1113 3520 qui
1136 3451 1294 3506 societatem
1318 3449 1355 3506 ad
1372 3451 1518 3506 emendum
1537 3448 1696 3538 Q
1714 3463 1747 3504 ss

257 3541 379 3610 coierint,
398 3539 498 3594 dende
516 3555 560 3594 res
578 3540 690 3594 alterius
707 3539 771 3595 dolo
789 3540 834 3594 uel
851 3540 933 3610 culpa
950 3544 1043 3609 empta
1060 3554 1115 3594 non
1133 3539 1177 3608 stt,
1195 3553 1245 3608 pro
1263 3539 1338 3596 aceio
1356 3553 1418 3594 esse
1429 3540 1565 3596 actionem
1577 3547 1696 3598 concha

257 3631 339 3699 plane
362 3630 386 3683 si
410 3628 534 3684 condicio
557 3628 595 3682 sit
619 3626 727 3682 adiecta
750 3628 781 3682 'si
804 3628 877 3682 iutra
898 3628 973 3682 illum
997 3627 1069 3684 diem
1088 3627 1209 3698 ueniret',
1233 3632 1263 3682 et
1279 3627 1339 3682 dies
1356 3629 1416 3683 siue
1434 3629 1515 3699 culpa
1532 3631 1599 3686 socii
1617 3645 1697 3700 prae·

210 3729 240 3773 12
258 3717 374 3786 terierit,
399 3715 520 3772 cessabit
545 3716 617 3771 actio
634 3731 684 3785 pro
703 3716 786 3771 socio.
822 3717 893 3771 ltem
911 3716 980 3770 siin
998 3731 1169 3772 communem
1188 3717 1276 3771 riuum
1295 3715 1471 3772 reficiendum
1490 3717 1605 3788 inpensa
1621 3717 1698 3774 facta

210 3819 238 3861 ra
258 3806 302 3874 sit,
320 3821 369 3874 pre
388 3806 463 3860 socio
481 3819 542 3859 esse
561 3805 695 3860 actionem
715 3803 750 3860 ad
769 3804 975 3874 reciperandum
994 3809 1133 3874 sumptum
1153 3805 1265 3860 Cassius
1282 3805 1399 3875 scripsit
1427 3805 1496 3860 item
1509 3807 1580 3861 tiela
1592 3807 1697 3876 scribit,

258 3894 282 3948 si
300 3893 382 3948 uicini
401 3892 554 3962 semipedes
571 3893 643 3948 inter
661 3908 691 3948 se
709 3894 894 3964 contulerunt,
913 3898 945 3948 ut
961 3892 1000 3948 ibi
1018 3894 1158 3948 craticium
1177 3893 1309 3964 parietem
1327 3894 1399 3948 inter
1416 3908 1446 3949 se
1464 3894 1643 3953 wditicareut
1660 3893 1697 3952 ad
1716 3909 1748 3946 sc

259 3997 343 4037 onera
365 3982 507 4052 utriusque
527 3981 537 4052 ΙΙ
557 3981 730 4052 smtinende,
755 3981 855 4037 deiude
877 3980 1022 4038 aedificato
1040 3982 1143 4052 pariete
1162 3983 1231 4037 alter
1248 3983 1276 4037 iu
1294 3997 1358 4037 enm
1375 3982 1476 4038 inmitti
1493 3998 1548 4040 uon
1565 3985 1697 4055 patiatur,
1715 3991 1798 4040 taes

258 4085 307 4140 pro
331 4071 407 4125 socio
426 4069 573 4140 agendum.
607 4070 734 4142 idemque
751 4075 780 4132 st
798 4069 822 4126 si
841 4087 931 4126 aream
950 4071 978 4126 in
996 4086 1140 4126 commune
1158 4069 1285 4142 emerint,
1310 4085 1344 4126 ne
1362 4070 1509 4127 luminibus
1527 4073 1585 4128 snis
1603 4071 1697 4128 office·

258 4175 420 4246 sperum]

259 4333 392 4388 ¹socium
411 4342 459 4388 tm.
530 4336 659 4403 ²cogere
677 4335 781 4390 socium
801 4344 848 4390 tna

259 4473 390 4528 ldatnm
413 4474 458 4542 sit]
482 4474 520 4528 sit
540 4474 635 4529 datum
660 4475 695 4539 Ρ,
719 4474 802 4530 sitll
856 4475 948 4544 iqui]
1002 4475 1084 4530 licum
1099 4475 1163 4529 FP
1202 4477 1238 4531 23
1256 4476 1349 4532 uinus
1362 4477 1400 4530 Ρ·
1415 4479 1420 4544 Ι
1436 4491 1521 4548 opera
1534 4479 1560 4531 P
1601 4480 1637 4534 24
1653 4495 1699 4534 so·

259 4545 325 4614 quia
342 4545 380 4598 P·
395 4547 400 4610 1
416 4545 522 4614 accepit
540 4545 566 4598 P
616 4546 725 4615 liquis]
745 4547 793 4616 qui
810 4547 854 4616 ΡΙ
870 4545 950 4615 qui'a‘
1003 4547 1102 4602 oletute
1121 4545 1148 4600 P
1188 4547 1223 4602 25
1241 4547 1418 4617 ceteraquir'e
1434 4549 1470 4601 Ρ
1516 4549 1550 4604 at
1569 4555 1620 4604 ea*
1634 4549 1698 4606 hab.

258 4622 327 4671 aest.
341 4616 379 4668 F’
423 4615 524 4670 bsunt
539 4616 604 4671 data
617 4617 660 4684 ΡΙ
675 4617 786 4687 quidem
799 4618 846 4682 P·,
865 4633 949 4688 quan·
1003 4619 1048 4682 F’,
1072 4619 1098 4673 ei
1115 4616 1178 4672 hab.
1196 4616 1231 4668 pr
1285 4619 1319 4672 28
1338 4621 1492 4688 suppremie
1511 4621 1537 4673 F
1583 4621 1620 4675 30
1638 4637 1699 4676 ces·

258 4687 321 4742 dam
338 4687 372 4740 U·
417 4688 504 4755 ique
522 4687 656 4758 proprias]
675 4689 722 4757 qui
740 4690 892 4758 proprietas
910 4690 950 4742 P·
1003 4690 1164 4744 muniemus
1184 4689 1224 4742 P·
1276 4691 1311 4744 31
1336 4691 1428 4760 certis]
1454 4692 1552 4746 cetems
1570 4692 1625 4746 P·:
1647 4693 1699 4755 τοῩ

258 4761 343 4828 8pro
361 4757 436 4812 socie
454 4757 561 4812 actione
585 4759 635 4813 Pil
695 4761 729 4814 10
752 4760 950 4829 comparandos
1003 4761 1151 4830 cruatrpor
1170 4761 1250 4824 τὸκογ
1266 4760 1394 4832 Esou.)
1446 4763 1482 4817 32
1499 4762 1637 4832 exigendo
1649 4765 1700 4834 qui

258 4829 298 4883 P·
313 4833 318 4896 1
333 4831 370 4884 im
383 4827 504 4884 medicos
515 4828 570 4893 FU,
588 4829 617 4884 in
628 4830 764 4884 medicum
779 4830 820 4884 P·
857 4831 950 4886 1211-
1002 4832 1072 4901 prin.
1089 4833 1124 4884 P·
1168 4833 1203 4886 33
1219 4833 1451 4900 consequeturF¹
1467 4837 1473 4900 Ι
1488 4833 1636 4903 enim]boc
1649 4835 1699 4900 Ρ·,

259 4901 331 4955 mebi
348 4901 387 4954 F·
440 4900 474 4955 13
497 4901 613 4970 contigit
631 4901 709 4955 PVU
763 4903 797 4957 15
820 4907 849 4956 et
866 4903 954 4956 om.P
1003 4901 1193 4958 enrmhocP⁸
1237 4903 1452 4972 tbsiquisPU
1491 4905 1634 4960 dbcoierit
1645 4907 1704 4962 PU

260 4973 294 5026 16
312 4969 463 5027 soci‘a'etus
485 4971 523 5024 F’
578 4973 610 5026 17
634 4973 752 5041 quaesiit
785 4974 893 5043 quesire
911 4973 951 5029 P·
1003 4975 1038 5029 et
1056 4974 1186 5043 planaF¹
1234 4975 1269 5030 39
1287 4973 1362 5044 item]
1375 4975 1467 5030 itaP·
1510 4977 1544 5032 41
1560 4991 1647 5032 onera
1660 4979 1699 5032 ΡΙ

260 5044 294 5097 18
310 5048 454 5112 pareutum
472 5041 527 5098 PU
571 5044 604 5098 21
623 5041 750 5098 bellicum
779 5045 878 5111 ΜΠ,
895 5046 951 5100 uel·
1005 5046 1041 5100 aa
1058 5048 1184 5102 emerunt
1201 5044 1231 5110 P,
1250 5046 1347 5101 emerit
1367 5047 1393 5100 U
