3766 5554
193 289 234 337 ιιι
255 289 448 338 succursus
862 269 950 350 639
1360 275 1450 342 XXII
1474 280 1488 341 1
1514 283 1629 336 23-28

145 427 178 486 23
243 427 394 484 Uuerarsus
412 427 481 483 libro
499 429 641 496 trigesimo
665 435 763 498 quarto
788 429 824 484 ud
842 431 970 484 edictum.
1009 430 1063 486 Sed
1082 435 1111 485 et
1129 433 1151 486 si
1170 431 1353 501 reipublicae
1372 447 1456 485 cause
1474 427 1670 498 fisosss‘oss

192 515 288 571 abesse
306 517 398 572 subito
416 523 528 572 coactns
547 519 591 586 sit,
610 524 641 572 ut
659 517 846 574 defensionem
866 520 908 574 sui
926 519 1057 574 mandare
1075 535 1129 574 nou
1146 521 1243 589 possit,
1263 535 1366 574 morum
1383 502 1629 574 facereffin‘ffie‘·

165 615 175 658 1
192 603 277 659 bitur:
300 605 360 660 sine
382 605 410 659 in
434 606 551 660 uinculis
576 607 731 663 hostiumue
753 612 892 677 potestate
911 622 971 662 esse
990 609 1119 676 coeperit.
1156 608 1312 677 Aliquando
1331 609 1412 662 etism
1432 609 1459 662 in
1478 625 1507 662 re
1526 625 1629 664 moram

192 708 250 747 esse
270 693 379 748 decerni
397 695 475 763 solet,
494 695 518 749 si
535 694 606 750 forte
624 713 678 751 non
697 702 788 752 exstat
806 697 852 766 qui
872 697 1058 750 conueniatur.
1648 711 1662 750 ι

142 779 175 836 24
242 782 361 837 Pronus
379 781 447 837 libro
465 784 607 852 trigesimo
626 787 743 854 septimo
762 785 798 839 sd
816 786 945 839 edictum.
982 783 1090 854 Siquis
1115 785 1243 840 solutioni
1268 785 1377 854 culidem
1397 800 1453 840 mo·
1473 779 1669 867 [ms

190 885 246 925 ram
266 869 339 940 feeit,
357 871 486 926 iudicium
506 877 599 928 sutem
618 876 742 943 accipere
760 879 873 944 paratus
891 872 950 940 fuit,
970 887 1025 928 non
1043 873 1152 928 uidetur
1167 873 1266 928 fecisse
1279 889 1396 928 morem:
1415 875 1509 943 utique
1523 875 1546 928 si
1558 863 1629 928 iimte

137 959 224 1013 ltsd
242 959 372 1014 iudicium
390 963 561 1028 prouocauit.
599 962 667 1018 Cum
686 979 749 1017 reus
768 979 872 1018 moram
891 960 970 1030 facit,
990 966 1018 1015 et
1035 959 1181 1017 fideiussor
1197 966 1314 1017 tenetur.
1352 963 1428 1016 blora
1444 964 1555 1017 uidetur
1573 979 1629 1018 ore·

190 1047 270 1102 ditoni
287 1045 359 1118 fieri,
384 1049 443 1104 siue
462 1049 514 1118 ipsi
533 1051 591 1104 siue
610 1051 635 1104 ei
654 1053 698 1106 cui
717 1051 898 1106 mandauerat
916 1051 975 1104 siue
994 1051 1019 1103 ei
1042 1051 1087 1117 qui
1112 1051 1224 1118 negotis
1247 1051 1306 1105 eius
1330 1051 1444 1119 gerebat
1462 1067 1538 1106 mora
1556 1050 1630 1106 facta

189 1137 237 1191 sit:
254 1151 306 1190 neo
324 1137 376 1191 hoc
394 1153 460 1192 casu
478 1153 527 1206 per
544 1139 657 1196 liberam
676 1157 820 1210 personam
840 1139 946 1208 adquiri
963 1139 1087 1207 uidetur,
1106 1138 1154 1192 sed
1174 1137 1293 1193 officium
1313 1140 1432 1208 impleri,
1451 1141 1546 1210 sicuti,
1566 1156 1628 1194 cum

188 1226 250 1294 quis
268 1223 370 1280 furtrrm
389 1227 454 1280 mihi
472 1225 617 1282 facientem
636 1228 828 1298 deprehendit,
853 1229 992 1296 negotium
1017 1241 1107 1280 meum
1134 1232 1234 1296 agens¹
1254 1227 1392 1282 manifesti
1411 1227 1475 1284 furti
1494 1229 1628 1283 actionem
1650 1241 1677 1280 ιο

189 1313 254 1368 milri
280 1319 372 1384 parst:
401 1315 466 1370 item
491 1331 553 1370 eum
577 1321 738 1386 procurator
761 1317 975 1387 interpellauerit
996 1316 1188 1384 promissorem
1212 1315 1343 1386 hominis,
1370 1324 1532 1388 perpetuam
1562 1317 1629 1372 fsoit

188 1403 401 1472 stipulationem.

138 1489 172 1546 25
240 1493 384 1548 lucianum
401 1491 470 1547 libro
488 1493 605 1562 septimo
624 1493 801 1562 digestomm.
833 1491 885 1557 Qui
904 1492 957 1547 scit
974 1489 1088 1547 fundum
1107 1491 1160 1546 sibi
1179 1508 1241 1546 cum
1260 1493 1313 1548 alio
1332 1509 1452 1548 commn-
1471 1489 1669 1576 [ffiffts

187 1595 250 1634 nem
270 1597 345 1650 esse,
364 1580 483 1650 fructus,
504 1597 573 1650 quos
591 1597 626 1636 ex
645 1597 677 1636 eo
696 1582 850 1650 perceperit
867 1582 954 1636 inuito
972 1581 1017 1635 uel
1036 1582 1179 1649 ignorante
1198 1582 1285 1651 socio,
1303 1597 1357 1636 non
1377 1584 1479 1637 maiore
1498 1571 1531 1636 er
1550 1570 1628 1653 parte

187 1683 253 1724 suos
276 1669 344 1724 facit
366 1685 449 1738 quem
473 1685 507 1724 ex
530 1685 586 1740 qus
609 1670 736 1725 dominus
756 1670 861 1740 praedii
880 1675 935 1724 est:
960 1686 1010 1725 nec
1029 1669 1126 1737 refert,
1152 1671 1211 1739 ipse
1230 1686 1264 1724 sn
1283 1672 1374 1725 socius
1393 1687 1427 1725 un
1447 1675 1562 1740 uterque
1580 1687 1628 1726 eos
1648 1680 1676 1720 ιι

187 1759 298 1827 seuerit,
318 1759 383 1828 quia
401 1759 489 1814 omnis
507 1756 613 1813 fructum
632 1773 686 1814 ιιοιι
704 1759 763 1812 iure
781 1759 901 1828 seminis,
921 1759 969 1813 sed
988 1759 1046 1813 iure
1062 1759 1112 1812 soli
1125 1759 1287 1828 percipitur:
1306 1763 1335 1814 et
1347 1759 1586 1829 quemadmodum,
1605 1761 1628 1814 si

186 1849 275 1902 totum
297 1846 413 1903 fundrrm
437 1848 555 1902 alienum
579 1847 640 1917 quis
662 1848 753 1902 sciens
773 1849 927 1917 possideat,
948 1848 1023 1902 nulle
1041 1861 1076 1901 ex
1094 1853 1172 1915 parte
1190 1846 1296 1901 fructus
1314 1863 1379 1902 suos
1397 1847 1494 1917 faciet,
1519 1863 1628 1917 quoqne

186 1935 269 1991 modo
293 1937 346 1991 sati
370 1935 484 2005 fuerint,
509 1937 548 1990 its
571 1937 618 2004 qui
641 1951 813 1992 communem
837 1935 951 1992 fundum
975 1934 1112 2005 possidet,
1137 1951 1192 1990 uon
1215 1933 1299 1990 faciet
1320 1952 1385 1991 suos
1403 1935 1509 1991 fructus
1526 1951 1577 2006 pro
1595 1951 1629 1990 es

157 2031 272 2094 sparte,
292 2041 348 2094 qus
365 2022 467 2080 fundus
485 2025 520 2080 ud
539 2026 644 2080 socium
662 2027 722 2080 eius
740 2025 897 2093 pertinebit.
925 2027 956 2080 In
975 2026 1064 2080 slieno
1083 2021 1176 2092 fundo,
1196 2038 1277 2092 quem
1291 2025 1381 2081 'fitius
1398 2024 1472 2080 bona
1489 2024 1544 2079 fide
1559 2040 1628 2080 mer-

186 2118 266 2168 catus
283 2112 383 2182 fueret,
401 2111 566 2168 frumentum
585 2113 660 2168 seui:
679 2129 716 2168 sn
734 2113 823 2168 Titius
841 2115 930 2169 bonae
948 2113 1013 2168 fidei
1031 2117 1139 2182 emptor
1156 2118 1301 2182 perceptos
1320 2111 1427 2168 fructus
1443 2129 1508 2168 suos
1527 2113 1629 2168 faciet?
1648 2123 1676 2164 so

185 2202 325 2272 respondi,
343 2202 434 2270 qnod·
452 2200 557 2256 fructus
575 2203 623 2270 qui
637 2217 671 2256 ex
684 2201 770 2257 fundo
782 2202 969 2272 percipiuntur
982 2203 1102 2270 intellegi
1116 2201 1217 2256 debet⁸
1227 2203 1340 2270 propius
1353 2217 1386 2256 ea
1399 2203 1539 2272 secedere,
1558 2217 1629 2272 quse

186 2291 260 2345 serui
284 2291 375 2360 operis
399 2291 457 2345 suis
479 2290 640 2360 adquirunt,
663 2292 792 2359 quoniam
813 2291 842 2345 in
859 2292 1042 2361 percipiendis
1061 2290 1195 2346 fructibus
1213 2291 1302 2360 magis
1321 2292 1441 2361 corporis
1459 2292 1503 2346 ius
1521 2305 1556 2345 ex
1574 2305 1629 2361 quo

186 2378 375 2448 percipiuntur
397 2395 479 2448 quam
504 2379 630 2448 seminis,
655 2395 689 2433 ex
712 2394 767 2449 quo
791 2381 915 2436 oriuntur
938 2381 1082 2450 aspicitur:
1106 2387 1135 2433 et
1154 2379 1215 2434 ideo
1235 2395 1315 2435 nemo
1335 2396 1463 2449 umquam
1483 2379 1629 2449 dubitauit,

186 2467 268 2536 quin,
293 2467 317 2522 si
340 2468 369 2523 in
388 2483 449 2522 meo
468 2465 553 2522 fundo
571 2465 738 2523 frumentum
756 2473 835 2524 tuum
853 2470 985 2538 seuerim,
1010 2473 1119 2536 segetes
1138 2473 1167 2522 et
1184 2469 1259 2538 quod
1277 2483 1312 2522 ex
1331 2469 1466 2524 messibus
1485 2471 1629 2524 collectum

185 2553 270 2610 fuerit
294 2570 385 2610 meum
409 2554 495 2609 lieret.
532 2570 613 2625 porro
637 2557 725 2612 bonae
749 2555 814 2612 fidei
836 2573 980 2627 possessor
1002 2558 1031 2612 in
1052 2558 1235 2628 percipiendis
1253 2556 1387 2612 fmctibus
1406 2558 1434 2612 id
1452 2557 1519 2612 iuris
1536 2558 1628 2627 habet,
1649 2567 1677 2608 rs

186 2645 261 2714 quod
285 2644 403 2700 dominis
426 2644 598 2714 praediorum
623 2645 753 2700 lributum
773 2651 823 2700 est.
856 2652 1000 2716 praeterea
1018 2662 1079 2700 oum
1099 2646 1135 2700 ud
1154 2644 1333 2701 fructrrarium
1350 2647 1506 2716 pertineant
1524 2646 1629 2702 fruetus

187 2733 347 2804 squolibet
364 2733 430 2802 sati,
454 2739 557 2802 quanto
581 2735 669 2804 magis
688 2734 739 2790 hoo
757 2735 785 2790 in
803 2735 892 2790 bonne
910 2733 973 2789 fidei
991 2734 1198 2804 possessoribus
1216 2735 1403 2804 recipiendum
1422 2740 1478 2805 est,
1502 2735 1550 2804 qui
1567 2735 1629 2805 plus

186 2823 254 2877 iuris
272 2823 300 2877 in
318 2822 501 2892 percipiendis
519 2821 653 2878 fructibus
671 2823 792 2878 habent?
824 2839 887 2878 cnm
906 2821 1047 2876 fructuarii
1066 2822 1177 2892 quidem
1197 2839 1251 2878 non
1270 2822 1350 2893 fiant,
1374 2829 1522 2894 antequam
1541 2823 1577 2878 ab
1596 2838 1629 2878 ec

186 2911 385 2981 percipiantur,
409 2909 445 2964 ad
467 2909 557 2966 besse
577 2909 641 2967 fidei
660 2917 752 2967 autem
770 2926 958 2982 possessorem
976 2912 1143 2981 pertineant,
1168 2927 1279 2982 quoquo
1297 2911 1379 2966 modo
1398 2929 1415 2966 s
1433 2915 1492 2967 solo
1509 2912 1629 2982 separati

186 2997 297 3070 fuerim,
315 3001 387 3056 sicut
405 2999 465 3054 eius
484 3000 531 3068 qul
543 3001 706 3068 uectigalem
721 2999 835 3056 fundum
848 3000 932 3056 babet
946 2999 1051 3054 fructus
1064 2999 1141 3068 liunt,
1161 3001 1336 3070 simulatque
1351 3002 1409 3056 solo
1422 3001 1542 3070 separati
1555 3003 1628 3054 sunt.
1647 3008 1676 3048 so

154 3090 168 3134 ι
188 3087 281 3143 Bonae
306 3086 370 3142 fidei
393 3093 501 3158 emptor
521 3089 593 3143 seuit
610 3094 639 3142 et
656 3095 803 3158 antequam
822 3086 928 3143 fructus
945 3089 1111 3158 perciperet,
1136 3089 1266 3158 cognouit
1283 3088 1397 3144 fundum
1417 3091 1533 3144 alienum
1553 3103 1628 3143 esse:

188 3191 223 3230 sn
247 3177 422 3246 perceptione
443 3175 549 3231 fructus
567 3191 632 3231 suos
650 3176 741 3246 faciat,
761 3179 908 3247 quaeritur.
940 3177 1083 3245 respondi:
1107 3175 1197 3232 bonus
1214 3175 1279 3232 fidei
1298 3184 1406 3248 emptor
1423 3179 1496 3248 quod
1515 3179 1550 3232 ad
1568 3191 1628 3247 per·

188 3263 329 3334 cipiendos
347 3265 452 3320 fructus
469 3265 592 3332 intellegi
611 3265 701 3334 debet,
720 3267 852 3336 quamdiu
870 3267 976 3321 euictus
995 3265 1096 3321 fundus
1114 3281 1168 3320 nou
1180 3265 1277 3321 fuerit:
1296 3283 1360 3322 nam
1373 3273 1401 3322 et
1412 3282 1510 3322 seruus
1522 3267 1628 3321 alienus

190 3347 302 3422 leuem
324 3353 398 3409 bons
420 3352 475 3408 fide
499 3367 591 3408 emero
611 3354 715 3410 ondin
733 3355 800 3410 mihi
818 3370 852 3410 ex
871 3369 900 3410 re
920 3369 980 3410 mee
998 3355 1042 3409 nel
1061 3369 1096 3408 ex
1114 3355 1205 3423 operis
1224 3356 1281 3410 suis
1300 3355 1438 3426 sdquiret,
1462 3355 1593 3425 quamdiu
1611 3371 1629 3409 s
1645 3359 1728 3407 isll'

156 3451 161 3456 “
190 3457 233 3496 me
251 3442 359 3498 euictus
377 3457 431 3497 non
450 3440 540 3496 fuerit.
1646 3452 1676 3492 ss

133 3529 170 3587 26
241 3530 319 3586 Ionas
341 3528 411 3586 libro
435 3536 514 3586 sexto
537 3545 571 3584 cx
589 3531 708 3586 Minicio.
746 3531 925 3589 Uenationem
949 3529 1055 3587 fructus
1073 3531 1150 3587 fundi
1169 3533 1283 3602 negauit
1300 3547 1375 3602 esse,
1399 3532 1452 3588 nisi
1471 3527 1667 3616 ωδ

189 3615 295 3674 fructus
313 3618 391 3675 fundi
409 3634 444 3674 ex
462 3620 609 3674 uenatione
627 3624 743 3674 constet.

133 3703 171 3762 27
242 3706 415 3764 Αιιιιιοιιιιιε
438 3707 507 3763 libro
530 3711 631 3763 octono
653 3709 854 3777 quaestionum.
891 3707 960 3763 (lum
983 3710 1055 3778 patri
1077 3708 1194 3764 familias
1218 3723 1294 3764 mora
1313 3706 1388 3763 fecte
1406 3709 1451 3780 sit,
1470 3703 1668 3792 ΜΒ

189 3793 243 3848 ism
262 3795 290 3850 in
307 3794 408 3850 herede
427 3796 486 3850 eius
505 3811 560 3850 non
578 3797 718 3866 quaeritur
735 3811 826 3851 mora:
845 3811 908 3850 nem
926 3799 993 3851 tunc
1011 3797 1105 3852 heredi
1123 3797 1246 3866 proximo
1262 3797 1425 3852 hereditario
1438 3798 1495 3854 iure
1509 3814 1542 3854 os
1554 3815 1627 3854 com·

188 3889 261 3952 petet
278 3883 396 3954 ideoque
414 3884 450 3938 sd
469 3889 575 3940 ceteros
593 3899 703 3955 quoque
722 3885 851 3955 deinceps
869 3886 1070 3940 transmittitur.
1645 3896 1675 3937 so

133 3970 172 4028 28
242 3971 336 4028 Gerus
353 3971 423 4028 libro
441 3972 562 4027 secundo
581 3989 671 4028 rernm
690 3973 897 4028 cotidianarum.
925 3973 956 4028 In
972 3973 1109 4044 pecudum
1122 3973 1213 4030 fructu
1226 3975 1308 4029 etiam
1328 3971 1358 4058 [l.
1369 3987 1390 4042 ι,
1401 3988 1468 4042 usi.
1485 3988 1626 4043 Bessus
1646 3979 1668 4034 S

191 4068 352 4139 uterve]
1415 4049 1627 4060 *—

193 4201 358 4270 ¹negotium
377 4215 468 4256 meum
488 4215 574 4271 egens
583 4203 703 4274 sortasse
719 4201 773 4255 ιιοιι
787 4210 847 4256 sunt
864 4202 941 4258 Pacis·
1012 4203 1115 4272 ²quod
1134 4205 1181 4258 del.
1252 4202 1404 4258 ⁸debent?

190 4322 385 4393 deliquando]
410 4323 528 4449 elipeum
553 4326 592 4379 P⁰
645 4325 774 4396 9srcutr]
800 4329 881 4380 srcutr
934 4331 991 4380 tum
1011 4331 1087 4381 tuum
1107 4327 1234 4397 seuerim]
1253 4325 1299 4381 iis
1317 4325 1347 4381 ia
1365 4327 1405 4395 τῷ
1422 4325 1478 4394 ὲιιῴ
1491 4324 1561 4398 ispi)
1578 4324 1627 4380 τὸιι

190 4393 215 4448 oi
233 4395 273 4448 P·
328 4396 362 4449 10
380 4397 525 4450 manieste
543 4395 614 4450 P⁰V
665 4397 697 4451 11
720 4397 786 4452 feeit
803 4397 884 4450 PVU
935 4397 981 4450 obs
1001 4397 1121 4469 decerpes
1141 4399 1212 4452 ciros
1234 4399 1281 4452 BS
1299 4399 1365 4468 (ιιι.)
1419 4395 1627 4466 28fiant1fue-

192 4465 224 4518 13
242 4466 369 4536 septimo]
382 4466 411 4521 ui
422 4467 474 4521 PU
518 4468 551 4522 17
568 4467 705 4537 quisciens
718 4467 806 4522 FP⁶U
821 4469 825 4534 Ι
842 4465 880 4522 fs·
934 4473 996 4522 rsot
1014 4469 1054 4522 P·
1098 4470 1132 4524 29
1151 4468 1195 4538 ad]
1216 4485 1232 4522 ιι
1250 4469 1291 4522 Ρ·
1339 4471 1374 4524 30
1391 4469 1494 4524 habeut
1513 4469 1571 4532 P·l
1592 4468 1627 4523 si·

191 4536 244 4590 ciet
325 4539 361 4591 20
378 4535 483 4592 finctus
507 4553 572 4592 suos
591 4557 639 4592 om.
651 4539 693 4592 P·
746 4539 782 4592 20
800 4536 881 4592 fuerit
934 4539 1092 4608 mulst⁴que
1106 4541 1145 4593 F³
1188 4541 1222 4594 31
1241 4538 1349 4595 bonate
1360 4539 1426 4595 fidei
1438 4541 1476 4593 1³²
1520 4536 1627 4594 33fun·

190 4604 355 4662 fmmentum
369 4609 440 4663 seuit
457 4609 548 4680 fides
558 4609 598 4662 Ρ·
643 4611 676 4663 21
690 4609 772 4694 quod]
786 4609 880 4674 FVU·,
934 4609 986 4664 dus
1010 4627 1063 4664 non
1076 4609 1287 4665 'fundus'fuerit
1312 4613 1348 4664 F*
1367 4613 1372 4678 Ι
1393 4627 1456 4666 nam
1480 4609 1516 4678 et]
1543 4609 1627 4673 F’Uf,

189 4679 280 4747 quoad
298 4678 385 4744 P‘Ul,
404 4681 518 4734 incP‘:
536 4679 600 4750 ὅπερ
617 4677 799 4740 ἒετιιιειιὶτοῨ
813 4681 880 4733 oist-
935 4686 1028 4735 menet
1049 4682 1108 4746 PV,
1133 4701 1181 4734 om.
1200 4683 1244 4744 F¹,
1271 4691 1318 4736 inc.
1341 4681 1375 4736 U⁰
1434 4683 1468 4736 35
1490 4681 1581 4734 uictus
1605 4681 1632 4733 P

190 4766 243 4814 τογ,
265 4749 296 4804 bs
317 4749 382 4804 Βόιιιι
405 4751 466 4811 cibe
484 4768 524 4803 uc
542 4751 652 4814 seueras,
673 4751 752 4811 rofre
772 4750 822 4805 ἔστι
844 4751 882 4805 asi
936 4753 971 4806 36
985 4750 1099 4820 inicius]
1114 4750 1265 4806 lundnsP⁰
1300 4754 1335 4806 39
1347 4751 1628 4822 quaeritur'nu'mora

191 4818 228 4874 bri
241 4821 290 4882 roi
301 4819 382 4892 sirpo?
400 4823 447 4875 RS
459 4820 525 4890 (nl.)
541 4823 545 4884 Ι
561 4821 672 4890 propius
691 4837 725 4875 es
743 4822 882 4892 accedere]
937 4839 999 4876 nam
1019 4821 1055 4876 F‘
1076 4825 1079 4890 Ι
1101 4827 1240 4892 competet
1263 4827 1291 4876 et
1313 4825 1357 4888 Pl,
1381 4826 1520 4892 competat
1540 4821 1627 4884 Μ’,

190 4893 315 4960 proprius
328 4890 524 4947 exhsccedere
541 4893 572 4956 V,
590 4893 715 4962 proprius
730 4893 794 4946 stis
807 4907 883 4947 eece·
937 4893 1068 4962 competit
1088 4893 1159 4957 P⁵U,
1179 4900 1347 4963 competeret
1364 4895 1391 4949 V
1438 4895 1474 4946 40
1491 4891 1628 4946 transmit·

191 4961 254 5016 dere
269 4965 314 5027 1³⁰,
332 4965 459 5032 proprius
477 4964 517 5018 eis
530 4963 660 5018 secedere
675 4962 741 5017 Ρίι
787 4964 883 5018 23du·
936 4966 1011 5018 tetur
1037 4964 1114 5017 PVU
1166 4965 1201 5019 41
1226 4965 1423 5019 cotidianarum
1448 4963 1507 5017 siue
1532 4977 1627 5017 eureo-

191 5031 288 5089 bitabit
305 5033 403 5088 wilt
448 5035 483 5088 24
501 5033 571 5089 siin
589 5049 651 5088 meo
668 5032 883 5089 fundofmmen-
936 5051 995 5090 rum
1015 5035 1387 5100 F'Pll:utdead17‚1,2
