3698 5560
247 236 291 304 III
315 239 435 302 21-a
935 229 991 310 82
1477 255 1685 312 samsom

249 393 384 448 'dimissus
402 393 467 448 erit:
486 393 533 462 qui
551 393 617 447 artis
635 392 755 447 ludicrae
773 391 1000 461 pronuntiandiue
1019 405 1102 445 causa
1120 392 1148 446 in
1160 407 1288 448 scaenam
1300 391 1444 462 prodierit:
1463 392 1510 462 qni
1521 391 1684 447 lenocinium

249 479 365 535 'fecerit:
388 481 435 550 qni
457 482 486 536 in
508 481 609 536 iudicio
631 480 740 550 publico
764 481 915 535 calumniae
939 480 1216 549 praeuaricationisuc
1239 496 1324 536 eausa
1346 480 1413 549 quid
1431 479 1529 536 iecisse
1547 480 1685 536 iudicatam

249 569 322 624 erit:
346 571 393 640 qui
416 568 495 638 iurti,
520 569 549 623 ui
572 568 704 625 bonorum
729 575 881 639 raptorum,
905 569 1076 639 iniuriarum,
1101 569 1136 623 dc
1159 569 1222 624 dolo
1245 571 1318 624 malo
1342 574 1370 624 et
1393 567 1490 624 fraude
1509 584 1559 624 suo
1577 570 1685 624 nemine

249 658 403 713 'damnatus
420 662 554 728 pactusue
572 659 637 712 erit:
656 659 703 727 qui
721 673 771 728 pro
790 659 872 728 socio,
891 658 1002 726 tutelae,
1021 657 1150 726 mandati,
1168 658 1287 728 depositi
1299 671 1350 712 suo
1362 658 1472 712 nomine
1483 672 1537 712 non
1549 659 1685 712 contrario

250 747 359 802 'iudicio
376 747 523 802 damnatus
541 747 604 800 erit:
623 747 671 816 qui
689 762 758 816 eam,
777 763 848 817 quae
865 747 893 801 iu
911 749 1049 816 potestate
1061 746 1120 802 eius
1133 751 1215 816 esset,
1234 760 1335 815 genero
1349 749 1465 814 mortuo,
1484 761 1546 800 eum
1566 743 1685 830 Q
1705 763 1717 802 ι

249 835 321 892 ‘eum
339 840 476 890 mortuum
495 849 556 890 esse
574 836 664 905 sciret,
683 836 755 890 intra
772 834 800 888 id
817 839 934 905 tempus,
953 850 1008 903 quo
1026 836 1135 903 elugcre
1153 835 1241 890 uirum
1260 835 1343 890 moris
1361 839 1412 904 est,
1432 839 1578 904 antequam
1597 837 1684 892 uirum

251 925 390 994 ¹elugeret,
408 925 437 979 in
454 924 656 979 matrimonium
675 923 859 979 collocauerit:
879 937 975 978 eamne
993 923 1082 978 sciens
1100 925 1179 992 quis¹
1199 939 1311 979 uxorem
1329 923 1439 980 duxerit
1457 938 1511 979 non
1528 926 1605 980 iussu
1618 927 1684 993 eius,

250 1013 286 1068 'in
304 1014 382 1068 euius
400 1016 537 1082 potestate
556 1017 611 1067 est:
635 1012 726 1080 etqui
745 1028 820 1080 eum,
843 1027 924 1080 quem
943 1012 971 1066 in
988 1017 1125 1082 potestate
1143 1012 1269 1082 haberet,
1293 1027 1367 1082 eam,
1386 1012 1421 1068 de
1439 1027 1495 1082 qua
1512 1030 1597 1084 supra
1613 1028 1685 1069 oom-

250 1102 421 1172 ‘prehensum
440 1106 490 1171 est,
509 1116 622 1157 uxorem
643 1101 743 1156 ducere
761 1116 860 1171 passus
878 1099 990 1155 fuerit':
1013 1102 1097 1169 quiue
1116 1117 1166 1157 suo
1180 1102 1291 1157 nomine
1310 1117 1364 1157 uon
1383 1102 1459 1156 iussu
1478 1103 1537 1158 eius
1554 1105 1583 1158 in
1602 1099 1685 1187 Q

251 1192 336 1247 'euius
359 1196 497 1262 potestate
519 1196 605 1260 esset,
628 1190 723 1244 eiusne
746 1191 854 1244 nomine
877 1204 1097 1258 quemquamne
1121 1190 1149 1244 in
1170 1195 1308 1260 potestate
1330 1189 1445 1245 haberet
1467 1189 1531 1246 bina
1549 1195 1686 1262 sponsalia
1705 1207 1731 1244 ru

252 1281 373 1336 'binaeue
391 1281 502 1350 nuptias
519 1280 549 1334 in
566 1279 664 1335 eodem
681 1283 804 1348 tempore
823 1278 986 1333 constitutas
1005 1278 1147 1334 babuerit?

213 1369 232 1427 2
305 1369 456 1425 Uuemuus
473 1368 541 1422 libro
559 1369 638 1422 sexto
657 1367 692 1422 cd
710 1367 838 1422 edietum.
867 1366 945 1431 Quod
960 1367 999 1421 uit
1010 1373 1133 1435 praetor:
1152 1367 1205 1436 'qui
1219 1367 1254 1421 ab
1266 1367 1388 1422 exercitu
1400 1367 1530 1423 dimissus
1549 1363 1686 1452 Q
1704 1376 1730 1429 Ε

252 1458 329 1514 'erit':
348 1458 491 1512 dimissum
509 1457 632 1525 accipere
651 1455 782 1511 debemus
796 1455 907 1510 militem
920 1456 1075 1525 deligatum,
1094 1457 1138 1512 uel
1150 1458 1173 1511 si
1185 1457 1247 1527 quis
1259 1457 1329 1511 alius
1341 1471 1430 1525 usque
1442 1456 1482 1510 ad
1491 1459 1685 1529 centurionem,

251 1549 296 1603 uel
317 1545 486 1617 praefectum
510 1544 629 1600 cohortis
647 1546 692 1599 uel
710 1546 770 1600 alae
787 1544 833 1599 uel
850 1545 977 1614 legionis,
1001 1545 1045 1600 uel
1063 1545 1202 1601 tribunum
1220 1545 1279 1600 siue
1298 1543 1417 1601 cohortis
1436 1545 1495 1600 siue
1512 1546 1628 1615 legionis
1647 1549 1685 1602 di·

251 1637 352 1692 missus
369 1639 421 1690 est.
448 1632 501 1688 hoo
519 1634 635 1703 amplius
651 1633 817 1703 Pomponius
835 1633 875 1687 ait
892 1634 974 1687 etiam
993 1648 1065 1703 eum,
1084 1635 1130 1703 qui
1145 1633 1276 1689 exercitui
1288 1637 1405 1703 praeest,
1423 1634 1488 1689 licet
1499 1635 1685 1691 consularibus
1706 1650 1734 1690 ra

251 1723 404 1794 insignibus
427 1722 525 1791 utitur,
549 1721 713 1790 ignominiae
737 1736 822 1777 eausa
844 1720 879 1776 ab
902 1722 1064 1791 imperatore
1086 1723 1200 1778 missum
1217 1721 1270 1776 hae
1287 1726 1353 1777 neta
1370 1721 1508 1778 laborare:
1532 1739 1600 1794 ergo
1617 1730 1646 1780 et
1663 1726 1685 1780 si

251 1813 307 1870 dux
324 1827 387 1868 eum
406 1809 536 1866 exercitui
554 1813 664 1879 praeest
681 1810 809 1864 dimissus
826 1811 886 1880 erit,
904 1815 1023 1881 notatur,
1041 1811 1085 1866 et⁸
1103 1812 1127 1867 si
1143 1812 1270 1882 princeps
1282 1811 1415 1866 dimiserit
1426 1815 1456 1866 et
1467 1811 1599 1869 adiecerit
1609 1814 1685 1884 igno

251 1902 350 1958 minias
368 1915 453 1958 causa
470 1913 500 1954 se
518 1898 640 1968 mittere,
659 1903 691 1953 ut
708 1899 867 1969 plerumque
885 1897 959 1969 iacit,
978 1915 1033 1956 non
1050 1899 1188 1954 dubitabis
1206 1905 1235 1956 et
1252 1915 1288 1956 ex
1305 1899 1397 1956 edicto
1414 1902 1548 1969 praetoris
1566 1917 1629 1958 eum
1646 1903 1685 1958 in-

250 1989 335 2046 famia
357 2003 418 2044 esse
441 1991 581 2044 notatum:
604 2002 658 2043 non
681 1991 775 2042 umen
798 1988 821 2043 si
845 1988 913 2042 eitra
935 1973 1150 2058 indignationem
1170 1989 1303 2059 principis
1327 2005 1471 2047 successor
1492 1991 1518 2047 ei
1536 1991 1618 2048 datus
1635 1995 1687 2046 ost.

218 2087 230 2132 1
251 2079 408 2134 Exercitum
427 2081 519 2132 autern
536 2090 592 2131 non
609 2091 692 2132 unam
711 2076 850 2134 eohortem
868 2091 956 2146 neque
974 2093 1057 2133 unam
1075 2078 1146 2132 alam
1164 2078 1288 2147 dicimus,
1306 2078 1356 2134 sed
1374 2094 1503 2136 numeros
1521 2081 1621 2136 multos
1638 2081 1686 2135 mi·
1708 2091 1740 2132 ao

250 2169 343 2223 litum:
361 2182 425 2222 nam
444 2166 575 2222 exercitui
592 2180 720 2235 praeesse
738 2166 853 2222 dicimus
871 2181 943 2236 eum,
961 2167 1009 2234 qui
1026 2166 1162 2236 legionem
1180 2167 1225 2222 uel
1241 2167 1364 2236 legiones
1382 2184 1445 2224 cum
1463 2169 1520 2224 suis
1533 2168 1639 2224 auxiliis
1651 2167 1687 2224 ab

250 2258 415 2326 imperatore
434 2255 594 2312 commissas
612 2254 797 2312 administrat:
816 2255 865 2310 sed
883 2254 927 2310 bic
946 2255 1028 2310 etiam
1046 2271 1118 2324 eum,
1136 2256 1183 2324 qui
1202 2254 1237 2310 ab
1256 2256 1346 2326 aliquo
1365 2271 1479 2312 numero
1497 2257 1612 2312 militum
1624 2257 1686 2312 mb-

218 2353 299 2401 asus
323 2349 378 2415 est,
401 2345 480 2414 quasi
503 2343 539 2399 ab
561 2345 682 2400 exercitu
705 2344 819 2400 missum
842 2343 882 2398 sie
900 2345 1072 2414 accipiemus.
1100 2343 1276 2414 'ignominiae
1295 2361 1380 2400 eausa
1397 2344 1532 2400 missum’:
1555 2346 1609 2401 boe
1624 2346 1688 2402 ideo

250 2435 389 2492 adiectum
407 2437 458 2503 est,
477 2434 606 2503 quoniam
624 2434 711 2490 mrdta
728 2447 830 2503 muers
847 2436 912 2488 sunt
928 2419 1096 2488 missionum.
1125 2437 1168 2488 est
1185 2433 1309 2502 honesta,
1328 2449 1399 2503 qnae
1412 2434 1533 2490 emeritis
1545 2433 1688 2503 adpendiis

250 2524 295 2579 uel
313 2526 378 2578 aute
395 2521 431 2577 ab
448 2523 612 2592 imperatore
629 2522 799 2592 indulgetur:
818 2525 860 2576 est
875 2515 1006 2591 eausaria,
1025 2537 1096 2590 quae
1107 2526 1219 2592 propter
1230 2521 1415 2578 ualetudinem
1426 2521 1565 2578 laboribus
1577 2523 1689 2578 militiae
1710 2535 1741 2576 ss

250 2613 345 2670 soluit:
364 2615 408 2668 est
422 2612 612 2682 ignominiosa.
640 2612 822 2682 ignominiosa
839 2614 931 2666 sutem
949 2611 1043 2666 missio
1055 2611 1155 2666 totiens
1167 2615 1219 2679 est,
1237 2612 1363 2680 quotiens
1382 2613 1406 2666 is
1423 2612 1470 2681 qui
1481 2611 1567 2666 mittit
1584 2610 1689 2666 addidit

250 2701 410 2759 nominatim
429 2699 440 2766 ll
460 2700 625 2770 ignominiae
643 2716 728 2756 eausa
744 2715 775 2754 so
793 2699 915 2754 mittere:
937 2713 1044 2768 semper
1062 2699 1134 2754 enim
1152 2697 1235 2754 debet
1253 2699 1368 2770 addere,
1392 2717 1441 2755 cur
1458 2701 1537 2756 miles
1556 2701 1688 2755 mittatru.
1708 2708 1788 2757 [ὅθ’

251 2791 300 2846 sed
319 2795 348 2846 et
365 2791 389 2846 si
406 2804 469 2846 eum
487 2789 714 2860 exauctorauerit,
732 2789 760 2846 id
778 2794 822 2846 est
838 2788 957 2858 insignia
974 2788 1100 2842 militaria
1116 2787 1274 2858 detraxerit,
1292 2789 1364 2844 inter
1381 2787 1497 2844 infames
1515 2787 1607 2857 elficit,
1625 2788 1690 2843 licat

251 2894 306 2936 non
324 2879 477 2935 addidisset
494 2877 659 2948 ignominiae
677 2893 762 2933 causa
780 2893 810 2934 se
828 2893 891 2934 eum
909 2879 1111 2932 exauctorasse.
1139 2879 1182 2930 est
1200 2881 1228 2932 et
1245 2881 1373 2945 quartum
1390 2893 1478 2947 genus
1496 2877 1646 2946 missionis,
1665 2877 1689 2932 si

251 2970 312 3042 quis
330 2967 521 3024 euitandorum
539 2981 682 3024 munerum
700 2981 785 3022 causa
801 2965 926 3022 militiam
944 2964 1078 3020 subbset:
1097 2963 1165 3020 haec
1183 2969 1275 3020 autem
1287 2967 1381 3022 missio
1393 2966 1623 3023 existimationem
1634 2981 1690 3022 uon
1711 2978 1744 3018 ao

218 3062 232 3107 ι
251 3056 344 3126 laedit,
362 3059 394 3112 ut
411 3059 455 3112 est
472 3055 632 3126 saepissime
650 3055 820 3126 rescriptum.
847 3055 934 3124 blilea,
953 3055 1000 3124 qui
1016 3054 1078 3122 lege
1096 3052 1165 3108 Iulia
1183 3053 1217 3108 de
1230 3053 1370 3111 adulteriis
1382 3054 1464 3110 inerit
1475 3055 1628 3124 damnatus,
1645 3055 1691 3110 ita

218 3151 233 3194 4
251 3143 360 3202 infamis
384 3149 440 3214 est,
464 3149 496 3200 ut
514 3145 597 3200 stiam
615 3145 677 3215 ipsa
694 3143 831 3200 sententia
848 3158 911 3198 eum
929 3145 1100 3198 sacramento
1118 3141 1284 3210 ignominiae
1302 3159 1386 3199 eausa
1402 3145 1500 3200 soluat
1535 3143 1690 3213 Ignominia

219 3236 233 3283 e
252 3239 343 3290 autem
361 3233 453 3288 missis
470 3247 558 3302 oeque
576 3233 605 3290 iu
622 3231 690 3288 urbe
708 3247 797 3301 neque
815 3231 888 3300 alibi,
907 3230 953 3287 ubi
971 3232 1118 3302 imperator
1136 3235 1187 3300 est,
1206 3232 1304 3287 morari
1323 3233 1396 3288 dcet.
1424 3233 1473 3288 Ait
1491 3236 1614 3302 praetor:
1633 3231 1689 3300 ‘quii

252 3321 287 3376 ‘iu
304 3336 432 3378 scaenam
451 3321 589 3393 prodierit,
608 3319 716 3376 miamis
729 3319 788 3376 est'.
816 3335 916 3375 scaena
930 3323 981 3390 est,
999 3325 1031 3374 ut
1042 3319 1136 3376 Labeo
1154 3319 1258 3390 definit,
1276 3334 1348 3389 quae
1365 3321 1490 3376 ludorum
1502 3319 1689 3376 faciendorum

252 3425 337 3464 causa
352 3411 475 3480 quolibet
491 3412 561 3482 looo,
578 3408 627 3465 ubi
644 3409 706 3479 quia
724 3409 858 3465 eousbtm
875 3413 1072 3478 moueaturque
1090 3409 1276 3478 spectaculum
1295 3409 1338 3464 sui
1352 3408 1532 3480 praebiturus,
1550 3410 1641 3478 posita
1653 3409 1691 3465 sit
1712 3422 1746 3464 aa

252 3513 373 3583 fflVU,
391 3519 448 3573 inde
466 3539 483 3573 a
501 3539 526 3574 u.
539 3519 575 3573 Π
593 3531 658 3587 ceps
676 3515 741 3570 dim.
754 3515 793 3582 Ia)

254 3674 263 3706 ¹
281 3672 347 3740 qui?
363 3675 410 3728 sed
425 3681 511 3742 potius
527 3677 589 3745 quis
607 3675 653 3730 del.
725 3674 783 3728 ²et
800 3673 848 3744 qui
866 3688 935 3744 earn,
954 3688 1035 3744 qnam
1048 3674 1076 3728 in
1087 3679 1225 3744 potestate
1238 3673 1358 3743 haberet,
1377 3689 1478 3743 genero
1490 3679 1607 3743 mortuo,
1626 3689 1690 3728 oum

253 3756 316 3796 eum
333 3749 469 3800 mortuum
487 3761 548 3803 esse
565 3752 623 3801 tum
642 3746 733 3814 eoiret,
751 3746 779 3800 iu
797 3745 997 3801 matrimonium
1016 3746 1200 3801 conlocauerit
1216 3760 1313 3802 eumue
1328 3745 1417 3800 sciens
1435 3761 1548 3800 uxorem
1566 3744 1689 3800 duxerit:

253 3813 439 3941 ξιῃιὲιὲὶήξῖιιιίιέι
453 3832 534 3942 (ἔξω
552 3817 580 3872 in
597 3820 734 3888 potestate
753 3815 878 3887 haberet,
902 3823 996 3872 earum
1020 3831 1103 3888 quam
1127 3832 1241 3872 uxorem
1264 3817 1364 3872 ducere
1384 3831 1483 3887 passus
1501 3815 1585 3872 suedi
1605 3815 1690 3871 Uatia.

255 4008 275 4090 1Ι
294 4009 370 4063 uritis
393 4010 419 4062 F
435 4011 439 4074 Ι
460 4012 706 4080 'p⁴rouuntiandiu0
729 4013 768 4066 F³
790 4013 795 4080 Ι
818 4012 943 4082 prodide·
997 4018 1025 4067 et
1036 4014 1063 4066 F
1063 4028 1070 4066 ι
1089 4011 1141 4066 ἒειι
1160 4012 1199 4066 καὶ
1214 4011 1228 4064 is
1243 4011 1363 4082 usucapio
1375 4011 1481 4066 sicciora
1495 4011 1546 4065 BS
1557 4009 1689 4082 (sipili

253 4082 289 4132 ιιι
308 4078 392 4133 PVU
408 4081 413 4146 Ι
432 4081 626 4138 len‘e’oeinium
649 4085 676 4138 F
732 4087 750 4139 2
792 4083 943 4140 raebariee
997 4083 1168 4138 ualetudines
1186 4084 1214 4136 P
1263 4085 1297 4138 26
1319 4082 1499 4152 ignominiosa
1516 4085 1622 4136 adeam
1640 4100 1691 4135 ora.

253 4149 371 4204 tionisue
389 4151 415 4203 F
461 4151 707 4224 slurti1portil'1
793 4169 854 4210 esse
868 4153 943 4209 ‘i'sci·
996 4155 1031 4208 Ρ
1048 4157 1052 4221 Ι
1068 4153 1197 4208 metitP'
1212 4155 1217 4220 1
1233 4151 1347 4222 addidit]
1359 4151 1466 4217 F’LU‘,
1485 4151 1563 4208 addit
1574 4151 1619 4217 Ρ,
1631 4151 1690 4207 adi·

254 4225 296 4274 ret
321 4221 373 4274 1³³:
401 4235 462 4276 esse
487 4227 547 4278 tum
574 4225 658 4281 sciret
683 4227 799 4282 Iulianas
829 4225 885 4280 Uet.
900 4229 943 4296 sr.
997 4225 1035 4280 cit
1045 4225 1150 4280 PVU⁶t
1170 4224 1233 4280 bras
1249 4225 1337 4280 istaec
1356 4223 1412 4293 eiua
1426 4224 1475 4278 Rs
1486 4224 1604 4295 (Stepla),
1623 4221 1689 4276 bran

253 4289 331 4358 3201
351 4291 441 4360 moris]
462 4297 556 4350 mortis
572 4297 613 4350 P·
667 4297 783 4366 lelug.]
801 4298 857 4366 lug.
870 4297 943 4355 PVl
997 4295 1053 4368 eiua
1068 4295 1161 4420 {Q
1180 4297 1206 4351 B
1224 4297 1332 4364 (Aaou.)
1386 4295 1421 4348 28
1437 4292 1562 4362 infames]
1587 4293 1690 4350 inlocu-

252 4360 290 4430 in]
310 4361 318 4416 i
337 4363 373 4414 li*
393 4364 399 4430 l
418 4365 588 4421 matrimonio
612 4367 694 4422 PVU
743 4369 778 4423 10
795 4373 851 4438 pot.
870 4372 945 4423 esset
997 4383 1055 4422 mes
1103 4365 1218 4432 ,fames
1231 4367 1285 4421 LU
1325 4367 1359 4420 29
1372 4379 1454 4420 oause
1467 4379 1529 4420 eum
1540 4366 1589 4430 P0,
1604 4381 1691 4420 eausa

254 4432 354 4487 osuP‘·
407 4435 440 4488 11
464 4435 492 4490 iu
511 4437 608 4490 cm.F¹
663 4439 697 4492 13
718 4440 904 4509 oentyriouem
923 4439 950 4492 F
997 4453 1059 4494 eum
1081 4439 1107 4493 U
1139 4440 1258 4509 quirtum
1276 4439 1323 4490 Ρ*
1377 4437 1412 4491 30
1429 4436 1607 4491 eotandorum
1622 4435 1689 4506 ΡΙ

254 4503 288 4559 14
297 4502 433 4560 coucrtis
442 4505 480 4558 F’
495 4509 500 4571 Ι
516 4507 616 4562 alieP⁶
631 4509 636 4574 1
651 4508 767 4564 micres
776 4511 812 4562 ΡΙ
848 4511 882 4564 16
891 4510 943 4564 ins.
996 4510 1196 4566 estimationem
1205 4507 1533 4574 PiiexstimaciouemL
1568 4508 1602 4562 31
1612 4507 1691 4562 adul-

253 4579 291 4629 ut.
311 4575 350 4628 die
367 4575 414 4628 Ρ*
431 4577 435 4644 Ι
451 4578 555 4632 leorare
573 4579 819 4649 Flerg01PVU,
838 4595 890 4649 ego
908 4581 942 4634 F:
996 4583 1082 4636 terius
1104 4582 1153 4634 F¹‘
1173 4584 1178 4648 l
1201 4579 1284 4635 inerit
1304 4579 1395 4634 damu.
1414 4578 1448 4632 de
1466 4578 1551 4634 adult.
1570 4579 1630 4642 PV,
1652 4577 1690 4632 de

253 4643 778 4722 ducidcicrrsimpararchsldlepi.)
815 4653 848 4706 18
860 4665 945 4706 eausa
997 4653 1092 4708 ulteris
1110 4651 1275 4722 dampnatus
1294 4652 1352 4717 (om.
1370 4647 1504 4714 fuerit)L
1552 4649 1588 4704 32
1610 4649 1690 4718 igno

253 4718 412 4787 remittere]
426 4717 535 4783 lP'Vl,
554 4734 638 4774 causa
654 4722 793 4778 remittere
813 4722 842 4787 U,
861 4737 946 4776 causa
998 4723 1097 4778 minias
1115 4729 1207 4778 autern
1220 4723 1293 4786 ΡΨ,
1311 4720 1476 4791 ignominiae
1494 4724 1585 4775 autem
1604 4735 1691 4774 eausa

253 4789 395 4844 semittere
417 4789 467 4854 P0,
490 4805 575 4845 cauea
597 4791 720 4847 emittere
743 4794 784 4859 V0,
810 4807 895 4848 eausa
914 4807 945 4848 se
997 4792 1071 4858 P‘li,
1088 4793 1237 4862 ignominia
1255 4793 1290 4856 (i)
1309 4797 1401 4847 autem
1418 4807 1503 4848 causa
1524 4791 1552 4844 V
1594 4792 1630 4846 34
1648 4791 1690 4860 in]

253 4861 377 4915 emittere
395 4859 420 4914 L
436 4862 440 4926 Ι
455 4859 706 4930 indign‘it'ationem
725 4865 762 4917 Ρ
814 4865 850 4920 20
868 4879 944 4920 exer·
997 4862 1133 4928 F'P‘LU,
1152 4865 1331 4920 cnafflP⁶V=
1349 4863 1388 4918 cic
1405 4861 1691 4934 casuiaBS(Stepb.)

254 4931 375 4986 eitusP·
391 4932 395 4999 Ι
411 4931 549 4988 cohortem
562 4933 609 4984 W
625 4935 630 5000 Ι
646 4933 778 4990 aliamP·
812 4935 944 4990 ueracci-
997 4935 1033 4990 35
1050 4935 1191 5004 consutat]
1210 4941 1339 4992 consens
1355 4935 1395 4989 Ρ·

253 5003 361 5072 piemus
377 4999 454 5056 Μ’
504 5001 596 5060 duab
614 5003 715 5060 om.'P“
734 5007 740 5074 l
759 5005 811 5076 est]
834 5005 945 5070 PVLU,
