3720 5544
961 201 1035 269 XVI

282 379 472 449 inscriptiones
495 379 623 448 leguntur
646 378 674 433 in
698 391 730 434 eo
752 375 820 434 libro
845 377 1046 434 constitutionis
1070 376 1459 442 Tanta51-13.19-24
1485 377 1593 434 4414414
1618 377 1715 434 444114

283 491 311 541 41
328 486 468 541 titulorum
486 485 583 555 index,
601 485 649 554 qui
672 485 737 540 item
756 482 849 540 deficit
865 485 894 540 in
911 482 1053 540 codicibus
1071 482 1233 554 Gaditanis,
1255 484 1343 554 qualis
1365 485 1542 555 praeponitur
1558 485 1716 540 Florentino

282 591 363 662 libro,
388 592 437 648 sed
460 590 649 664 imperfectus,
674 591 791 662 denique
815 597 945 662 excerpta
967 591 1102 663 quaedam
1125 605 1159 646 er
1183 595 1313 661 quattuor
1332 592 1425 662 primis
1443 591 1519 648 libris
1538 592 1715 662 digestorum.

282 700 397 756 soluitur
420 705 512 756 autem
536 715 569 756 ec
592 697 732 770 patefacto
755 698 890 755 dubitatio
913 716 930 754 a
948 697 1079 769 Sauignic
1101 699 1120 754 l.
1134 714 1158 754 c.
1177 715 1205 770 p.
1217 700 1271 754 444
1296 697 1341 760 (41.
1354 699 1515 754 Buonamici
1538 700 1556 753 l.
1570 715 1593 754 o.
1612 716 1639 769 p.
1653 700 1717 768 108)

282 808 437 878 proposita,
460 823 522 862 cum
540 806 725 863 Haioandrum
744 811 851 863 4444141
869 821 939 877 quae
962 821 997 862 ex
1014 805 1179 862 Florentinis
1198 806 1312 876 digestis
1335 787 1461 862 babuerit
1478 821 1528 876 per
1545 804 1716 862 Lndouicum

282 915 464 984 Bologninum
487 914 702 982 (1441-1508)
727 914 843 970 traxisse
868 929 885 968 a
907 913 1054 984 Politiano,
1079 914 1125 983 qui
1148 911 1206 969 lieri
1227 914 1360 985 potuerit,
1388 918 1420 969 ut
1443 912 1601 969 Haloondcr
1623 914 1716 983 legum

282 1021 473 1092 inscriptiones
491 1018 548 1076 1444
566 1022 661 1092 plenas
680 1019 807 1076 exhibeat
825 1020 861 1076 ad
879 1017 976 1076 librum
995 1035 1082 1090 usque
1100 1021 1189 1091 XXV,
1214 1037 1277 1076 cunr
1299 1036 1349 1076 eae
1367 1019 1430 1076 inde
1449 1036 1466 1075 a
1483 1025 1581 1092 quarto
1600 1021 1628 1076 14
1646 1020 1716 1076 Poli-

282 1129 350 1184 tiani
368 1127 553 1198 recognitione
571 1125 709 1184 deficiant.
723 1159 755 1169 -
769 1127 840 1195 Quid
857 1128 1025 1198 praestiterit
1035 1127 1186 1183 Politianus
1199 1143 1249 1184 suo
1261 1126 1354 1184 labore
1367 1131 1395 1183 et
1406 1143 1456 1198 per
1468 1143 1538 1198 quos
1550 1128 1717 1184 innotuerint

283 1235 319 1292 ab
331 1250 364 1292 44
377 1239 522 1307 excerptae
540 1236 634 1292 uariae
651 1236 782 1292 lectiones
800 1233 845 1304 (cf.
858 1234 981 1307 Savigny
996 1237 1021 1304 6,
1034 1236 1095 1290 311.
1108 1235 1162 1290 444
1174 1238 1252 1306 444),
1271 1252 1288 1290 4
1305 1251 1367 1291 444
1384 1236 1525 1306 proposito
1544 1233 1662 1291 alienum
1674 1239 1717 1291 est

284 1346 439 1400 enarrare¹:
462 1346 583 1399 ceterum
601 1342 636 1399 114
653 1343 699 1414 qui
717 1343 746 1399 in
763 1342 831 1398 hacc
849 1342 941 1398 studia
959 1342 1095 1413 inquirent
1117 1358 1172 1398 uon
1194 1342 1383 1413 neglegendae
1406 1345 1487 1398 erunt
1510 1343 1644 1413 epistulae
1668 1359 1717 1398 nu·

283 1466 333 1521 per
357 1451 560 1507 aBuonaurico
583 1451 673 1506 441144
695 1449 830 1506 Ludouici
853 1449 997 1519 Bolognini
1020 1449 1056 1504 ad
1079 1451 1256 1506 Laurentium
1279 1449 1411 1505 Medicam
1435 1449 1553 1519 scriptae
1575 1449 1717 1505 Bononiae

283 1557 393 1614 41490
411 1558 498 1613 laub
516 1559 593 1628 419,
617 1557 717 1629 quibus
739 1573 789 1629 per
812 1557 937 1612 nuntium
958 1555 994 1612 ob
1012 1557 1041 1612 id
1064 1558 1154 1627 ipsum
1177 1557 1290 1613 414444
1308 1561 1389 1626 rogat
1407 1561 1438 1612 41
1456 1557 1490 1610 D.
1503 1557 1547 1626 45,
1562 1557 1586 1627 1,
1598 1556 1654 1626 4,1
1675 1555 1717 1612 ‘ab

284 1664 461 1736 originalibus
479 1664 630 1736 pandectis'
654 1664 706 1722 sibi
729 1661 928 1720 manscribatur
950 1663 1033 1734 idque
1054 1665 1183 1735 impetrat
1205 1679 1254 1735 per
1272 1663 1408 1734 Angelum
1427 1663 1590 1719 Politiaoum
1611 1661 1718 1731 (4184-

284 1772 370 1844 rigny
393 1774 424 1843 6,
449 1773 521 1838 363).
551 1771 604 1828 boc
625 1776 719 1828 notum
742 1775 787 1828 est
809 1771 973 1828 Politianum
997 1773 1114 1842 primurn
1137 1770 1236 1842 141444,
1264 1771 1311 1842 qui
1334 1769 1441 1826 Graeca
1469 1785 1505 1824 ox
1531 1769 1647 1839 digestis
1670 1771 1718 1826 de·

285 1879 455 1950 scripserit¹z
479 1883 608 1949 44141444
632 1879 834 1936 constitutionis
852 1878 976 1934 4444444
1001 1880 1155 1950 exemplum
1179 1878 1347 1934 aPolitiano
1370 1875 1473 1932 iactum
1499 1877 1527 1932 in
1550 1874 1622 1933 foliis
1639 1893 1718 1948 prae·

284 1986 382 2058 positis
399 1984 542 2042 lniortiato
561 1985 719 2056 Gaddiann,
737 1987 816 2043 cuius
834 1987 926 2057 aliqua
944 1987 987 2042 uel
1005 1986 1087 2043 hodie
1105 1987 1208 2042 utilitas
1226 1989 1278 2055 est,
1297 1985 1347 2040 sed
1365 1985 1473 2054 exigua.
1501 2000 1564 2039 nam
1583 1984 1663 2041 deest
1679 1983 1719 2040 ibi

285 2091 342 2150 folii
365 2092 500 2164 deperditi
523 2098 600 2150 recta
622 2098 682 2150 1414
705 2099 814 2165 praeter
834 2093 1039 2164 inscriptionem
1063 2085 1211 2164 incipitque
1233 2109 1250 2148 a
1276 2107 1356 2148 nerse
1379 2091 1489 2147 demum
1514 2091 1574 2147 siue
1592 2083 1719 2142 44441414

285 2218 312 2272 p.
324 2201 456 2270 XXXV',
475 2202 509 2256 l'l
530 2220 578 2272 nep
597 2200 676 2266 indo)
694 2201 952 2272 capuaciortilaara.
980 2200 1119 2257 Aloiatum
1143 2205 1234 2256 autem
1253 2215 1315 2256 cum
1338 2203 1445 2255 4044141
1462 2197 1645 2254 Florentinum
1663 2210 1720 2251 non

285 2307 395 2364 nouisse
414 2308 466 2364 nisi
483 2322 535 2378 ope
553 2308 671 2378 exempli
689 2308 829 2379 Politiani,
854 2309 1009 2365 uniuersam
1029 2307 1251 2365 constitutionem
1272 2307 1346 2364 illam
1364 2306 1469 2362 Graece
1488 2321 1518 2361 se
1536 2303 1637 2360 habere
1655 2317 1719 2358 cco·

285 2415 443 2472 tendentem
462 2416 605 2471 mentitum
623 2430 685 2472 esse
702 2430 828 2487 quaeque
839 2431 881 2472 ex
898 2416 987 2486 prima
1004 2417 1050 2472 illa
1067 2416 1169 2487 pagina
1187 2415 1302 2485 attulit³,
1321 2415 1411 2485 ipsum
1429 2413 1545 2470 44411444
1563 2427 1598 2468 444
1614 2409 1720 2467 Latinis

287 2522 389 2580 dicdum
408 2521 580 2594 Augustinus
598 2522 716 2592 (emend.
734 2523 782 2579 l.3
801 2538 825 2578 c.
838 2523 866 2589 3)
884 2522 1091 2579 demonstrauit.

127 2642 268 2717 intingu-
340 2629 477 2687 Antonius
494 2629 687 2687 Auousrnius
705 2631 844 2702 Hispanus
862 2629 1133 2702 Caesaraugustanus
1151 2629 1363 2698 (1511-1586),
1386 2628 1433 2699 qui
1457 2631 1487 2682 nt
1507 2626 1536 2681 in
1557 2624 1617 2680 aliis
1635 2624 1674 2679 ita
1691 2623 1720 2678 14

161 2709 234 2754 “¹¹⁸³
287 2737 456 2810 1414444444
474 2737 572 2793 studiis
591 2736 743 2794 eruditione
761 2736 913 2794 subtilitate
931 2735 986 2793 tide
1004 2737 1132 2807 aequales
1149 2737 1232 2807 longe
1247 2734 1396 2806 superauit,
1414 2734 1522 2805 qualern
1534 2733 1562 2788 in
1573 2730 1720 2802 pandecta·

287 2861 346 2902 rum
369 2845 439 2901 libro
461 2859 572 2916 operam
596 2845 719 2916 posuerit
736 2844 890 2901 Florentiae
911 2860 1021 2901 morans
1039 2845 1161 2916 41542,
1186 2844 1245 2914 ipse
1264 2842 1430 2899 declaratio
1449 2841 1567 2912 epistula
1584 2837 1721 2894 Emenda-

286 2951 407 3008 tionibus
425 2957 454 3008 41
465 2951 645 3023 Opinionlbos
663 2952 790 3024 (primum
804 2951 885 3008 editis
899 2951 1152 3020 11444111441543)
1166 2951 1331 3022 praemissar
1350 2948 1419 3006 'curn
1433 2944 1606 3018 didicissem',
1624 2945 1720 3016 inquit,

287 3059 426 3130 ‘optimam
443 3060 510 3116 ioris
528 3060 616 3116 ciuilis
633 3065 737 3130 partem
757 3075 792 3115 ex
810 3058 985 3116 nobilissimis
1003 3060 1055 3115 illis
1073 3057 1162 3130 libris,
1187 3059 1233 3129 qui
1251 3058 1405 3114 Florentiae
1424 3071 1496 3112 nunc
1514 3059 1590 3125 sunt,
1612 3057 1720 3124 patrum

286 3166 448 3224 ‘nostrornm
472 3167 603 3224 4444414
626 3165 734 3224 1444441
756 3167 840 3238 Pisis,
863 3167 1027 3237 exscriptam
1048 3180 1124 3238 esse,
1148 3181 1210 3222 cum
1228 3166 1346 3237 primum
1364 3179 1414 3235 per
1432 3169 1583 3220 oetcrarnm
1601 3160 1721 3232 partium

287 3274 387 3332 ‘studia
404 3275 471 3331 iuris
487 3275 572 3346 114411,
594 3292 611 3331 4
629 3274 729 3331 (14444
746 3273 851 3330 1144144
869 3275 1021 3330 Tuscorum
1040 3273 1110 3329 4444
1128 3273 1325 3329 humanissimo
1342 3271 1491 3356 1444414441ο
1507 3308 1587 3326 .....
1605 3273 1637 3324 41
1655 3265 1722 3322 mihi

288 3381 323 3438 ‘et
340 3382 436 3438 loanni
453 3382 562 3438 lietello
579 3380 707 3452 Sequano
725 3381 894 3438 adulescenti
912 3380 1033 3438 moribus
1054 3385 1083 3437 ct
1098 3381 1210 3451 ¹ingenio
1228 3380 1374 3451 praeclaris
1391 3378 1498 3435 tamdiu
1516 3377 1568 3432 illis
1586 3373 1663 3430 libris
1680 3373 1722 3430 uti

288 3489 401 3560 1144441,
424 3488 555 3560 quamdiu
572 3495 726 3546 444144444
744 3489 874 3546 librorum
892 3489 1077 3552 mundationi
1095 3503 1207 3559 operam
1224 3487 1290 3543 darc
1310 3485 1462 3543 noluimus'.
1491 3499 1556 3540 mcx
1574 3480 1675 3538 subicit
1691 3495 1721 3536 oe

287 3601 399 3667 propter
414 3594 525 3666 legendi
542 3594 731 3652 difficultatem
749 3597 832 3652 etiam
850 3595 950 3666 Angeli
962 3595 1089 3652 Politiani
1106 3593 1191 3650 libros
1210 3592 1367 3650 adhibuisse
1385 3593 1542 3660 auxilioque
1561 3605 1641 3646 usum
1659 3601 1722 3643 esse

286 3702 373 3758 Laelii
390 3701 522 3772 14444111,
547 3717 598 3758 444
621 3703 737 3772 amplios
761 3708 818 3758 tres
840 3717 948 3758 menses
972 3703 997 3758 ei
1020 3701 1108 3758 labori
1125 3701 1300 3771 impendisse.
1332 3715 1367 3755 ex
1385 3699 1427 3755 his
1445 3699 1544 3755 studiis
1562 3696 1723 3766 prodierunt

287 3808 419 3879 imprimis
431 3807 578 3879 Augustini
596 3809 790 3865 commentaria
807 3807 862 3864 duo
880 3809 1021 3880 praeclara
1039 3807 1174 3864 41441444
1192 3808 1346 3878 utilissima,
1365 3807 1480 3862 alterum
1499 3802 1722 3860 emendationum

288 3919 317 3972 et
334 3915 500 3986 opinionum,
519 3917 635 3972 alterurn
652 3915 687 3973 de
706 3913 861 3972 nominibus
879 3917 996 3987 propriis
1014 3917 1043 3971 in
1059 3914 1202 3986 pandectis
1221 3915 1347 3986 (primum
1366 3912 1469 3970 editum
1483 3912 1639 3967 Tarracone
1652 3908 1722 3963 1419

288 4021 360 4091 loll:
383 4026 527 4092 praeterea
549 4039 642 4080 eornm
666 4023 783 4094 uesdgia
805 4038 868 4078 cum
889 4023 954 4079 alibi
971 4023 1143 4093 reperiuntur
1160 4027 1219 4078 tum
1237 4023 1266 4078 in
1283 4021 1408 4092 epistulis
1426 4017 1577 4090 Augustini
1595 4015 1631 4072 ad
1649 4015 1722 4070 Τ44·

342 4182 352 4217 ¹
373 4181 434 4233 Cum
451 4182 549 4235 duobus
564 4183 626 4236 locis
638 4182 773 4250 Sanignius
785 4193 875 4251 agitat
885 4184 1037 4236 Politianmu
1048 4184 1113 4236 malo
1124 4184 1251 4236 rettulisse
1264 4184 1397 4236 lectionem
1408 4182 1466 4234 libri
1477 4178 1624 4242 Florentiui,
1642 4177 1722 4230 altero

289 4270 321 4321 D.
333 4269 377 4332 43,
393 4268 513 4338 liupr.
531 4289 582 4324 uon
599 4273 738 4325 Politionus
756 4273 863 4336 errauit,
888 4273 1082 4326 4441444144
1106 4273 1172 4325 molo
1194 4273 1280 4324 tacuit.
1386 4269 1589 4323 'Bononienaca
1613 4267 1673 4334 quid
1695 4268 1721 4318 in

290 4359 394 4411 (1444414
413 4360 595 4426 praestiterint,
618 4369 676 4430 post
693 4361 755 4414 alica
779 4363 938 4429 exposuimus
960 4362 986 4413 in
1007 4363 1148 4429 appendice
1166 4371 1256 4428 quarta
1273 4361 1405 4414 uoluminis
1423 4361 1513 4427 prioris
1532 4360 1568 4426 (p.
1581 4357 1630 4410 35·
1644 4357 1722 4424 seq.):

290 4447 390 4500 Graeca
407 4457 491 4500 44144
508 4450 534 4501 14
553 4451 674 4518 principio
693 4451 803 4517 corporis
821 4452 904 4518 posita
928 4469 958 4503 eo
983 4461 1096 4519 tempore
1118 4452 1195 4519 plane
1218 4451 1335 4503 uidentur
1352 4450 1469 4516 neglecta
1487 4466 1552 4500 esse.
1580 4447 1613 4498 44
1631 4465 1662 4498 ea
1680 4447 1722 4512 qui

289 4537 363 4603 primi
381 4538 556 4603 attenderunt,
575 4539 692 4592 uidentur
709 4539 788 4591 fuisse
807 4540 999 4607 Christophorus
1017 4541 1146 4592 bandinus
1169 4549 1195 4592 et
1212 4540 1339 4592 1144411144
1356 4540 1456 4590 1141444
1475 4557 1499 4590 a.
1513 4537 1596 4600 1486,
1619 4537 1662 4603 qni
1678 4553 1720 4586 re·

289 4635 361 4692 porto
385 4627 564 4693 epigrammate
588 4647 614 4696 p.
631 4628 708 4680 XXI*
735 4629 823 4684 41111444
848 4627 1029 4695 'intercalando
1051 4648 1104 4697 seq.
1128 4631 1176 4682 sibi
1199 4639 1379 4697 persuaserunt
1404 4628 1459 4681 1444
1481 4628 1599 4680 uolumen
1621 4625 1721 4692 propria

289 4713 374 4766 ‘fnisse
392 4717 425 4767 ab
443 4715 498 4783 ipsc
516 4716 654 4771 Iustiniana
672 4717 831 4784 compilatum
848 4736 931 4786 neque
955 4719 1035 4772 solum
1056 4717 1240 4787 transcriptum’
1258 4719 1428 4785 (Brencmanu
1445 4719 1504 4770 hist.
1517 4717 1593 4783 pand.
1611 4733 1637 4782 p.
1651 4715 1721 4782 199).

289 4803 301 4838 ⁸
320 4803 362 4856 Sic
380 4805 415 4856 ait
432 4804 641 4870 Dispunctionum
658 4805 675 4860 l.
687 4805 724 4857 iv
742 4823 764 4858 o.
777 4808 824 4860 81:
844 4807 877 4859 'in
896 4810 1052 4876 autographo
1071 4810 1169 4862 (144444
1188 4810 1223 4860 414
1241 4808 1345 4876 legitur:
1370 4807 1420 4862 uia
1438 4805 1471 4861 τὸ
1489 4805 1565 4877 ipson
1583 4803 1664 4866 reiro
1681 4803 1722 4870 τῷ

289 4891 388 4960 iniero)
407 4890 479 4964 iabpi
499 4893 670 4964 Tprimaiaarb
691 4892 868 4964 ’euarpiuaasa
890 4897 930 4964 τῷ
953 4897 1159 4968 caparrelripxrp
1185 4898 1222 4952 441
1246 4897 1295 4958 roi
1319 4895 1390 4966 ispo?
1414 4893 1561 4967 iaaarbpor
1582 4893 1659 4963 444414
1682 4892 1720 4946 rai

289 4979 396 5048 14414ῳῖ
423 4970 550 5050 pe'rtincnt
567 4983 601 5035 44
618 4984 700 5036 locum
718 5003 744 5053 p.
756 4983 881 5048 XXXII',
899 4985 942 5038 20.
