3778 5544
158 303 356 353 terroremue
828 281 913 362 305
1317 286 1403 353 VIIII
1423 289 1444 352 4
1465 291 1580 348 tl-te

111 443 142 499 41
206 442 283 498 lusu
300 441 368 498 iibre
385 442 506 498 seeundo
524 441 560 498 ud
578 443 702 499 Urseium
720 443 859 498 Fereeem.
893 443 962 499 Ouru
980 457 1076 498 seruus
1094 443 1245 498 eommunis
1264 443 1340 498 siteri
1358 442 1405 498 (ie
1424 436 1621 526 Qui

158 531 286 586 uiuorum
305 530 432 586 durum]
451 531 550 586 iniuria
566 531 651 602 dedit,
668 531 770 588 ideireo
787 531 856 602 legis
868 529 994 602 Aquiliae
1012 531 1084 588 estio
1101 546 1156 587 neu
1168 537 1218 601 est,
1237 531 1309 602 quis,
1327 531 1351 588 si
1363 535 1492 588 extraneo
1505 531 1581 586 dum-

158 634 218 674 uum
236 618 365 690 dedisset,
383 635 446 675 eum
465 621 551 676 altere
568 620 596 676 in
614 619 731 676 solidum
746 620 807 690 iege
819 619 930 690 Aquilia
948 621 994 690 sgi
1010 624 1119 691 posset:
1137 619 1226 690 sieut.
1245 635 1307 676 eum
1322 635 1419 676 seruus
1429 619 1581 676 eommunis

157 705 254 762 furtum
272 705 376 778 iecerit,
393 723 456 764 eum
475 709 561 764 ultero
579 708 689 764 domine
706 707 773 764 furti
790 709 836 779 egi
854 724 909 765 nou
927 713 1026 780 potest,
1037 709 1094 764 'sed
1112 709 1249 765 uerumuui
1262 708 1412 764 diuidundo
1424 709 1469 779 egi
1480 713 1579 778 petest
1600 723 1616 764 s

109 797 142 854 42
206 795 357 852 umens
373 795 443 852 liure
460 797 619 867 uigeusirue
638 798 754 868 septimo
772 797 808 853 ed
826 797 954 854 edietum.
987 796 1017 856 si
1034 797 1070 853 ud
1086 797 1241 854 libertatem
1258 797 1407 868 proelums·
1438 793 1581 866 [ussit
1599 805 1635 860 8·

158 885 223 940 uerit
244 885 269 940 is
292 885 370 940 euius
388 885 497 941 neruiue
514 887 613 942 uoxsle
629 887 759 942 iuditium
778 891 936 958 susceptum
954 892 1009 956 est,
1033 887 1162 943 sustineri
1179 887 1262 942 debet
1278 886 1307 942 id
1324 886 1467 956 iuditium,
1491 887 1582 958 questi

158 973 190 1028 de
206 977 281 1028 stetu
299 975 358 1029 eius
375 973 523 1030 iudieetur:
540 979 570 1030 et
587 974 635 1044 sie,
654 975 677 1030 si
695 974 805 1048 quidem
824 991 920 1032 seruus
938 973 1020 1031 iuerit
1036 975 1235 1046 prenuntiatus,
1253 975 1351 1030 noxale
1364 975 1493 1032 iudicium
1506 991 1582 1033 exer-

130 1075 141 1119 ι
158 1061 266 1133 uehitur,
285 1061 403 1132 uiliter,
421 1063 515 1120 iuuu'le
533 1063 677 1120 uidebitur.
706 1063 736 1120 Si
753 1065 814 1134 puis
831 1079 882 1134 pro
896 1078 976 1120 seruo
988 1067 1095 1120 murtro
1107 1064 1236 1133 ignorum
1247 1078 1310 1120 euru
1321 1062 1473 1120 deuenisse
1485 1066 1583 1122 uenis

128 1149 283 1208 riedirium
301 1152 446 1222 seeeperit,
465 1146 573 1208 'sbsoiui
591 1151 681 1223 debet,
699 1153 765 1222 quis
781 1152 854 1208 desit
870 1167 965 1210 uerum
983 1166 1044 1208 esse
1061 1157 1173 1222 propter
1190 1165 1252 1208 eum
1271 1151 1336 1207 dure
1354 1157 1488 1222 oportere.
1523 1153 1583 1210 Hes

156 1239 274 1294 setium
292 1245 441 1310 perpetuus
458 1246 524 1296 suut
540 1241 684 1312 iusumque
702 1239 843 1297 hebebuut
860 1241 972 1311 tamdiu,
991 1239 1121 1312 quamdiu
1140 1241 1213 1296 serui
1230 1239 1347 1296 dedendi
1363 1238 1521 1298 fucultatem
1536 1242 1583 1298 hs·
1602 1257 1630 1298 ιο

156 1325 261 1383 bernuin
284 1343 336 1384 uee
361 1333 468 1386 tuntum
490 1327 583 1400 uobis,
607 1345 703 1386 uerum
727 1331 809 1386 etism
832 1329 1036 1386 summioribus
1055 1329 1157 1386 uostris
1174 1334 1344 1400 sempeteut,
1366 1329 1432 1384 item
1450 1330 1583 1386 aduersus

155 1430 334 1488 successores,
353 1417 403 1473 sed
420 1433 475 1474 uon
493 1419 572 1488 qussi
589 1419 617 1474 iu
634 1433 816 1488 susuessores,
835 1417 885 1474 sed
902 1419 960 1474 iure
977 1419 1098 1476 dominii.
1125 1417 1239 1489 proinde
1256 1423 1285 1474 et
1302 1418 1326 1474 si
1343 1433 1440 1474 seruus
1452 1418 1488 1474 ed
1500 1419 1582 1476 ulium

155 1505 310 1574 peruenisse
327 1511 503 1577 proponetur,
522 1507 580 1562 iure
598 1506 710 1562 dominii
727 1507 819 1562 uersii
835 1507 936 1564 iuditio
954 1523 1042 1564 nouus
1060 1507 1187 1564 domiuus
1204 1505 1389 1562 eouueuietur.

107 1595 140 1656 43
204 1592 377 1650 Poupourus
399 1593 468 1650 libro
490 1601 590 1652 octeno
612 1595 798 1665 epistularum.
834 1594 926 1666 Serui,
949 1611 1063 1665 quorum
1087 1610 1160 1651 noxe
1177 1599 1261 1666 eaput
1277 1593 1408 1665 sequitur,
1427 1589 1628 1680 ΜΛ

155 1679 191 1736 ibi
207 1681 373 1739 defendendi
390 1690 467 1754 sunt,
486 1683 533 1740 ubi
551 1683 697 1754 deliquisse
716 1688 878 1755 urguentur:
895 1685 988 1754 ireque
1006 1699 1101 1742 seruos
1119 1683 1245 1740 domiuus
1263 1681 1360 1740 eodem
1378 1683 1437 1740 loeo
1456 1681 1584 1768 exhibere
1603 1701 1632 1742 rs

156 1767 241 1842 tebet,
259 1770 309 1828 ubi
327 1773 383 1828 uim
401 1771 525 1828 intulisse
543 1773 668 1828 dicentur
684 1777 714 1829 et
730 1789 823 1830 serere
840 1774 961 1830 omnium
979 1773 1099 1830 duminio
1116 1777 1217 1844 potest,
1234 1773 1258 1828 si
1275 1787 1324 1828 eos
1341 1786 1396 1828 nou
1413 1771 1551 1828 defendet

154 1885 336 1958 FIPWLUH

155 2065 362 2136 3poseitPVL
398 2065 624 2124 suominumP·
666 2067 841 2134 idems.V,
896 2069 930 2124 13
947 2067 1118 2140 peruenisset
1134 2067 1175 2122 P·
1219 2067 1252 2122 14
1270 2081 1342 2124 uexe
1360 2066 1401 2120 P·
1448 2066 1482 2122 15
1500 2065 1585 2124 deliu-

156 2137 259 2205 err.Pl
281 2136 461 2208 exercebitur]
486 2139 620 2208 excipitur
651 2139 679 2192 P
728 2138 831 2195 8liber
894 2139 987 2208 quisse
1010 2139 1072 2194 m
1127 2139 1161 2193 16
1184 2137 1311 2194 dieuutur
1328 2135 1432 2204 PVUi
1454 2135 1584 2208 omnium]

154 2207 331 2264 libertumP·
371 2208 488 2265 iihee'e'
501 2216 554 2265 set
567 2210 606 2264 F’
641 2211 675 2264 10
686 2209 831 2280 iocumque
894 2210 1004 2266 omniuo
1020 2209 1062 2264 P·
1080 2211 1086 2277 Ι
1104 2209 1207 2282 potest]
1230 2213 1326 2280 putero
1345 2207 1448 2262 PVLU
1468 2209 1473 2276 Ι
1493 2207 1585 2264 deien-

155 2277 239 2334 ioeum
263 2295 347 2351 quem
366 2281 406 2335 P·
426 2281 431 2347 Ι
452 2280 550 2336 edendi
568 2281 602 2345 F,
620 2279 785 2336 defendendi
802 2281 841 2336 L:
894 2281 958 2337 duur
976 2281 1082 2338 PVLU

155 2347 193 2414 'et'
215 2349 280 2407 teor
309 2351 326 2406 ὁ
349 2349 508 2416 issruuesoc
533 2350 654 2414 inuitur
680 2352 786 2416 tirsum
813 2353 842 2408 B
