3766 5554
966 252 1054 335 650
1678 281 1727 330 urs

1022 546 1030 565 ,
1746 503 1812 550 usis

771 617 809 695 R
847 616 912 693 DE
941 480 1170 695 Tittlissos
1211 617 1249 696 u
1746 635 1815 690 usu

253 773 269 830 1
343 769 497 828 hausurus
515 773 562 842 qui
580 775 609 828 et
627 772 788 830 Οιιιιιιειιιι
804 771 874 828 libro
892 773 1024 843 singulari
1041 774 1077 829 de
1095 773 1221 830 mathus.
1254 771 1484 828 Testimoniorum
1502 787 1569 828 usus
1587 767 1728 858 Q
1748 780 1783 836 's

257 871 269 916 1
288 858 417 930 frequens
435 877 468 916 ec
486 862 658 917 necessarius
676 866 765 916 estet
783 859 819 915 ah
836 861 879 916 his
897 864 1044 933 praecipue
1063 863 1222 933 exigendus,
1241 877 1357 932 quorum
1374 860 1444 916 fides
1456 877 1511 916 non
1522 863 1642 919 uacillet
1669 862 1728 918 Ad·

288 947 375 1004 hiberi
399 953 523 1020 quoque¹
543 955 628 1005 testes
650 955 768 1020 possunt
789 965 844 1005 non
865 952 953 1006 solum
972 953 999 1006 in
1018 951 1203 1008 criminalibus
1221 952 1325 1021 causis,
1348 949 1399 1005 sed
1416 950 1499 1005 etiam
1517 950 1545 1005 in
1562 952 1729 1020 pecuniariis
1747 963 1761 1005 ι

287 1037 381 1093 litibus
404 1037 492 1094 sicubi
515 1054 560 1095 res
577 1040 710 1110 postulet,
735 1054 768 1095 ee
786 1037 828 1096 his
846 1038 946 1108 quibus
963 1055 1019 1095 non
1037 1040 1207 1096 interdicitur
1225 1039 1412 1096 testimonium
1430 1053 1482 1096 noo
1499 1040 1556 1094 nlla
1572 1041 1634 1110 lege
1652 1057 1672 1095 a
1687 1040 1728 1096 di·

256 1139 270 1184 ι
288 1125 376 1182 cendo
395 1127 550 1182 testimonio
568 1133 742 1183 excusantur.
770 1126 941 1197 Quamquam
960 1128 1123 1199 quibusdam
1141 1128 1248 1199 legibus
1267 1129 1450 1199 amplissimus
1467 1143 1598 1185 numerus
1615 1129 1729 1184 mitum

288 1213 417 1272 definitus
441 1216 489 1286 sit,
513 1221 606 1272 tamen
630 1231 665 1272 er
687 1217 927 1274 constitutionibus
944 1218 1098 1289 principum
1116 1217 1185 1274 haec
1201 1219 1313 1274 licentia
1330 1217 1366 1272 nd
1384 1215 1565 1274 sufficientem
1583 1231 1728 1273 numerum

288 1305 400 1360 testim
418 1309 570 1375 coartatur,
595 1309 627 1360 ut
643 1305 748 1362 iudices
767 1307 943 1362 moderentur
960 1309 989 1362 et
1007 1321 1070 1362 eum
1089 1307 1177 1362 solum
1195 1321 1338 1362 numerum
1356 1306 1481 1376 testium,
1500 1321 1583 1376 quem
1600 1321 1729 1362 necessa·

287 1393 358 1448 rium
377 1408 438 1448 esee
456 1395 622 1465 putauerint,
640 1396 750 1450 euocari
767 1396 915 1465 patientur,
933 1409 969 1450 ne
987 1395 1120 1451 effrenata
1136 1399 1275 1466 potestate
1292 1396 1328 1452 ud
1344 1395 1485 1452 uexandus
1497 1395 1621 1450 homines
1633 1409 1729 1467 super·
1749 1411 1776 1451 ιι

287 1479 344 1538 dua
361 1482 507 1538 multitudo
525 1483 638 1538 testium
655 1483 838 1554 protrahatur.

251 1573 269 1631 2
341 1571 535 1628 Monnsrurus
553 1571 622 1628 libro
640 1578 740 1628 cctam
758 1573 922 1642 regularum.
950 1572 982 1628 In
1000 1572 1164 1629 testimoniis
1183 1577 1276 1629 autem
1293 1572 1414 1643 dignitas
1431 1570 1500 1628 tides
1513 1587 1570 1629 mo·
1588 1568 1729 1658 Q
1760 1583 1785 1638 Ε

288 1674 332 1716 res
350 1661 473 1730 grardtes
492 1661 674 1718 examinanda
691 1666 748 1718 est:
772 1665 802 1718 et
817 1661 880 1717 ideo
898 1665 998 1733 ιοιιιοι,
1017 1663 1064 1732 qui
1082 1662 1215 1718 adnemus
1232 1660 1316 1718 tidem
1334 1677 1399 1717 sues
1415 1661 1571 1718 testationis
1589 1663 1729 1734 uacfflant,

287 1747 417 1804 audiendi
435 1763 490 1804 non
508 1755 580 1806 sunt.
1748 1767 1777 1809 rs

250 1838 269 1898 3
341 1837 567 1895 Occursu-nurus
585 1836 654 1894 libro
667 1842 766 1908 quarto
778 1837 813 1894 de
825 1836 1035 1908 cognitionibus.
1063 1838 1269 1896 Testiumides
1281 1839 1427 1909 cogente
1444 1833 1729 1928 Q
1761 1847 1786 1902 li

288 1926 472 1982 examinanda
489 1933 540 1983 est.
571 1927 689 1998 ideoque
706 1927 735 1983 in
753 1941 872 1999 persone
889 1942 982 1983 corum
1002 1928 1170 2000 exploranda
1187 1934 1268 1985 erunt
1284 1929 1314 1984 in
1331 1929 1426 2000 prinis
1443 1929 1568 1986 condicio
1586 1931 1729 2001 cmusque,

287 2021 378 2072 utrum
397 2016 460 2086 quis
477 2016 590 2074 decurio
608 2033 644 2073 au
660 2015 785 2086 plebeius
804 2017 855 2072 eit:
873 2021 903 2072 et
920 2033 956 2072 an
974 2016 1105 2074 honmtee
1123 2023 1152 2072 et
1163 2017 1318 2087 inculpatae
1330 2018 1405 2073 uitae
1417 2033 1454 2073 an
1464 2033 1531 2074 uero
1542 2023 1655 2074 uotatm
1667 2019 1730 2090 ouh

287 2108 317 2160 et
339 2103 573 2175 reprehensibilis:
597 2121 634 2161 an
657 2106 778 2176 locuples
801 2106 845 2161 uel
869 2121 955 2175 egens
973 2106 1022 2176 sit,
1045 2111 1079 2161 ut
1095 2106 1163 2161 lucri
1180 2121 1265 2162 causa
1282 2105 1348 2176 quid
1365 2104 1447 2162 facile
1464 2106 1606 2162 admittat:
1630 2109 1676 2163 uel
1693 2123 1731 2164 an

287 2193 414 2250 inimicus
432 2194 458 2250 ei
476 2194 526 2264 sit,
551 2195 685 2251 aduersus
703 2209 785 2264 quem
804 2195 990 2250 testimonium
1008 2193 1076 2266 fert,
1098 2195 1143 2250 uel
1160 2196 1266 2252 amicus
1283 2195 1310 2250 ei
1326 2195 1375 2264 sit,
1399 2211 1449 2266 pro
1467 2211 1522 2266 quc
1539 2197 1729 2254 testimonium

288 2281 344 2338 dat
372 2297 436 2338 nem
455 2283 480 2338 si
497 2289 591 2340 careat
607 2284 765 2354 suspicione
782 2284 968 2340 testimonium
986 2285 1031 2340 uel
1041 2289 1153 2355 propter
1164 2299 1309 2354 personam
1322 2299 1407 2354 aqna
1417 2282 1505 2340 fertur
1515 2285 1601 2356 (quod
1613 2284 1731 2342 honesta
1748 2295 1777 2337 so

288 2371 335 2436 sit)
353 2371 398 2426 uel
415 2374 527 2441 propter
545 2387 657 2427 causam
675 2372 760 2442 (quod
779 2387 868 2443 neque
885 2373 954 2428 lucri
971 2388 1061 2443 neque
1078 2373 1181 2443 gratias
1198 2388 1289 2443 neque
1305 2373 1465 2430 inimicitiae
1483 2389 1568 2430 cama
1583 2373 1662 2445 liv),
1680 2375 1730 2431 ad·

255 2470 268 2516 1
287 2459 439 2516 mittendus
456 2465 507 2515 est
534 2460 654 2531 Ideoque
672 2461 754 2516 diuus
766 2461 923 2517 Hadrianus
935 2460 1016 2518 Uibio
1029 2461 1103 2518 Uaro
1113 2462 1206 2532 legato
1218 2461 1375 2533 prouinciae
1388 2461 1500 2519 Ciliciae
1511 2463 1654 2534 rescripsit
1665 2479 1730 2522 eum

288 2549 335 2619 qui
353 2547 456 2605 iudicat
474 2549 562 2619 magis
579 2564 662 2620 posse
679 2550 758 2620 scire,
777 2556 881 2620 quanta
896 2549 967 2606 ides
983 2549 1110 2607 habenda
1122 2551 1158 2607 sit
1170 2549 1296 2606 testibus.
1323 2550 1410 2606 uerba
1421 2552 1556 2622 epistulae
1567 2551 1639 2608 haec
1649 2558 1730 2609 sunt:

288 2637 338 2692 'Tu
363 2637 451 2706 map's
470 2639 540 2694 scire
557 2642 650 2709 potes,
675 2644 779 2708 quanta
796 2639 864 2694 tides
882 2639 1011 2696 habenda
1027 2640 1064 2696 sit
1080 2639 1211 2710 testibus,
1236 2639 1283 2710 qui
1300 2645 1330 2695 et
1346 2640 1426 2695 cuius
1443 2640 1585 2711 dubitatis
1603 2648 1634 2698 et
1650 2643 1730 2698 cuius

288 2724 505 2782 'existimationis
523 2727 592 2798 siut,
610 2732 640 2784 et
657 2728 704 2799 qui
721 2729 880 2800 simpliciter
898 2729 951 2784 uisi
968 2729 1024 2785 sint
1041 2727 1132 2784 dicere
1154 2733 1247 2784 utrum
1270 2745 1355 2784 uuum
1374 2729 1546 2801 eundemque
1564 2731 1731 2788 mediatum
1749 2739 1779 2782 aa

287 2812 448 2871 'sermonem
471 2816 613 2872 attulerint
637 2833 673 2873 an
695 2816 732 2873 ad
756 2833 790 2874 ee
807 2833 878 2888 quae
896 2819 1116 2888 interroganti-as
1134 2831 1170 2872 ex
1186 2822 1309 2888 tempore
1327 2817 1486 2874 uerisimilia
1501 2819 1730 2890 responderint'⁸.

255 2911 270 2958 a
287 2903 418 2959 Eiusdem
437 2919 545 2974 quoque
563 2906 694 2977 principis
712 2911 804 2962 exstat
819 2908 981 2978 rescriptum
999 2906 1036 2962 ad
1048 2906 1185 2963 Ualerium
1199 2905 1300 2964 Uerum
1318 2906 1354 2962 de
1372 2907 1537 2963 excutienda
1548 2906 1604 2966 fide
1616 2909 1731 2965 testium

286 2992 315 3048 in
339 2991 407 3048 hece
430 2991 528 3050 uerba:
546 2993 632 3061 'Quae
653 3001 817 3065 argumenta
838 2995 874 3052 ad
891 3011 974 3067 quem
992 2995 1104 3054 modum
1124 2994 1283 3068 probandae
1301 2995 1400 3066 cuique
1418 2997 1459 3052 rei
1476 2995 1630 3068 sufficiant,
1655 2999 1731 3056 nullo

287 3080 370 3142 'certo
394 3081 476 3138 modo
498 3083 567 3138 satis
591 3082 698 3140 deliniri
720 3090 821 3155 potest
853 3086 926 3141 deut
948 3100 1004 3141 non
1028 3099 1149 3156 semper,
1173 3086 1213 3141 ita
1230 3099 1314 3156 saepe
1332 3085 1391 3141 sine
1409 3085 1526 3156 publicis
1543 3087 1731 3144 monumentis

287 3169 426 3242 ‘cuiusque
444 3171 484 3227 rei
501 3172 604 3228 ueritas
618 3173 838 3244 deprehenditur.
865 3173 934 3230 alias
945 3189 1076 3231 nummus
1087 3175 1210 3245 testinm,
1227 3174 1296 3230 alias
1308 3173 1429 3245 dignitas
1440 3177 1471 3230 ct
1480 3175 1642 3247 auctoritas,
1660 3175 1731 3232 alias
1750 3188 1781 3230 ac

285 3267 477 3340 F[P(VLU)]

288 3411 298 3448 ²
316 3409 494 3480 adhiberlquo
511 3411 614 3479 (Haut
678 3413 690 3450 ¹
708 3413 746 3468 su
763 3414 798 3478 (u.
812 3413 859 3480 i.)⁴?
923 3415 935 3449 ⁸
952 3421 1105 3485 rescriptam
1120 3421 1222 3485 perce
1237 3420 1386 3486 cenapium
1403 3417 1517 3487 lopo-unt
1532 3413 1631 3470 Graeci
1644 3416 1680 3482 (ιι
1689 3417 1731 3486 t),

278 3484 339 3556 seit
355 3489 439 3538 aretem
456 3491 508 3538 ste:
526 3483 570 3538 Tu
588 3483 677 3552 magis
695 3485 766 3540 scire
784 3488 872 3555 potes,
890 3489 996 3555 quanta
1011 3483 1081 3540 fides
1099 3483 1226 3540 habenda
1242 3485 1280 3540 sit
1296 3483 1424 3555 testibus,
1442 3486 1489 3554 qul
1501 3489 1531 3541 et
1541 3487 1622 3541 cuius
1639 3485 1732 3556 digm-

288 3553 353 3608 tatis
371 3559 400 3608 ot
417 3555 495 3609 ouius
513 3553 721 3610 existimationis
740 3555 796 3610 siut
812 3565 882 3612 scius
905 3560 934 3611 ot
951 3557 998 3626 qui
1015 3557 1140 3612 similitor
1157 3559 1206 3622 (ric
1223 3557 1328 3627 quidem
1346 3558 1418 3628 apud
1436 3557 1584 3624 onustum)
1601 3558 1655 3612 nial
1673 3559 1733 3614 unt

288 3623 380 3680 dicere
404 3631 495 3680 utrum
518 3641 602 3682 unum
624 3627 797 3696 eundemque
820 3626 982 3683 meditatum
1001 3641 1153 3683 sermonem
1170 3627 1311 3683 attulerint
1328 3643 1364 3683 en
1381 3627 1418 3682 ad
1435 3642 1470 3682 ea
1486 3643 1559 3698 quae
1576 3629 1732 3700 interroga-

287 3709 368 3752 ncras
386 3711 421 3752 ex
439 3700 563 3766 tempore
579 3698 678 3754 ruhilia
696 3701 824 3766 (stertitur
842 3699 983 3771 homa)
1000 3698 1193 3770 responderint

288 3829 490 3900 opulescere
507 3847 556 3884 om.
570 3829 616 3884 iz
669 3829 739 3886 ode
757 3829 980 3900 testibue1desti·
1032 3832 1075 3902 gis
1093 3832 1163 3886 scire
1180 3833 1262 3902 potos
1277 3829 1339 3904 esp]
1357 3830 1399 3886 ite
1418 3829 1448 3886 st
1467 3849 1506 3886 cor
1525 3827 1590 3892 aiut
1610 3831 1662 3918 [rt]
1679 3831 1734 3890 rate

287 3897 340 3955 bus
358 3899 405 3964 P‘,
423 3899 514 3956 ose.U
564 3901 655 3956 duon
674 3903 794 3970 οιιι.Ρ·Ι
814 3901 925 3958 bacillat
942 3903 980 3957 Ρ
1032 3901 1171 3958 tutcrcttc
1189 3901 1290 3972 pteris
1369 3901 1454 3964 ΑῩιὸο
1473 3903 1573 3957 uiuos
1593 3912 1660 3975 hrsp
1678 3903 1733 3958 usius

288 3971 305 4025 6
324 3969 422 4056 ox'his]
435 3980 529 4055 sgriprt
540 3973 675 4058 secuudum
689 3973 737 4028 BS
746 3973 826 4045 (ut.):
837 3973 905 4062 rupte
917 3973 979 4036 rot·
1032 3975 1115 4030 uicum
1134 3972 1262 4029 tisrtzeus
1285 3975 1343 4028 τῶκ
1365 3973 1583 4045 κιρτγροῩιιτωιι,
1608 3975 1682 4030 riute
1698 3993 1734 4030 ra

286 4059 344 4096 rore
360 4052 517 4097 castraretur
541 4062 588 4114 χριι
612 4061 676 4106 rore
700 4043 831 4116 euprepes
853 4044 905 4100 eud
923 4046 979 4100 τῶιι
1034 4042 1243 4100 criselectrus
1256 4045 1464 4116 uaiupotturmc
1481 4045 1733 4117 circumspiceret,

287 4113 981 4257 :tluetluetuillelmo
1033 4117 1072 4243 :l
1091 4116 1501 4258 ululutuutuu

287 4254 524 4310 toohartaturF
563 4258 597 4312 10
615 4263 754 4328 potestate
772 4259 811 4313 Ρ·
856 4259 890 4314 13
902 4259 979 4330 suae]
1035 4207 1247 4315 usustsrusttsus
1271 4257 1357 4322 tontes
1375 4207 1477 4323 testu
1503 4259 1518 4312 s's
1543 4259 1623 4322 teum
1641 4261 1681 4314 sui
1699 4257 1735 4314 ὲΞ

286 4341 366 4382 suam
383 4328 418 4381 F:
436 4327 461 4381 οἰ
479 4324 675 4390 &sauriciacum
694 4330 751 4385 rote
769 4328 798 4384 tu
817 4327 981 4401 tus-spreto
1035 4329 1204 4400 ιῨιοοχελίογ
1228 4331 1295 4402 updc
1318 4329 1366 4385 riis
1391 4329 1439 4385 ctu
1462 4329 1593 4401 dpdrucm
1621 4330 1734 4402 thospi-

287 4396 377 4458 atrduc
400 4397 548 4467 sipuutuurc
573 4400 601 4455 B
624 4401 734 4466 (Aaou.)
759 4403 764 4467 l
786 4399 917 4456 bacillaut
942 4401 982 4454 F’
1035 4421 1125 4457 scuras
1144 4401 1193 4456 BS
1210 4400 1289 4472 (ut),
1313 4401 1345 4456 rt
1363 4401 1393 4456 t'r
1412 4402 1469 4473 περὶ
1487 4402 1585 4466 τοῨτογ
1604 4402 1733 4488 htsrpirstu

288 4469 322 4524 15
340 4468 550 4538 cognationibus
573 4471 597 4524 F
599 4471 610 4506 ¹
669 4473 703 4526 18
721 4479 825 4543 *ovone
848 4473 892 4538 F’,
917 4487 981 4542 ogo-
1035 4473 1190 4529 ttruacrtc
1214 4475 1253 4529 sul
1277 4473 1302 4528 οἷ
1324 4473 1369 4542 (ul.
1383 4473 1416 4538 εἰ)
1434 4472 1526 4527 tutdsc
1543 4492 1735 4546 uaprrpcresrr.

286 4555 339 4596 hut
356 4541 382 4593 V
394 4543 400 4608 Ι
414 4539 525 4610 quidem
538 4542 639 4612 P·h·t‚
658 4543 767 4612 quidem
780 4547 809 4598 ct
825 4544 849 4598 U
862 4546 867 4608 Ι
883 4543 981 4599 sunit
1034 4545 1057 4600 sl
1075 4546 1120 4608 tal.
1135 4545 1162 4607 t)
1181 4546 1240 4600 ulus
1260 4544 1472 4600 utueteruutuuu
1491 4543 1592 4600 turtius
1611 4546 1735 4615 προυφέ-

286 4615 362 4666 tatur
379 4611 440 4666 P·⁴?
493 4614 527 4667 21
545 4614 635 4682 gratia
655 4615 805 4670 irruo:
828 4614 866 4669 ὅτι
948 4612 981 4677 ct
1034 4635 1104 4688 porci
1124 4617 1162 4670 sai
1183 4618 1206 4671 ei
1222 4615 1290 4687 riphe
1306 4615 1354 4671 rte
1372 4616 1475 4678 reicere
1491 4615 1736 4686 moaudrctmapi·

287 4682 329 4737 ut
342 4683 511 4768 utfhccotre
524 4684 674 4756 uphcxtprs
688 4685 829 4758 utrcupdc
842 4685 979 4758 ὶιιέχθειᾶκ
1033 4689 1279 4752 mosterolum.)
1332 4689 1368 4742 25
1380 4687 1433 4742 uisi
1444 4693 1509 4742 aunt
1520 4687 1619 4751 PVU‘,
1632 4697 1680 4743 be.
1695 4687 1738 4744 U·

286 4772 345 4809 rusa
353 4772 386 4810 το
395 4773 430 4809 ue
446 4756 534 4827 τγριῖκ
546 4755 723 4822 &reprotaret
733 4758 781 4812 BS
789 4757 856 4829 (ut.)
871 4759 876 4827 Ι
891 4773 980 4828 gausa
1032 4761 1067 4816 26
1091 4759 1246 4814 attulerunt¹
1261 4758 1289 4812 P
1343 4761 1377 4814 27
1401 4757 1468 4830 uptc
1492 4759 1618 4830 aestues
1642 4759 1737 4830 sipon

287 4827 323 4881 F
340 4829 345 4893 Ι
360 4825 401 4896 fit]
459 4845 536 4900 eoque
553 4829 649 4882 durum
666 4827 715 4882 BS
733 4831 803 4890 (uide
819 4833 924 4901 cupre),
944 4831 980 4885 sit
1033 4829 1157 4902 Repu.)
1203 4829 1457 4900 301oprohonditur
1468 4829 1608 4885 FP'DU:
1618 4829 1651 4885 τὸ
1662 4829 1736 4886 ina-

286 4897 395 4954 Poto
444 4899 480 4954 22
502 4899 577 4954 uiuio
597 4899 624 4952 F
625 4898 654 4964 V,
677 4900 742 4954 uiuo
765 4899 812 4967 P‘,
835 4901 911 4956 inuio
935 4899 980 4965 11⁶,
1033 4900 1080 4956 otc
1097 4900 1333 4957 uerateuttsecoar
1352 4901 1458 4966 biscaran
1475 4901 1523 4957 ΒΕ
1534 4899 1609 4972 (ut),
1629 4902 1644 4955 ἡ
1662 4899 1737 4957 tae-

287 4968 445 5034 mmcpto,
459 4979 507 5024 ine.
517 4970 567 5025 L·:
577 4969 645 5041 spec
658 4971 744 5026 Bittius
759 4971 844 5041 Btpou
858 4970 980 5042 Repu)
1033 4981 1090 5029 oeta
1107 4974 1235 5039 tristarier
1254 4973 1281 5028 B
1299 4973 1410 5042 (Διιοιι.)

288 5039 323 5094 23
340 5039 452 5110 posss's’
464 5040 509 5108 Fi,
526 5057 603 5112 poss·
618 5042 655 5095 L·
698 5042 735 5097 24
751 5049 782 5098 tu
794 5047 853 5112 (itu
864 5043 911 5112 Ρ)
923 5059 980 5099 me·
