<?xml version="1.0" encoding="UTF-8"?>
<!DOCTYPE html PUBLIC "-//W3C//DTD XHTML 1.0 Transitional//EN"
    "http://www.w3.org/TR/xhtml1/DTD/xhtml1-transitional.dtd">
<html xmlns="http://www.w3.org/1999/xhtml" xml:lang="en" lang="en">
 <head>
  <title>
</title>
<meta http-equiv="Content-Type" content="text/html;charset=utf-8" />
  <meta name='ocr-system' content='tesseract 3.04.00' />
  <meta name='ocr-capabilities' content='ocr_page ocr_carea ocr_par ocr_line ocrx_word'/>
</head>
<body>
  <div class='ocr_page' id='page_1' title='image "./digestaiustinia00mommgoog/digestaiustinia00mommgoog_0032.png"; bbox 0 0 3848 5536; ppageno 0'>
   <div class='ocr_carea' id='block_1_1' title="bbox 865 253 984 322">
    <p class='ocr_par' dir='ltr' id='par_1_1' title="bbox 865 253 984 322">
     <span class='ocr_line' id='line_1_1' title="bbox 865 253 984 322; baseline -0.017 0"><span class='ocrx_word' id='word_1_1' title='bbox 865 253 984 322; x_wconf 83' lang='lat' dir='ltr'>XXVII</span> 
     </span>
    </p>
   </div>
   <div class='ocr_carea' id='block_1_2' title="bbox 145 427 1787 4648">
    <p class='ocr_par' dir='ltr' id='par_1_2' title="bbox 202 427 1644 711">
     <span class='ocr_line' id='line_1_2' title="bbox 204 427 1643 504; baseline 0.004 -22"><span class='ocrx_word' id='word_1_2' title='bbox 204 427 320 498; x_wconf 87' lang='lat' dir='ltr'><strong>eminet,</strong></span> <span class='ocrx_word' id='word_1_3' title='bbox 339 428 390 484; x_wconf 88' lang='lat' dir='ltr'><strong>sed</strong></span> <span class='ocrx_word' id='word_1_4' title='bbox 408 429 530 484; x_wconf 79' lang='lat' dir='ltr'>eminent</span> <span class='ocrx_word' id='word_1_5' title='bbox 547 429 650 499; x_wconf 78' lang='lat' dir='ltr'><strong>passIm</strong></span> <span class='ocrx_word' id='word_1_6' title='bbox 668 429 776 485; x_wconf 78' lang='lat' dir='ltr'><strong>litterae</strong></span> <span class='ocrx_word' id='word_1_7' title='bbox 794 429 930 500; x_wconf 88' lang='lat' dir='ltr'><strong>quaedem</strong></span> <span class='ocrx_word' id='word_1_8' title='bbox 949 431 977 486; x_wconf 91' lang='lat' dir='ltr'><strong>in</strong></span> <span class='ocrx_word' id='word_1_9' title='bbox 994 431 1089 500; x_wconf 90' lang='lat' dir='ltr'><strong>primis</strong></span> <span class='ocrx_word' id='word_1_10' title='bbox 1106 431 1308 502; x_wconf 89' lang='lat' dir='ltr'><strong>postremisqne</strong></span> <span class='ocrx_word' id='word_1_11' title='bbox 1326 433 1488 504; x_wconf 87' lang='lat' dir='ltr'><strong>paginarum</strong></span> <span class='ocrx_word' id='word_1_12' title='bbox 1507 431 1643 490; x_wconf 86' lang='lat' dir='ltr'><strong>uersibus.</strong></span> 
     </span>
     <span class='ocr_line' id='line_1_3' title="bbox 203 535 1644 611; baseline 0.006 -23"><span class='ocrx_word' id='word_1_13' title='bbox 203 535 395 605; x_wconf 72' lang='lat' dir='ltr'><strong>inscriptiones</strong></span> <span class='ocrx_word' id='word_1_14' title='bbox 413 535 549 591; x_wconf 89' lang='lat' dir='ltr'><strong>interdurn</strong></span> <span class='ocrx_word' id='word_1_15' title='bbox 568 537 722 592; x_wconf 79' lang='lat' dir='ltr'><strong>interstitiis</strong></span> <span class='ocrx_word' id='word_1_16' title='bbox 740 541 910 607; x_wconf 88' lang='lat' dir='ltr'><strong>separantur.</strong></span> <span class='ocrx_word' id='word_1_17' title='bbox 943 537 971 593; x_wconf 89' lang='lat' dir='ltr'><strong>in</strong></span> <span class='ocrx_word' id='word_1_18' title='bbox 989 536 1044 593; x_wconf 88' lang='lat' dir='ltr'><strong>fine</strong></span> <span class='ocrx_word' id='word_1_19' title='bbox 1062 539 1153 610; x_wconf 85' lang='lat' dir='ltr'><strong>legum</strong></span> <span class='ocrx_word' id='word_1_20' title='bbox 1172 543 1239 594; x_wconf 89' lang='lat' dir='ltr'><strong>nota</strong></span> <span class='ocrx_word' id='word_1_21' title='bbox 1256 555 1318 596; x_wconf 86' lang='lat' dir='ltr'><strong>raro</strong></span> <span class='ocrx_word' id='word_1_22' title='bbox 1337 539 1430 595; x_wconf 90' lang='lat' dir='ltr'><strong>adest:</strong></span> <span class='ocrx_word' id='word_1_23' title='bbox 1454 540 1478 595; x_wconf 93' lang='lat' dir='ltr'><strong>si</strong></span> <span class='ocrx_word' id='word_1_24' title='bbox 1495 539 1583 611; x_wconf 84' lang='lat' dir='ltr'><strong>adest,</strong></span> <span class='ocrx_word' id='word_1_25' title='bbox 1601 545 1644 596; x_wconf 92' lang='lat' dir='ltr'><strong>est</strong></span> 
     </span>
     <span class='ocr_line' id='line_1_4' title="bbox 202 641 467 711; baseline 0.011 -16"><span class='ocrx_word' id='word_1_26' title='bbox 202 647 334 711; x_wconf 85' lang='lat' dir='ltr'><strong>punctum</strong></span> <span class='ocrx_word' id='word_1_27' title='bbox 352 641 467 698; x_wconf 90' lang='lat' dir='ltr'><strong>nudum.</strong></span> 
     </span>
    </p>

    <p class='ocr_par' dir='ltr' id='par_1_3' title="bbox 202 747 1643 1018">
     <span class='ocr_line' id='line_1_5' title="bbox 254 747 1643 822; baseline 0.002 -19"><span class='ocrx_word' id='word_1_28' title='bbox 254 747 314 804; x_wconf 89' lang='lat' dir='ltr'><strong>VII</strong></span> <span class='ocrx_word' id='word_1_29' title='bbox 331 763 437 804; x_wconf 82' lang='lat' dir='ltr'><strong>manns</strong></span> <span class='ocrx_word' id='word_1_30' title='bbox 454 749 565 820; x_wconf 83' lang='lat' dir='ltr'><strong>scripsit</strong></span> <span class='ocrx_word' id='word_1_31' title='bbox 582 749 599 804; x_wconf 93' lang='lat' dir='ltr'><strong>l.</strong></span> <span class='ocrx_word' id='word_1_32' title='bbox 614 749 842 804; x_wconf 86' lang='lat' dir='ltr'>XXX-XXXII</span> <span class='ocrx_word' id='word_1_33' title='bbox 863 749 898 820; x_wconf 88' lang='lat' dir='ltr'><strong>[q.</strong></span> <span class='ocrx_word' id='word_1_34' title='bbox 911 750 1047 820; x_wconf 78' lang='lat'>47-511.</span> <span class='ocrx_word' id='word_1_35' title='bbox 1077 751 1105 806; x_wconf 91' lang='lat' dir='ltr'><strong>in</strong></span> <span class='ocrx_word' id='word_1_36' title='bbox 1122 751 1218 822; x_wconf 91' lang='lat' dir='ltr'><strong>primis</strong></span> <span class='ocrx_word' id='word_1_37' title='bbox 1236 752 1397 822; x_wconf 88' lang='lat' dir='ltr'><strong>paginarum</strong></span> <span class='ocrx_word' id='word_1_38' title='bbox 1416 750 1543 808; x_wconf 88' lang='lat' dir='ltr'><strong>uersibus</strong></span> <span class='ocrx_word' id='word_1_39' title='bbox 1561 753 1643 808; x_wconf 90' lang='lat' dir='ltr'><strong>inter·</strong></span> 
     </span>
     <span class='ocr_line' id='line_1_6' title="bbox 202 855 1642 930; baseline 0.003 -21"><span class='ocrx_word' id='word_1_40' title='bbox 202 855 267 910; x_wconf 90' lang='lat' dir='ltr'><strong>dnm</strong></span> <span class='ocrx_word' id='word_1_41' title='bbox 287 855 426 910; x_wconf 90' lang='lat' dir='ltr'><strong>elementa</strong></span> <span class='ocrx_word' id='word_1_42' title='bbox 443 857 525 911; x_wconf 88' lang='lat' dir='ltr'><strong>etism</strong></span> <span class='ocrx_word' id='word_1_43' title='bbox 545 855 637 911; x_wconf 86' lang='lat' dir='ltr'><strong>medie</strong></span> <span class='ocrx_word' id='word_1_44' title='bbox 654 861 829 926; x_wconf 89' lang='lat' dir='ltr'><strong>postremane</strong></span> <span class='ocrx_word' id='word_1_45' title='bbox 847 857 976 912; x_wconf 86' lang='lat' dir='ltr'><strong>eminent.</strong></span> <span class='ocrx_word' id='word_1_46' title='bbox 1004 856 1032 911; x_wconf 93' lang='lat' dir='ltr'><strong>in</strong></span> <span class='ocrx_word' id='word_1_47' title='bbox 1050 855 1105 913; x_wconf 90' lang='lat' dir='ltr'><strong>fine</strong></span> <span class='ocrx_word' id='word_1_48' title='bbox 1123 857 1192 928; x_wconf 85' lang='lat' dir='ltr'><strong>legis</strong></span> <span class='ocrx_word' id='word_1_49' title='bbox 1211 871 1220 914; x_wconf 83' lang='lat' dir='ltr'><strong>a</strong></span> <span class='ocrx_word' id='word_1_50' title='bbox 1239 859 1409 930; x_wconf 89' lang='lat' dir='ltr'><strong>plerumque,</strong></span> <span class='ocrx_word' id='word_1_51' title='bbox 1429 871 1542 928; x_wconf 78' lang='lat' dir='ltr'><strong>tanaro,</strong></span> <span class='ocrx_word' id='word_1_52' title='bbox 1561 859 1642 914; x_wconf 91' lang='lat' dir='ltr'><strong>inter·</strong></span> 
     </span>
     <span class='ocr_line' id='line_1_7' title="bbox 202 961 455 1018; baseline 0 -2"><span class='ocrx_word' id='word_1_53' title='bbox 202 961 266 1017; x_wconf 90' lang='lat' dir='ltr'><strong>dnm</strong></span> <span class='ocrx_word' id='word_1_54' title='bbox 286 967 354 1016; x_wconf 76' lang='lat' dir='ltr'><strong>nota</strong></span> <span class='ocrx_word' id='word_1_55' title='bbox 371 962 455 1018; x_wconf 80' lang='lat' dir='ltr'><strong>nulla</strong></span> 
     </span>
    </p>

    <p class='ocr_par' dir='ltr' id='par_1_4' title="bbox 203 1067 1643 1246">
     <span class='ocr_line' id='line_1_8' title="bbox 253 1067 1643 1140; baseline 0.003 -17"><span class='ocrx_word' id='word_1_56' title='bbox 253 1067 330 1123; x_wconf 92' lang='lat' dir='ltr'>VIII</span> <span class='ocrx_word' id='word_1_57' title='bbox 353 1082 459 1124; x_wconf 86' lang='lat' dir='ltr'><strong>manns</strong></span> <span class='ocrx_word' id='word_1_58' title='bbox 482 1069 592 1138; x_wconf 78' lang='lat' dir='ltr'><strong>scripsit</strong></span> <span class='ocrx_word' id='word_1_59' title='bbox 614 1069 632 1123; x_wconf 93' lang='lat' dir='ltr'><strong>l.</strong></span> <span class='ocrx_word' id='word_1_60' title='bbox 650 1069 754 1124; x_wconf 91' lang='lat' dir='ltr'>XXXV</span> <span class='ocrx_word' id='word_1_61' title='bbox 775 1069 815 1138; x_wconf 85' lang='lat' dir='ltr'><strong>[q.</strong></span> <span class='ocrx_word' id='word_1_62' title='bbox 828 1069 872 1124; x_wconf 83' lang='grc'><strong>57.</strong></span> <span class='ocrx_word' id='word_1_63' title='bbox 889 1069 924 1124; x_wconf 83' lang='grc'><strong>58</strong></span> <span class='ocrx_word' id='word_1_64' title='bbox 944 1074 972 1124; x_wconf 90' lang='lat' dir='ltr'><strong>et</strong></span> <span class='ocrx_word' id='word_1_65' title='bbox 990 1069 1024 1124; x_wconf 82' lang='grc'><strong>59</strong></span> <span class='ocrx_word' id='word_1_66' title='bbox 1042 1070 1179 1140; x_wconf 76' lang='lat' dir='ltr'><strong>parteml,</strong></span> <span class='ocrx_word' id='word_1_67' title='bbox 1202 1071 1268 1126; x_wconf 91' lang='lat' dir='ltr'><strong>item</strong></span> <span class='ocrx_word' id='word_1_68' title='bbox 1290 1070 1308 1125; x_wconf 94' lang='lat' dir='ltr'><strong>l.</strong></span> <span class='ocrx_word' id='word_1_69' title='bbox 1327 1071 1494 1126; x_wconf 88' lang='lat' dir='ltr'>XXXXllll.</span> <span class='ocrx_word' id='word_1_70' title='bbox 1513 1073 1643 1128; x_wconf 88' lang='lat' dir='ltr'>XXXXV</span> 
     </span>
     <span class='ocr_line' id='line_1_9' title="bbox 203 1171 1271 1246; baseline 0.001 -16"><span class='ocrx_word' id='word_1_71' title='bbox 203 1177 238 1246; x_wconf 84' lang='lat' dir='ltr'><strong>[q.</strong></span> <span class='ocrx_word' id='word_1_72' title='bbox 251 1175 390 1244; x_wconf 76' lang='lat'>81-841.</span> <span class='ocrx_word' id='word_1_73' title='bbox 422 1175 450 1229; x_wconf 92' lang='lat' dir='ltr'><strong>in</strong></span> <span class='ocrx_word' id='word_1_74' title='bbox 468 1172 522 1230; x_wconf 88' lang='lat' dir='ltr'><strong>fine</strong></span> <span class='ocrx_word' id='word_1_75' title='bbox 540 1175 610 1244; x_wconf 87' lang='lat' dir='ltr'><strong>legis</strong></span> <span class='ocrx_word' id='word_1_76' title='bbox 629 1171 691 1245; x_wconf 58' lang='grc'><strong>,8,</strong></span> <span class='ocrx_word' id='word_1_77' title='bbox 710 1189 772 1230; x_wconf 88' lang='lat' dir='ltr'><strong>rere</strong></span> <span class='ocrx_word' id='word_1_78' title='bbox 790 1179 931 1244; x_wconf 88' lang='lat' dir='ltr'><strong>punctum,</strong></span> <span class='ocrx_word' id='word_1_79' title='bbox 951 1175 1087 1230; x_wconf 88' lang='lat' dir='ltr'><strong>interdum</strong></span> <span class='ocrx_word' id='word_1_80' title='bbox 1106 1181 1172 1231; x_wconf 85' lang='lat' dir='ltr'><strong>nota</strong></span> <span class='ocrx_word' id='word_1_81' title='bbox 1189 1177 1271 1232; x_wconf 86' lang='lat' dir='ltr'><strong>nulla.</strong></span> 
     </span>
    </p>

    <p class='ocr_par' dir='ltr' id='par_1_5' title="bbox 201 1281 1644 1670">
     <span class='ocr_line' id='line_1_10' title="bbox 253 1281 1642 1354; baseline 0.001 -16"><span class='ocrx_word' id='word_1_82' title='bbox 253 1282 346 1338; x_wconf 88' lang='lat' dir='ltr'>VIIII</span> <span class='ocrx_word' id='word_1_83' title='bbox 363 1295 469 1336; x_wconf 85' lang='lat' dir='ltr'><strong>manns</strong></span> <span class='ocrx_word' id='word_1_84' title='bbox 487 1281 599 1351; x_wconf 83' lang='lat' dir='ltr'><strong>scripsit</strong></span> <span class='ocrx_word' id='word_1_85' title='bbox 616 1282 634 1335; x_wconf 92' lang='lat' dir='ltr'><strong>l.</strong></span> <span class='ocrx_word' id='word_1_86' title='bbox 647 1281 789 1338; x_wconf 80' lang='lat' dir='ltr'>XXXVII.</span> <span class='ocrx_word' id='word_1_87' title='bbox 805 1281 951 1338; x_wconf 84' lang='lat' dir='ltr'>XXXVIII</span> <span class='ocrx_word' id='word_1_88' title='bbox 970 1281 1006 1351; x_wconf 85' lang='lat' dir='ltr'><strong>[q.</strong></span> <span class='ocrx_word' id='word_1_89' title='bbox 1019 1283 1149 1352; x_wconf 81' lang='lat'><strong>62-66]</strong></span> <span class='ocrx_word' id='word_1_90' title='bbox 1168 1287 1196 1337; x_wconf 90' lang='lat' dir='ltr'><strong>et</strong></span> <span class='ocrx_word' id='word_1_91' title='bbox 1214 1281 1369 1338; x_wconf 86' lang='lat' dir='ltr'>XXXXVll</span> <span class='ocrx_word' id='word_1_92' title='bbox 1376 1283 1437 1338; x_wconf 89' lang='lat' dir='ltr'><strong>-L</strong></span> <span class='ocrx_word' id='word_1_93' title='bbox 1457 1283 1492 1354; x_wconf 90' lang='lat' dir='ltr'><strong>[q.</strong></span> <span class='ocrx_word' id='word_1_94' title='bbox 1505 1285 1642 1354; x_wconf 74' lang='lat'>88-981.</span> 
     </span>
     <span class='ocr_line' id='line_1_11' title="bbox 201 1385 1644 1459; baseline 0.001 -15"><span class='ocrx_word' id='word_1_95' title='bbox 201 1389 339 1458; x_wconf 89' lang='lat' dir='ltr'><strong>scriptura</strong></span> <span class='ocrx_word' id='word_1_96' title='bbox 357 1387 434 1443; x_wconf 89' lang='lat' dir='ltr'><strong>rudis</strong></span> <span class='ocrx_word' id='word_1_97' title='bbox 452 1393 481 1442; x_wconf 91' lang='lat' dir='ltr'><strong>et</strong></span> <span class='ocrx_word' id='word_1_98' title='bbox 499 1387 594 1442; x_wconf 84' lang='lat' dir='ltr'><strong>crassa</strong></span> <span class='ocrx_word' id='word_1_99' title='bbox 612 1393 640 1442; x_wconf 88' lang='lat' dir='ltr'><strong>et</strong></span> <span class='ocrx_word' id='word_1_100' title='bbox 658 1385 790 1442; x_wconf 86' lang='lat' dir='ltr'><strong>informis.</strong></span> <span class='ocrx_word' id='word_1_101' title='bbox 818 1387 845 1442; x_wconf 90' lang='lat' dir='ltr'><strong>in</strong></span> <span class='ocrx_word' id='word_1_102' title='bbox 864 1387 957 1457; x_wconf 72' lang='lat' dir='ltr'><strong>priucis</strong></span> <span class='ocrx_word' id='word_1_103' title='bbox 975 1387 1137 1458; x_wconf 86' lang='lat' dir='ltr'><strong>paginarum</strong></span> <span class='ocrx_word' id='word_1_104' title='bbox 1150 1387 1275 1444; x_wconf 88' lang='lat' dir='ltr'><strong>uersibus</strong></span> <span class='ocrx_word' id='word_1_105' title='bbox 1286 1389 1394 1444; x_wconf 77' lang='lat' dir='ltr'><strong>litterae</strong></span> <span class='ocrx_word' id='word_1_106' title='bbox 1407 1391 1509 1459; x_wconf 86' lang='lat' dir='ltr'><strong>passim</strong></span> <span class='ocrx_word' id='word_1_107' title='bbox 1522 1391 1644 1446; x_wconf 87' lang='lat' dir='ltr'><strong>eminent</strong></span> 
     </span>
     <span class='ocr_line' id='line_1_12' title="bbox 201 1491 1643 1567; baseline 0.001 -18"><span class='ocrx_word' id='word_1_108' title='bbox 201 1498 365 1550; x_wconf 81' lang='lat' dir='ltr'><strong>nontamen</strong></span> <span class='ocrx_word' id='word_1_109' title='bbox 385 1509 494 1565; x_wconf 86' lang='lat' dir='ltr'><strong>semper</strong></span> <span class='ocrx_word' id='word_1_110' title='bbox 517 1493 607 1564; x_wconf 91' lang='lat' dir='ltr'><strong>prima</strong></span> <span class='ocrx_word' id='word_1_111' title='bbox 625 1509 759 1564; x_wconf 88' lang='lat' dir='ltr'><strong>quaeque.</strong></span> <span class='ocrx_word' id='word_1_112' title='bbox 796 1493 825 1548; x_wconf 91' lang='lat' dir='ltr'><strong>in</strong></span> <span class='ocrx_word' id='word_1_113' title='bbox 849 1491 903 1549; x_wconf 87' lang='lat' dir='ltr'><strong>fine</strong></span> <span class='ocrx_word' id='word_1_114' title='bbox 926 1493 996 1562; x_wconf 87' lang='lat' dir='ltr'><strong>legis</strong></span> <span class='ocrx_word' id='word_1_115' title='bbox 1020 1494 1140 1550; x_wconf 88' lang='lat' dir='ltr'><strong>cernitur</strong></span> <span class='ocrx_word' id='word_1_116' title='bbox 1158 1507 1167 1551; x_wconf 81' lang='lat' dir='ltr'><strong>t</strong></span> <span class='ocrx_word' id='word_1_117' title='bbox 1186 1500 1261 1551; x_wconf 88' lang='lat' dir='ltr'><strong>nota.</strong></span> <span class='ocrx_word' id='word_1_118' title='bbox 1297 1495 1368 1552; x_wconf 90' lang='lat' dir='ltr'><strong>bano</strong></span> <span class='ocrx_word' id='word_1_119' title='bbox 1396 1497 1525 1567; x_wconf 85' lang='lat' dir='ltr'><strong>proponit</strong></span> <span class='ocrx_word' id='word_1_120' title='bbox 1548 1495 1643 1552; x_wconf 84' lang='lat' dir='ltr'><strong>tabula</strong></span> 
     </span>
     <span class='ocr_line' id='line_1_13' title="bbox 201 1605 423 1670; baseline -0.005 -14"><span class='ocrx_word' id='word_1_121' title='bbox 201 1606 298 1658; x_wconf 84' lang='lat' dir='ltr'><strong>nostra</strong></span> <span class='ocrx_word' id='word_1_122' title='bbox 316 1605 423 1670; x_wconf 84' lang='lat' dir='ltr'><strong>quarta.</strong></span> 
     </span>
    </p>

    <p class='ocr_par' dir='ltr' id='par_1_6' title="bbox 201 1704 1642 1885">
     <span class='ocr_line' id='line_1_14' title="bbox 253 1704 1642 1780; baseline 0.001 -18"><span class='ocrx_word' id='word_1_123' title='bbox 253 1708 285 1762; x_wconf 83' lang='lat' dir='ltr'>X</span> <span class='ocrx_word' id='word_1_124' title='bbox 306 1721 412 1762; x_wconf 85' lang='lat' dir='ltr'><strong>manus</strong></span> <span class='ocrx_word' id='word_1_125' title='bbox 435 1707 546 1776; x_wconf 90' lang='lat' dir='ltr'><strong>scripsit</strong></span> <span class='ocrx_word' id='word_1_126' title='bbox 567 1706 585 1762; x_wconf 89' lang='lat' dir='ltr'><strong>l.</strong></span> <span class='ocrx_word' id='word_1_127' title='bbox 599 1705 756 1762; x_wconf 84' lang='lat' dir='ltr'>XXXVIIII</span> <span class='ocrx_word' id='word_1_128' title='bbox 780 1707 820 1776; x_wconf 86' lang='lat' dir='ltr'><strong>[q.</strong></span> <span class='ocrx_word' id='word_1_129' title='bbox 839 1705 979 1776; x_wconf 77' lang='lat' dir='ltr'><strong>tii-691.</strong></span> <span class='ocrx_word' id='word_1_130' title='bbox 1012 1706 1040 1760; x_wconf 93' lang='lat' dir='ltr'><strong>in</strong></span> <span class='ocrx_word' id='word_1_131' title='bbox 1063 1704 1118 1761; x_wconf 90' lang='lat' dir='ltr'><strong>fine</strong></span> <span class='ocrx_word' id='word_1_132' title='bbox 1140 1707 1326 1778; x_wconf 77' lang='lat' dir='ltr'><strong>inserIptionis</strong></span> <span class='ocrx_word' id='word_1_133' title='bbox 1349 1708 1485 1764; x_wconf 88' lang='lat' dir='ltr'><strong>interdum</strong></span> <span class='ocrx_word' id='word_1_134' title='bbox 1509 1711 1642 1780; x_wconf 87' lang='lat' dir='ltr'><strong>punctum</strong></span> 
     </span>
     <span class='ocr_line' id='line_1_15' title="bbox 201 1811 1200 1885; baseline -0.002 -15"><span class='ocrx_word' id='word_1_135' title='bbox 201 1814 369 1885; x_wconf 76' lang='lat' dir='ltr'><strong>spatiumne.</strong></span> <span class='ocrx_word' id='word_1_136' title='bbox 397 1813 425 1868; x_wconf 93' lang='lat' dir='ltr'><strong>in</strong></span> <span class='ocrx_word' id='word_1_137' title='bbox 443 1811 498 1868; x_wconf 91' lang='lat' dir='ltr'><strong>fine</strong></span> <span class='ocrx_word' id='word_1_138' title='bbox 515 1814 609 1882; x_wconf 85' lang='lat' dir='ltr'><strong>legum</strong></span> <span class='ocrx_word' id='word_1_139' title='bbox 628 1818 677 1869; x_wconf 90' lang='lat' dir='ltr'><strong>aut</strong></span> <span class='ocrx_word' id='word_1_140' title='bbox 695 1818 827 1882; x_wconf 87' lang='lat' dir='ltr'><strong>punctum</strong></span> <span class='ocrx_word' id='word_1_141' title='bbox 846 1812 949 1868; x_wconf 92' lang='lat' dir='ltr'><strong>nudum</strong></span> <span class='ocrx_word' id='word_1_142' title='bbox 969 1817 1018 1868; x_wconf 86' lang='lat' dir='ltr'><strong>aut</strong></span> <span class='ocrx_word' id='word_1_143' title='bbox 1035 1816 1101 1868; x_wconf 86' lang='lat' dir='ltr'><strong>nota</strong></span> <span class='ocrx_word' id='word_1_144' title='bbox 1118 1813 1200 1868; x_wconf 87' lang='lat' dir='ltr'><strong>nulla.</strong></span> 
     </span>
    </p>

    <p class='ocr_par' dir='ltr' id='par_1_7' title="bbox 202 1919 1643 2084">
     <span class='ocr_line' id='line_1_16' title="bbox 254 1919 1643 1992; baseline 0.001 -15"><span class='ocrx_word' id='word_1_145' title='bbox 254 1921 300 1977; x_wconf 80' lang='lat' dir='ltr'><strong>XI</strong></span> <span class='ocrx_word' id='word_1_146' title='bbox 317 1934 424 1976; x_wconf 84' lang='lat' dir='ltr'><strong>manns</strong></span> <span class='ocrx_word' id='word_1_147' title='bbox 441 1919 552 1990; x_wconf 87' lang='lat' dir='ltr'><strong>scripsit</strong></span> <span class='ocrx_word' id='word_1_148' title='bbox 569 1919 687 1974; x_wconf 90' lang='lat' dir='ltr'><strong>indicem</strong></span> <span class='ocrx_word' id='word_1_149' title='bbox 706 1919 855 1976; x_wconf 89' lang='lat' dir='ltr'><strong>titulorum.</strong></span> <span class='ocrx_word' id='word_1_150' title='bbox 882 1919 990 1975; x_wconf 85' lang='lat' dir='ltr'><strong>litterae</strong></span> <span class='ocrx_word' id='word_1_151' title='bbox 1008 1919 1110 1989; x_wconf 88' lang='lat' dir='ltr'><strong>passim</strong></span> <span class='ocrx_word' id='word_1_152' title='bbox 1130 1919 1251 1975; x_wconf 87' lang='lat' dir='ltr'><strong>eminent</strong></span> <span class='ocrx_word' id='word_1_153' title='bbox 1267 1925 1324 1976; x_wconf 87' lang='lat' dir='ltr'><strong>tam</strong></span> <span class='ocrx_word' id='word_1_154' title='bbox 1341 1923 1479 1978; x_wconf 87' lang='lat' dir='ltr'><strong>extremas</strong></span> <span class='ocrx_word' id='word_1_155' title='bbox 1492 1937 1575 1992; x_wconf 86' lang='lat' dir='ltr'><strong>quem</strong></span> <span class='ocrx_word' id='word_1_156' title='bbox 1588 1935 1643 1978; x_wconf 88' lang='lat' dir='ltr'><strong>me·</strong></span> 
     </span>
     <span class='ocr_line' id='line_1_17' title="bbox 202 2027 425 2084; baseline -0.004 -2"><span class='ocrx_word' id='word_1_157' title='bbox 202 2027 264 2084; x_wconf 88' lang='lat' dir='ltr'><strong>diae</strong></span> <span class='ocrx_word' id='word_1_158' title='bbox 283 2042 425 2082; x_wconf 88' lang='lat' dir='ltr'><strong>uersuum.</strong></span> 
     </span>
    </p>

    <p class='ocr_par' dir='ltr' id='par_1_8' title="bbox 202 2131 1644 2844">
     <span class='ocr_line' id='line_1_18' title="bbox 255 2131 1644 2202; baseline -0.001 -11"><span class='ocrx_word' id='word_1_159' title='bbox 255 2135 317 2191; x_wconf 87' lang='lat' dir='ltr'><strong>XII</strong></span> <span class='ocrx_word' id='word_1_160' title='bbox 335 2147 441 2190; x_wconf 72' lang='lat' dir='ltr'><strong>manns</strong></span> <span class='ocrx_word' id='word_1_161' title='bbox 465 2131 575 2202; x_wconf 89' lang='lat' dir='ltr'><strong>scripsit</strong></span> <span class='ocrx_word' id='word_1_162' title='bbox 593 2131 804 2188; x_wconf 86' lang='lat' dir='ltr'><strong>constitutiones</strong></span> <span class='ocrx_word' id='word_1_163' title='bbox 821 2136 878 2188; x_wconf 89' lang='lat' dir='ltr'><strong>tres</strong></span> <span class='ocrx_word' id='word_1_164' title='bbox 895 2133 957 2188; x_wconf 86' lang='lat' dir='ltr'><strong>Deo</strong></span> <span class='ocrx_word' id='word_1_165' title='bbox 976 2137 1087 2188; x_wconf 90' lang='lat' dir='ltr'><strong>auctore</strong></span> <span class='ocrx_word' id='word_1_166' title='bbox 1105 2136 1135 2187; x_wconf 94' lang='lat' dir='ltr'><strong>et</strong></span> <span class='ocrx_word' id='word_1_167' title='bbox 1153 2132 1267 2189; x_wconf 90' lang='lat' dir='ltr'><strong>Omnem</strong></span> <span class='ocrx_word' id='word_1_168' title='bbox 1285 2137 1314 2188; x_wconf 90' lang='lat' dir='ltr'><strong>et</strong></span> <span class='ocrx_word' id='word_1_169' title='bbox 1331 2134 1429 2190; x_wconf 84' lang='lat' dir='ltr'><strong>Tanta.</strong></span> <span class='ocrx_word' id='word_1_170' title='bbox 1462 2133 1531 2190; x_wconf 90' lang='lat' dir='ltr'><strong>haee</strong></span> <span class='ocrx_word' id='word_1_171' title='bbox 1549 2150 1566 2190; x_wconf 88' lang='lat' dir='ltr'><strong>a</strong></span> <span class='ocrx_word' id='word_1_172' title='bbox 1583 2133 1644 2190; x_wconf 90' lang='lat' dir='ltr'><strong>reli·</strong></span> 
     </span>
     <span class='ocr_line' id='line_1_19' title="bbox 202 2237 1644 2312; baseline 0 -16"><span class='ocrx_word' id='word_1_173' title='bbox 202 2242 264 2312; x_wconf 88' lang='lat' dir='ltr'><strong>quis</strong></span> <span class='ocrx_word' id='word_1_174' title='bbox 288 2240 416 2297; x_wconf 81' lang='lat' dir='ltr'><strong>omnIbus</strong></span> <span class='ocrx_word' id='word_1_175' title='bbox 439 2239 521 2309; x_wconf 87' lang='lat' dir='ltr'><strong>longe</strong></span> <span class='ocrx_word' id='word_1_176' title='bbox 545 2238 675 2294; x_wconf 79' lang='lat' dir='ltr'><strong>recedit1.</strong></span> <span class='ocrx_word' id='word_1_177' title='bbox 709 2239 846 2308; x_wconf 88' lang='lat' dir='ltr'><strong>scriptura</strong></span> <span class='ocrx_word' id='word_1_178' title='bbox 863 2239 1038 2294; x_wconf 89' lang='lat' dir='ltr'><strong>continuatur</strong></span> <span class='ocrx_word' id='word_1_179' title='bbox 1054 2253 1104 2308; x_wconf 90' lang='lat' dir='ltr'><strong>per</strong></span> <span class='ocrx_word' id='word_1_180' title='bbox 1121 2243 1210 2295; x_wconf 88' lang='lat' dir='ltr'><strong>totum</strong></span> <span class='ocrx_word' id='word_1_181' title='bbox 1229 2237 1322 2295; x_wconf 86' lang='lat' dir='ltr'><strong>lolium</strong></span> <span class='ocrx_word' id='word_1_182' title='bbox 1341 2257 1396 2297; x_wconf 91' lang='lat' dir='ltr'><strong>non</strong></span> <span class='ocrx_word' id='word_1_183' title='bbox 1413 2241 1531 2296; x_wconf 89' lang='lat' dir='ltr'><strong>diuisum</strong></span> <span class='ocrx_word' id='word_1_184' title='bbox 1550 2242 1578 2296; x_wconf 89' lang='lat' dir='ltr'><strong>ln</strong></span> <span class='ocrx_word' id='word_1_185' title='bbox 1596 2257 1644 2311; x_wconf 87' lang='lat' dir='ltr'><strong>pa·</strong></span> 
     </span>
     <span class='ocr_line' id='line_1_20' title="bbox 202 2343 1643 2419; baseline 0 -15"><span class='ocrx_word' id='word_1_186' title='bbox 202 2349 291 2419; x_wconf 87' lang='lat' dir='ltr'><strong>ginas.</strong></span> <span class='ocrx_word' id='word_1_187' title='bbox 320 2347 429 2402; x_wconf 88' lang='lat' dir='ltr'><strong>litterae</strong></span> <span class='ocrx_word' id='word_1_188' title='bbox 447 2345 572 2400; x_wconf 90' lang='lat' dir='ltr'><strong>rudiores</strong></span> <span class='ocrx_word' id='word_1_189' title='bbox 590 2359 685 2400; x_wconf 86' lang='lat' dir='ltr'><strong>ornnes</strong></span> <span class='ocrx_word' id='word_1_190' title='bbox 704 2350 783 2400; x_wconf 85' lang='lat' dir='ltr'><strong>sunt:</strong></span> <span class='ocrx_word' id='word_1_191' title='bbox 801 2345 829 2400; x_wconf 92' lang='lat' dir='ltr'><strong>in</strong></span> <span class='ocrx_word' id='word_1_192' title='bbox 847 2345 890 2400; x_wconf 90' lang='lat' dir='ltr'><strong>his</strong></span> <span class='ocrx_word' id='word_1_193' title='bbox 907 2365 921 2400; x_wconf 79' lang='lat' dir='ltr'><strong>a</strong></span> <span class='ocrx_word' id='word_1_194' title='bbox 938 2345 990 2400; x_wconf 88' lang='lat' dir='ltr'><strong>hac</strong></span> <span class='ocrx_word' id='word_1_195' title='bbox 1009 2343 1097 2401; x_wconf 85' lang='lat' dir='ltr'><strong>lorme</strong></span> <span class='ocrx_word' id='word_1_196' title='bbox 1115 2347 1141 2405; x_wconf 75' lang='lat' dir='ltr'><strong>l‘</strong></span> <span class='ocrx_word' id='word_1_197' title='bbox 1158 2352 1292 2416; x_wconf 89' lang='lat' dir='ltr'><strong>perpetuo</strong></span> <span class='ocrx_word' id='word_1_198' title='bbox 1311 2346 1373 2414; x_wconf 90' lang='lat' dir='ltr'><strong>(nisi</strong></span> <span class='ocrx_word' id='word_1_199' title='bbox 1387 2347 1461 2417; x_wconf 88' lang='lat' dir='ltr'><strong>qnod</strong></span> <span class='ocrx_word' id='word_1_200' title='bbox 1473 2348 1501 2403; x_wconf 94' lang='lat' dir='ltr'><strong>in</strong></span> <span class='ocrx_word' id='word_1_201' title='bbox 1514 2363 1643 2404; x_wconf 78' lang='lat' dir='ltr'><strong>nemnem</strong></span> 
     </span>
     <span class='ocr_line' id='line_1_21' title="bbox 202 2451 1644 2526; baseline -0.001 -15"><span class='ocrx_word' id='word_1_202' title='bbox 202 2454 344 2526; x_wconf 82' lang='lat' dir='ltr'><strong>principiis</strong></span> <span class='ocrx_word' id='word_1_203' title='bbox 362 2452 499 2508; x_wconf 87' lang='lat' dir='ltr'><strong>interdum</strong></span> <span class='ocrx_word' id='word_1_204' title='bbox 520 2451 600 2507; x_wconf 86' lang='lat' dir='ltr'><strong>adest</strong></span> <span class='ocrx_word' id='word_1_205' title='bbox 621 2453 669 2521; x_wconf 87' lang='lat' dir='ltr'><strong>S),</strong></span> <span class='ocrx_word' id='word_1_206' title='bbox 692 2451 758 2506; x_wconf 91' lang='lat' dir='ltr'><strong>item</strong></span> <span class='ocrx_word' id='word_1_207' title='bbox 777 2451 904 2506; x_wconf 85' lang='lat' dir='ltr'><strong>dlittere</strong></span> <span class='ocrx_word' id='word_1_208' title='bbox 922 2452 939 2514; x_wconf 86' lang='lat' dir='ltr'><strong>d</strong></span> <span class='ocrx_word' id='word_1_209' title='bbox 959 2455 1107 2523; x_wconf 88' lang='lat' dir='ltr'><strong>perpetuo,</strong></span> <span class='ocrx_word' id='word_1_210' title='bbox 1126 2451 1225 2521; x_wconf 85' lang='lat' dir='ltr'><strong>quibus</strong></span> <span class='ocrx_word' id='word_1_211' title='bbox 1243 2451 1338 2508; x_wconf 86' lang='lat' dir='ltr'><strong>formis</strong></span> <span class='ocrx_word' id='word_1_212' title='bbox 1356 2453 1452 2524; x_wconf 86' lang='lat' dir='ltr'><strong>reliqui</strong></span> <span class='ocrx_word' id='word_1_213' title='bbox 1470 2453 1571 2510; x_wconf 89' lang='lat' dir='ltr'><strong>librarii</strong></span> <span class='ocrx_word' id='word_1_214' title='bbox 1589 2470 1644 2510; x_wconf 90' lang='lat' dir='ltr'><strong>non</strong></span> 
     </span>
     <span class='ocr_line' id='line_1_22' title="bbox 204 2555 1643 2632; baseline -0.001 -14"><span class='ocrx_word' id='word_1_215' title='bbox 204 2568 318 2618; x_wconf 89' lang='lat' dir='ltr'><strong>utuntur</strong></span> <span class='ocrx_word' id='word_1_216' title='bbox 336 2560 389 2616; x_wconf 90' lang='lat' dir='ltr'><strong>nisi</strong></span> <span class='ocrx_word' id='word_1_217' title='bbox 407 2558 454 2614; x_wconf 90' lang='lat' dir='ltr'><strong>nbi</strong></span> <span class='ocrx_word' id='word_1_218' title='bbox 474 2573 572 2614; x_wconf 88' lang='lat' dir='ltr'><strong>uersus</strong></span> <span class='ocrx_word' id='word_1_219' title='bbox 590 2555 663 2613; x_wconf 92' lang='lat' dir='ltr'><strong>finit:</strong></span> <span class='ocrx_word' id='word_1_220' title='bbox 682 2578 697 2612; x_wconf 85' lang='lat' dir='ltr'><strong>r</strong></span> <span class='ocrx_word' id='word_1_221' title='bbox 715 2563 758 2613; x_wconf 90' lang='lat' dir='ltr'><strong>est</strong></span> <span class='ocrx_word' id='word_1_222' title='bbox 775 2559 936 2628; x_wconf 87' lang='lat' dir='ltr'><strong>plerumque</strong></span> <span class='ocrx_word' id='word_1_223' title='bbox 956 2560 996 2626; x_wconf 70' lang='grc' dir='ltr'><strong>Ρ,</strong></span> <span class='ocrx_word' id='word_1_224' title='bbox 1019 2573 1081 2613; x_wconf 84' lang='lat' dir='ltr'><strong>raro</strong></span> <span class='ocrx_word' id='word_1_225' title='bbox 1101 2557 1140 2628; x_wconf 80' lang='lat' dir='ltr'><strong>R,</strong></span> <span class='ocrx_word' id='word_1_226' title='bbox 1165 2579 1190 2612; x_wconf 83' lang='lat' dir='ltr'><strong><em>m</em></strong></span> <span class='ocrx_word' id='word_1_227' title='bbox 1207 2574 1316 2629; x_wconf 89' lang='lat' dir='ltr'><strong>semper</strong></span> <span class='ocrx_word' id='word_1_228' title='bbox 1337 2565 1381 2615; x_wconf 86' lang='lat' dir='ltr'><strong>tlt.</strong></span> <span class='ocrx_word' id='word_1_229' title='bbox 1413 2561 1521 2616; x_wconf 91' lang='lat' dir='ltr'><strong>litterae</strong></span> <span class='ocrx_word' id='word_1_230' title='bbox 1539 2562 1643 2632; x_wconf 88' lang='lat' dir='ltr'><strong>passim</strong></span> 
     </span>
     <span class='ocr_line' id='line_1_23' title="bbox 204 2663 1644 2736; baseline -0.001 -12"><span class='ocrx_word' id='word_1_231' title='bbox 204 2669 326 2724; x_wconf 90' lang='lat' dir='ltr'><strong>eminent</strong></span> <span class='ocrx_word' id='word_1_232' title='bbox 343 2671 400 2721; x_wconf 83' lang='lat' dir='ltr'><strong>tam</strong></span> <span class='ocrx_word' id='word_1_233' title='bbox 419 2666 447 2721; x_wconf 89' lang='lat' dir='ltr'><strong>in</strong></span> <span class='ocrx_word' id='word_1_234' title='bbox 465 2665 560 2736; x_wconf 89' lang='lat' dir='ltr'><strong>primis</strong></span> <span class='ocrx_word' id='word_1_235' title='bbox 578 2665 779 2734; x_wconf 88' lang='lat' dir='ltr'><strong>postremisqne</strong></span> <span class='ocrx_word' id='word_1_236' title='bbox 796 2665 958 2736; x_wconf 88' lang='lat' dir='ltr'><strong>paginarum</strong></span> <span class='ocrx_word' id='word_1_237' title='bbox 978 2663 1104 2719; x_wconf 90' lang='lat' dir='ltr'><strong>uersibus</strong></span> <span class='ocrx_word' id='word_1_238' title='bbox 1123 2680 1204 2734; x_wconf 87' lang='lat' dir='ltr'><strong>quam</strong></span> <span class='ocrx_word' id='word_1_239' title='bbox 1224 2666 1251 2721; x_wconf 82' lang='lat' dir='ltr'><strong>In</strong></span> <span class='ocrx_word' id='word_1_240' title='bbox 1270 2671 1393 2722; x_wconf 90' lang='lat' dir='ltr'><strong>extremo</strong></span> <span class='ocrx_word' id='word_1_241' title='bbox 1411 2682 1540 2724; x_wconf 90' lang='lat' dir='ltr'><strong>uersuum</strong></span> <span class='ocrx_word' id='word_1_242' title='bbox 1559 2667 1644 2723; x_wconf 90' lang='lat' dir='ltr'><strong>exitu.</strong></span> 
     </span>
     <span class='ocr_line' id='line_1_24' title="bbox 203 2772 686 2844; baseline -0.012 -13"><span class='ocrx_word' id='word_1_243' title='bbox 203 2775 330 2831; x_wconf 86' lang='lat' dir='ltr'><strong>librarius</strong></span> <span class='ocrx_word' id='word_1_244' title='bbox 348 2773 472 2844; x_wconf 79' lang='lat' dir='ltr'><strong>plurImis</strong></span> <span class='ocrx_word' id='word_1_245' title='bbox 490 2772 558 2827; x_wconf 91' lang='lat' dir='ltr'><strong>loeis</strong></span> <span class='ocrx_word' id='word_1_246' title='bbox 577 2772 686 2826; x_wconf 89' lang='lat' dir='ltr'><strong>errauit.</strong></span> 
     </span>
    </p>

    <p class='ocr_par' dir='ltr' id='par_1_9' title="bbox 205 2874 1751 3480">
     <span class='ocr_line' id='line_1_25' title="bbox 256 2874 1644 2949; baseline -0.002 -12"><span class='ocrx_word' id='word_1_247' title='bbox 256 2881 337 2938; x_wconf 83' lang='lat' dir='ltr'><strong>Unde</strong></span> <span class='ocrx_word' id='word_1_248' title='bbox 355 2879 524 2949; x_wconf 88' lang='lat' dir='ltr'><strong>intellegitur</strong></span> <span class='ocrx_word' id='word_1_249' title='bbox 535 2893 598 2934; x_wconf 90' lang='lat' dir='ltr'><strong>enm</strong></span> <span class='ocrx_word' id='word_1_250' title='bbox 617 2878 664 2948; x_wconf 85' lang='lat' dir='ltr'><strong>qui</strong></span> <span class='ocrx_word' id='word_1_251' title='bbox 682 2875 735 2933; x_wconf 91' lang='lat' dir='ltr'><strong>boc</strong></span> <span class='ocrx_word' id='word_1_252' title='bbox 749 2878 879 2934; x_wconf 90' lang='lat' dir='ltr'><strong>uolumen</strong></span> <span class='ocrx_word' id='word_1_253' title='bbox 892 2874 973 2932; x_wconf 90' lang='lat' dir='ltr'><strong>scribi</strong></span> <span class='ocrx_word' id='word_1_254' title='bbox 985 2877 1066 2932; x_wconf 91' lang='lat' dir='ltr'><strong>iussit</strong></span> <span class='ocrx_word' id='word_1_255' title='bbox 1078 2877 1198 2933; x_wconf 83' lang='lat' dir='ltr'><strong>laborem</strong></span> <span class='ocrx_word' id='word_1_256' title='bbox 1212 2878 1362 2934; x_wconf 90' lang='lat' dir='ltr'><strong>secundum</strong></span> <span class='ocrx_word' id='word_1_257' title='bbox 1375 2878 1458 2934; x_wconf 89' lang='lat' dir='ltr'><strong>libros</strong></span> <span class='ocrx_word' id='word_1_258' title='bbox 1470 2879 1511 2934; x_wconf 90' lang='lat' dir='ltr'><strong>sic</strong></span> <span class='ocrx_word' id='word_1_259' title='bbox 1528 2877 1586 2934; x_wconf 89' lang='lat' dir='ltr'><strong>lere</strong></span> <span class='ocrx_word' id='word_1_260' title='bbox 1605 2879 1644 2934; x_wconf 90' lang='lat' dir='ltr'><strong>di·</strong></span> 
     </span>
     <span class='ocr_line' id='line_1_26' title="bbox 205 2985 1751 3043; baseline -0.001 0"><span class='ocrx_word' id='word_1_261' title='bbox 205 2986 361 3043; x_wconf 88' lang='lat' dir='ltr'><strong>stribnisse:</strong></span> <span class='ocrx_word' id='word_1_262' title='bbox 387 2986 468 3040; x_wconf 83' lang='lat'>1-4.</span> <span class='ocrx_word' id='word_1_263' title='bbox 485 2985 565 3040; x_wconf 81' lang='grc'><strong>5-7.</strong></span> <span class='ocrx_word' id='word_1_264' title='bbox 578 2985 674 3039; x_wconf 85' lang='grc'>8-11.</span> <span class='ocrx_word' id='word_1_265' title='bbox 689 2985 808 3038; x_wconf 82' lang='lat'>12-15.</span> <span class='ocrx_word' id='word_1_266' title='bbox 823 2985 936 3039; x_wconf 85' lang='grc'><strong>16-18.</strong></span> <span class='ocrx_word' id='word_1_267' title='bbox 950 2985 993 3039; x_wconf 90' lang='grc'><strong>19.</strong></span> <span class='ocrx_word' id='word_1_268' title='bbox 1007 2985 1121 3039; x_wconf 80' lang='lat'>20-22.</span> <span class='ocrx_word' id='word_1_269' title='bbox 1135 2985 1249 3040; x_wconf 78' lang='lat'><strong>23-25.</strong></span> <span class='ocrx_word' id='word_1_270' title='bbox 1263 2986 1389 3040; x_wconf 79' lang='lat'><strong>26-27.</strong></span> <span class='ocrx_word' id='word_1_271' title='bbox 1402 2987 1516 3041; x_wconf 80' lang='lat'><strong>28-29.</strong></span> <span class='ocrx_word' id='word_1_272' title='bbox 1529 2987 1644 3043; x_wconf 83' lang='lat'><strong>30-32.</strong></span> <span class='ocrx_word' id='word_1_273' title='bbox 1749 3005 1751 3010; x_wconf 56' lang='lat'><strong><em>¹</em></strong></span> 
     </span>
     <span class='ocr_line' id='line_1_27' title="bbox 205 3089 1645 3164; baseline -0.001 -15"><span class='ocrx_word' id='word_1_274' title='bbox 205 3095 331 3149; x_wconf 82' lang='grc'><strong>33-34.</strong></span> <span class='ocrx_word' id='word_1_275' title='bbox 344 3093 470 3147; x_wconf 87' lang='grc'><strong>35-36.</strong></span> <span class='ocrx_word' id='word_1_276' title='bbox 483 3091 601 3146; x_wconf 85' lang='grc'><strong>37-38.</strong></span> <span class='ocrx_word' id='word_1_277' title='bbox 614 3091 658 3146; x_wconf 84' lang='grc'><strong>39.</strong></span> <span class='ocrx_word' id='word_1_278' title='bbox 671 3091 798 3146; x_wconf 84' lang='grc'><strong>40-43.</strong></span> <span class='ocrx_word' id='word_1_279' title='bbox 810 3089 937 3145; x_wconf 82' lang='lat'>44-45.</span> <span class='ocrx_word' id='word_1_280' title='bbox 950 3091 994 3146; x_wconf 85' lang='grc'><strong>46.</strong></span> <span class='ocrx_word' id='word_1_281' title='bbox 1007 3091 1132 3159; x_wconf 79' lang='grc'><strong>47-50,</strong></span> <span class='ocrx_word' id='word_1_282' title='bbox 1156 3095 1187 3146; x_wconf 92' lang='lat' dir='ltr'><strong>ut</strong></span> <span class='ocrx_word' id='word_1_283' title='bbox 1209 3091 1249 3146; x_wconf 88' lang='lat' dir='ltr'><strong>sio</strong></span> <span class='ocrx_word' id='word_1_284' title='bbox 1267 3092 1449 3162; x_wconf 73' lang='lat' dir='ltr'><strong>particulatim</strong></span> <span class='ocrx_word' id='word_1_285' title='bbox 1468 3097 1555 3148; x_wconf 90' lang='lat' dir='ltr'><strong>totum</strong></span> <span class='ocrx_word' id='word_1_286' title='bbox 1575 3108 1645 3164; x_wconf 91' lang='lat' dir='ltr'><strong>opns</strong></span> 
     </span>
     <span class='ocr_line' id='line_1_28' title="bbox 205 3195 1645 3267; baseline -0.001 -12"><span class='ocrx_word' id='word_1_287' title='bbox 205 3201 336 3255; x_wconf 87' lang='lat' dir='ltr'><strong>adecem</strong></span> <span class='ocrx_word' id='word_1_288' title='bbox 354 3197 471 3253; x_wconf 87' lang='lat' dir='ltr'><strong>librariis</strong></span> <span class='ocrx_word' id='word_1_289' title='bbox 489 3195 702 3266; x_wconf 86' lang='lat' dir='ltr'><strong>describeretur,</strong></span> <span class='ocrx_word' id='word_1_290' title='bbox 722 3195 856 3265; x_wconf 85' lang='lat' dir='ltr'><strong>quasdem</strong></span> <span class='ocrx_word' id='word_1_291' title='bbox 875 3201 968 3252; x_wconf 64' lang='lat' dir='ltr'><strong>umen</strong></span> <span class='ocrx_word' id='word_1_292' title='bbox 986 3196 1135 3267; x_wconf 87' lang='lat' dir='ltr'><strong>particulas</strong></span> <span class='ocrx_word' id='word_1_293' title='bbox 1153 3197 1221 3252; x_wconf 91' lang='lat' dir='ltr'><strong>elios</strong></span> <span class='ocrx_word' id='word_1_294' title='bbox 1240 3199 1364 3267; x_wconf 89' lang='lat' dir='ltr'><strong>coepisse</strong></span> <span class='ocrx_word' id='word_1_295' title='bbox 1382 3199 1451 3254; x_wconf 86' lang='lat' dir='ltr'><strong>elios</strong></span> <span class='ocrx_word' id='word_1_296' title='bbox 1469 3199 1645 3254; x_wconf 77' lang='lat' dir='ltr'><strong>continuasse</strong></span> 
     </span>
     <span class='ocr_line' id='line_1_29' title="bbox 206 3302 1644 3378; baseline -0.001 -16"><span class='ocrx_word' id='word_1_297' title='bbox 206 3308 249 3362; x_wconf 89' lang='lat' dir='ltr'><strong>nel</strong></span> <span class='ocrx_word' id='word_1_298' title='bbox 266 3305 423 3378; x_wconf 82' lang='lat' dir='ltr'><strong>perfecisse.</strong></span> <span class='ocrx_word' id='word_1_299' title='bbox 449 3303 599 3373; x_wconf 90' lang='lat' dir='ltr'><strong>primordia</strong></span> <span class='ocrx_word' id='word_1_300' title='bbox 617 3303 786 3372; x_wconf 84' lang='lat' dir='ltr'><strong>digestorum</strong></span> <span class='ocrx_word' id='word_1_301' title='bbox 806 3302 930 3358; x_wconf 89' lang='lat' dir='ltr'><strong>similiter</strong></span> <span class='ocrx_word' id='word_1_302' title='bbox 947 3303 1090 3358; x_wconf 83' lang='lat' dir='ltr'><strong>interires</strong></span> <span class='ocrx_word' id='word_1_303' title='bbox 1108 3303 1254 3373; x_wconf 87' lang='lat' dir='ltr'><strong>scriptores</strong></span> <span class='ocrx_word' id='word_1_304' title='bbox 1273 3303 1420 3360; x_wconf 84' lang='lat' dir='ltr'><strong>distribute</strong></span> <span class='ocrx_word' id='word_1_305' title='bbox 1437 3308 1510 3375; x_wconf 89' lang='lat' dir='ltr'><strong>sunt,</strong></span> <span class='ocrx_word' id='word_1_306' title='bbox 1529 3319 1644 3375; x_wconf 87' lang='lat' dir='ltr'><strong>qnorum</strong></span> 
     </span>
     <span class='ocr_line' id='line_1_30' title="bbox 206 3408 1121 3480; baseline -0.005 -12"><span class='ocrx_word' id='word_1_307' title='bbox 206 3429 276 3468; x_wconf 90' lang='lat' dir='ltr'><strong>nnus</strong></span> <span class='ocrx_word' id='word_1_308' title='bbox 294 3415 403 3468; x_wconf 75' lang='lat' dir='ltr'><strong>tantum</strong></span> <span class='ocrx_word' id='word_1_309' title='bbox 422 3411 505 3466; x_wconf 87' lang='lat' dir='ltr'><strong>etiem</strong></span> <span class='ocrx_word' id='word_1_310' title='bbox 524 3409 552 3464; x_wconf 92' lang='lat' dir='ltr'><strong>in</strong></span> <span class='ocrx_word' id='word_1_311' title='bbox 570 3409 638 3480; x_wconf 90' lang='lat' dir='ltr'><strong>ipsis</strong></span> <span class='ocrx_word' id='word_1_312' title='bbox 656 3409 772 3480; x_wconf 84' lang='lat' dir='ltr'><strong>digestis</strong></span> <span class='ocrx_word' id='word_1_313' title='bbox 791 3408 942 3464; x_wconf 87' lang='lat' dir='ltr'><strong>scribendis</strong></span> <span class='ocrx_word' id='word_1_314' title='bbox 961 3408 1121 3465; x_wconf 87' lang='lat' dir='ltr'><strong>elaborauit.</strong></span> 
     </span>
    </p>

    <p class='ocr_par' dir='ltr' id='par_1_10' title="bbox 145 3515 1787 4648">
     <span class='ocr_line' id='line_1_31' title="bbox 258 3515 1787 3589; baseline -0.002 -14"><span class='ocrx_word' id='word_1_315' title='bbox 258 3517 446 3589; x_wconf 73' lang='lat' dir='ltr'><strong>compagibus</strong></span> <span class='ocrx_word' id='word_1_316' title='bbox 465 3520 575 3572; x_wconf 81' lang='lat' dir='ltr'><strong>constet</strong></span> <span class='ocrx_word' id='word_1_317' title='bbox 591 3515 660 3572; x_wconf 90' lang='lat' dir='ltr'><strong>liber</strong></span> <span class='ocrx_word' id='word_1_318' title='bbox 677 3531 792 3572; x_wconf 88' lang='lat' dir='ltr'><strong>numero</strong></span> <span class='ocrx_word' id='word_1_319' title='bbox 810 3520 920 3572; x_wconf 90' lang='lat' dir='ltr'><strong>centum</strong></span> <span class='ocrx_word' id='word_1_320' title='bbox 939 3521 968 3571; x_wconf 92' lang='lat' dir='ltr'><strong>et</strong></span> <span class='ocrx_word' id='word_1_321' title='bbox 985 3531 1048 3585; x_wconf 91' lang='lat' dir='ltr'><strong>una,</strong></span> <span class='ocrx_word' id='word_1_322' title='bbox 1068 3515 1171 3571; x_wconf 91' lang='lat' dir='ltr'><strong>seilicet</strong></span> <span class='ocrx_word' id='word_1_323' title='bbox 1189 3515 1278 3571; x_wconf 90' lang='lat' dir='ltr'><strong>tribus</strong></span> <span class='ocrx_word' id='word_1_324' title='bbox 1295 3530 1351 3572; x_wconf 91' lang='lat' dir='ltr'><strong>non</strong></span> <span class='ocrx_word' id='word_1_325' title='bbox 1370 3517 1527 3586; x_wconf 87' lang='lat' dir='ltr'><strong>numeratis,</strong></span> <span class='ocrx_word' id='word_1_326' title='bbox 1545 3515 1645 3588; x_wconf 88' lang='lat' dir='ltr'><strong>quibus</strong></span> <span class='ocrx_word' id='word_1_327' title='bbox 1663 3525 1787 3586; x_wconf 69' lang='lat' dir='ltr'><strong>Compages</strong></span> 
     </span>
     <span class='ocr_line' id='line_1_32' title="bbox 207 3621 1645 3694; baseline -0.001 -11"><span class='ocrx_word' id='word_1_328' title='bbox 207 3627 382 3683; x_wconf 87' lang='lat' dir='ltr'><strong>continentur</strong></span> <span class='ocrx_word' id='word_1_329' title='bbox 406 3621 591 3694; x_wconf 78' lang='lat' dir='ltr'><strong>praefationes</strong></span> <span class='ocrx_word' id='word_1_330' title='bbox 614 3638 677 3679; x_wconf 91' lang='lat' dir='ltr'><strong>curn</strong></span> <span class='ocrx_word' id='word_1_331' title='bbox 701 3623 830 3693; x_wconf 84' lang='lat' dir='ltr'><strong>adnexis,</strong></span> <span class='ocrx_word' id='word_1_332' title='bbox 859 3627 887 3678; x_wconf 92' lang='lat' dir='ltr'><strong>et</strong></span> <span class='ocrx_word' id='word_1_333' title='bbox 916 3623 1066 3692; x_wconf 83' lang='lat' dir='ltr'><strong>nonaginta</strong></span> <span class='ocrx_word' id='word_1_334' title='bbox 1093 3627 1156 3678; x_wconf 90' lang='lat' dir='ltr'><strong>octo</strong></span> <span class='ocrx_word' id='word_1_335' title='bbox 1185 3623 1336 3679; x_wconf 86' lang='lat' dir='ltr'><strong>numeratis</strong></span> <span class='ocrx_word' id='word_1_336' title='bbox 1364 3638 1478 3681; x_wconf 89' lang='lat' dir='ltr'><strong>numero</strong></span> <span class='ocrx_word' id='word_1_337' title='bbox 1506 3623 1645 3694; x_wconf 88' lang='lat' dir='ltr'><strong>adscripto</strong></span> 
     </span>
     <span class='ocr_line' id='line_1_33' title="bbox 207 3728 1643 3804; baseline -0.002 -15"><span class='ocrx_word' id='word_1_338' title='bbox 207 3733 256 3789; x_wconf 90' lang='lat' dir='ltr'><strong>snb</strong></span> <span class='ocrx_word' id='word_1_339' title='bbox 275 3734 366 3804; x_wconf 88' lang='lat' dir='ltr'><strong>prima</strong></span> <span class='ocrx_word' id='word_1_340' title='bbox 383 3731 515 3800; x_wconf 85' lang='lat' dir='ltr'><strong>cuiusque</strong></span> <span class='ocrx_word' id='word_1_341' title='bbox 534 3729 675 3799; x_wconf 88' lang='lat' dir='ltr'><strong>compagis</strong></span> <span class='ocrx_word' id='word_1_342' title='bbox 696 3730 805 3800; x_wconf 86' lang='lat' dir='ltr'><strong>pagina.</strong></span> <span class='ocrx_word' id='word_1_343' title='bbox 837 3743 872 3784; x_wconf 89' lang='lat' dir='ltr'><strong>ex</strong></span> <span class='ocrx_word' id='word_1_344' title='bbox 895 3728 937 3784; x_wconf 89' lang='lat' dir='ltr'><strong>bis</strong></span> <span class='ocrx_word' id='word_1_345' title='bbox 964 3729 1107 3798; x_wconf 88' lang='lat' dir='ltr'><strong>quiniones</strong></span> <span class='ocrx_word' id='word_1_346' title='bbox 1131 3734 1195 3784; x_wconf 89' lang='lat' dir='ltr'><strong>sunt</strong></span> <span class='ocrx_word' id='word_1_347' title='bbox 1219 3729 1323 3800; x_wconf 86' lang='lat' dir='ltr'>LXVI,</span> <span class='ocrx_word' id='word_1_348' title='bbox 1348 3745 1496 3800; x_wconf 81' lang='lat' dir='ltr'><strong>compages</strong></span> <span class='ocrx_word' id='word_1_349' title='bbox 1518 3729 1643 3786; x_wconf 86' lang='lat' dir='ltr'><strong>foliorum</strong></span> 
     </span>
     <span class='ocr_line' id='line_1_34' title="bbox 208 3834 1644 3908; baseline -0.004 -12"><span class='ocrx_word' id='word_1_350' title='bbox 208 3855 375 3896; x_wconf 87' lang='lat' dir='ltr'><strong>uenenorum</strong></span> <span class='ocrx_word' id='word_1_351' title='bbox 386 3838 434 3908; x_wconf 90' lang='lat' dir='ltr'>III,</span> <span class='ocrx_word' id='word_1_352' title='bbox 444 3841 605 3893; x_wconf 91' lang='lat' dir='ltr'><strong>octonorum</strong></span> <span class='ocrx_word' id='word_1_353' title='bbox 614 3835 729 3905; x_wconf 90' lang='lat' dir='ltr'><strong>XVllll,</strong></span> <span class='ocrx_word' id='word_1_354' title='bbox 740 3841 917 3906; x_wconf 86' lang='lat' dir='ltr'><strong>septenorum</strong></span> <span class='ocrx_word' id='word_1_355' title='bbox 927 3834 974 3904; x_wconf 87' lang='lat' dir='ltr'><strong>lll,</strong></span> <span class='ocrx_word' id='word_1_356' title='bbox 986 3850 1113 3890; x_wconf 91' lang='lat' dir='ltr'><strong>senorum</strong></span> <span class='ocrx_word' id='word_1_357' title='bbox 1122 3835 1170 3904; x_wconf 91' lang='lat'>111,</span> <span class='ocrx_word' id='word_1_358' title='bbox 1183 3835 1325 3902; x_wconf 78' lang='lat' dir='ltr'><strong>quinorum</strong></span> <span class='ocrx_word' id='word_1_359' title='bbox 1337 3836 1371 3906; x_wconf 94' lang='lat' dir='ltr'><strong>ll,</strong></span> <span class='ocrx_word' id='word_1_360' title='bbox 1381 3841 1573 3906; x_wconf 86' lang='lat' dir='ltr'><strong>quaternorum</strong></span> <span class='ocrx_word' id='word_1_361' title='bbox 1582 3836 1644 3906; x_wconf 89' lang='lat'>1111,</span> 
     </span>
     <span class='ocr_line' id='line_1_35' title="bbox 145 3941 1644 4014; baseline -0.002 -13"><span class='ocrx_word' id='word_1_362' title='bbox 145 3987 148 3992; x_wconf 68' lang='lat'><em>,</em></span> <span class='ocrx_word' id='word_1_363' title='bbox 208 3947 287 4002; x_wconf 80' lang='lat' dir='ltr'><strong>tfium</strong></span> <span class='ocrx_word' id='word_1_364' title='bbox 311 3946 334 4000; x_wconf 90' lang='lat'><strong>1.</strong></span> <span class='ocrx_word' id='word_1_365' title='bbox 362 3959 509 4014; x_wconf 86' lang='lat' dir='ltr'><strong>compages</strong></span> <span class='ocrx_word' id='word_1_366' title='bbox 532 3943 692 3999; x_wconf 85' lang='lat' dir='ltr'><strong>imminutae</strong></span> <span class='ocrx_word' id='word_1_367' title='bbox 715 3957 778 3996; x_wconf 91' lang='lat' dir='ltr'><strong>cnm</strong></span> <span class='ocrx_word' id='word_1_368' title='bbox 800 3941 947 3997; x_wconf 88' lang='lat' dir='ltr'><strong>uideantur</strong></span> <span class='ocrx_word' id='word_1_369' title='bbox 969 3942 1141 4011; x_wconf 68' lang='lat' dir='ltr'><strong>fflquamnns</strong></span> <span class='ocrx_word' id='word_1_370' title='bbox 1163 3943 1300 4012; x_wconf 90' lang='lat' dir='ltr'><strong>pertinere</strong></span> <span class='ocrx_word' id='word_1_371' title='bbox 1327 3942 1363 3997; x_wconf 84' lang='lat' dir='ltr'><strong>ad</strong></span> <span class='ocrx_word' id='word_1_372' title='bbox 1391 3942 1560 4000; x_wconf 86' lang='lat' dir='ltr'><strong>librariorum</strong></span> <span class='ocrx_word' id='word_1_373' title='bbox 1585 3959 1644 3998; x_wconf 91' lang='lat' dir='ltr'><strong>mu-</strong></span> 
     </span>
     <span class='ocr_line' id='line_1_36' title="bbox 209 4047 1644 4121; baseline -0.003 -13"><span class='ocrx_word' id='word_1_374' title='bbox 209 4053 341 4121; x_wconf 87' lang='lat' dir='ltr'><strong>tationes,</strong></span> <span class='ocrx_word' id='word_1_375' title='bbox 375 4051 534 4106; x_wconf 87' lang='lat' dir='ltr'><strong>laterculum</strong></span> <span class='ocrx_word' id='word_1_376' title='bbox 563 4048 681 4118; x_wconf 90' lang='lat' dir='ltr'><strong>subieci,</strong></span> <span class='ocrx_word' id='word_1_377' title='bbox 712 4063 748 4103; x_wconf 88' lang='lat' dir='ltr'><strong>ex</strong></span> <span class='ocrx_word' id='word_1_378' title='bbox 774 4063 829 4117; x_wconf 88' lang='lat' dir='ltr'><strong>qno</strong></span> <span class='ocrx_word' id='word_1_379' title='bbox 856 4062 927 4117; x_wconf 88' lang='lat' dir='ltr'><strong>qnae</strong></span> <span class='ocrx_word' id='word_1_380' title='bbox 954 4063 1102 4118; x_wconf 88' lang='lat' dir='ltr'><strong>compages</strong></span> <span class='ocrx_word' id='word_1_381' title='bbox 1130 4052 1198 4118; x_wconf 88' lang='lat' dir='ltr'><strong>quot</strong></span> <span class='ocrx_word' id='word_1_382' title='bbox 1223 4047 1288 4104; x_wconf 89' lang='lat' dir='ltr'><strong>lolia</strong></span> <span class='ocrx_word' id='word_1_383' title='bbox 1314 4048 1446 4118; x_wconf 87' lang='lat' dir='ltr'><strong>habeant,</strong></span> <span class='ocrx_word' id='word_1_384' title='bbox 1472 4049 1644 4120; x_wconf 88' lang='lat' dir='ltr'><strong>perspicitur.</strong></span> 
     </span>
     <span class='ocr_line' id='line_1_37' title="bbox 208 4153 1646 4226; baseline -0.002 -12"><span class='ocrx_word' id='word_1_385' title='bbox 208 4157 327 4214; x_wconf 87' lang='lat' dir='ltr'><strong>indicaui</strong></span> <span class='ocrx_word' id='word_1_386' title='bbox 350 4156 414 4212; x_wconf 92' lang='lat' dir='ltr'><strong>item</strong></span> <span class='ocrx_word' id='word_1_387' title='bbox 439 4157 467 4210; x_wconf 94' lang='lat' dir='ltr'><strong>in</strong></span> <span class='ocrx_word' id='word_1_388' title='bbox 491 4154 671 4226; x_wconf 86' lang='lat' dir='ltr'><strong>compagibus</strong></span> <span class='ocrx_word' id='word_1_389' title='bbox 695 4153 821 4210; x_wconf 83' lang='lat' dir='ltr'><strong>foliorum</strong></span> <span class='ocrx_word' id='word_1_390' title='bbox 840 4155 958 4210; x_wconf 86' lang='lat' dir='ltr'><strong>maxime</strong></span> <span class='ocrx_word' id='word_1_391' title='bbox 978 4156 1085 4210; x_wconf 88' lang='lat' dir='ltr'><strong>numeri</strong></span> <span class='ocrx_word' id='word_1_392' title='bbox 1103 4155 1247 4226; x_wconf 88' lang='lat' dir='ltr'><strong>imparilis,</strong></span> <span class='ocrx_word' id='word_1_393' title='bbox 1273 4171 1344 4225; x_wconf 88' lang='lat' dir='ltr'><strong>quae</strong></span> <span class='ocrx_word' id='word_1_394' title='bbox 1361 4154 1428 4211; x_wconf 86' lang='lat' dir='ltr'><strong>solia</strong></span> <span class='ocrx_word' id='word_1_395' title='bbox 1450 4155 1572 4212; x_wconf 88' lang='lat' dir='ltr'><strong>solitaria</strong></span> <span class='ocrx_word' id='word_1_396' title='bbox 1590 4156 1646 4211; x_wconf 92' lang='lat' dir='ltr'><strong>sint</strong></span> 
     </span>
     <span class='ocr_line' id='line_1_38' title="bbox 209 4261 1645 4332; baseline -0.003 -12"><span class='ocrx_word' id='word_1_397' title='bbox 209 4279 307 4320; x_wconf 74' lang='lat' dir='ltr'><strong>moene</strong></span> <span class='ocrx_word' id='word_1_398' title='bbox 325 4263 471 4319; x_wconf 90' lang='lat' dir='ltr'><strong>uideantur</strong></span> <span class='ocrx_word' id='word_1_399' title='bbox 488 4262 598 4332; x_wconf 84' lang='lat' dir='ltr'><strong>gemino</strong></span> <span class='ocrx_word' id='word_1_400' title='bbox 618 4267 732 4332; x_wconf 86' lang='lat' dir='ltr'><strong>resecto,</strong></span> <span class='ocrx_word' id='word_1_401' title='bbox 751 4261 816 4316; x_wconf 88' lang='lat' dir='ltr'><strong>item</strong></span> <span class='ocrx_word' id='word_1_402' title='bbox 837 4261 860 4316; x_wconf 93' lang='lat' dir='ltr'><strong>si</strong></span> <span class='ocrx_word' id='word_1_403' title='bbox 881 4276 937 4330; x_wconf 88' lang='lat' dir='ltr'><strong>qna</strong></span> <span class='ocrx_word' id='word_1_404' title='bbox 954 4261 1045 4330; x_wconf 90' lang='lat' dir='ltr'><strong>spatia</strong></span> <span class='ocrx_word' id='word_1_405' title='bbox 1062 4276 1151 4317; x_wconf 86' lang='lat' dir='ltr'><strong>neena</strong></span> <span class='ocrx_word' id='word_1_406' title='bbox 1169 4268 1359 4317; x_wconf 86' lang='lat' dir='ltr'><strong>remanserunt</strong></span> <span class='ocrx_word' id='word_1_407' title='bbox 1376 4261 1413 4318; x_wconf 91' lang='lat' dir='ltr'><strong>ibi</strong></span> <span class='ocrx_word' id='word_1_408' title='bbox 1432 4261 1479 4317; x_wconf 93' lang='lat' dir='ltr'><strong>nbi</strong></span> <span class='ocrx_word' id='word_1_409' title='bbox 1496 4275 1645 4332; x_wconf 88' lang='lat' dir='ltr'><strong>compages</strong></span> 
     </span>
     <span class='ocr_line' id='line_1_39' title="bbox 209 4365 1644 4452; baseline -0.001 -26"><span class='ocrx_word' id='word_1_410' title='bbox 209 4369 316 4452; x_wconf 78' lang='lat' dir='ltr'><strong>finiunt.</strong></span> <span class='ocrx_word' id='word_1_411' title='bbox 350 4369 456 4424; x_wconf 87' lang='lat' dir='ltr'><strong>numeri</strong></span> <span class='ocrx_word' id='word_1_412' title='bbox 478 4373 570 4424; x_wconf 67' lang='lat' dir='ltr'><strong>anum</strong></span> <span class='ocrx_word' id='word_1_413' title='bbox 593 4369 622 4422; x_wconf 89' lang='lat' dir='ltr'><strong>ln</strong></span> <span class='ocrx_word' id='word_1_414' title='bbox 645 4367 733 4438; x_wconf 88' lang='lat' dir='ltr'><strong>primo</strong></span> <span class='ocrx_word' id='word_1_415' title='bbox 758 4366 852 4422; x_wconf 90' lang='lat' dir='ltr'><strong>ordine</strong></span> <span class='ocrx_word' id='word_1_416' title='bbox 876 4367 915 4422; x_wconf 88' lang='lat' dir='ltr'><strong>ita</strong></span> <span class='ocrx_word' id='word_1_417' title='bbox 939 4365 1114 4438; x_wconf 91' lang='lat' dir='ltr'><strong>exhibentur,</strong></span> <span class='ocrx_word' id='word_1_418' title='bbox 1141 4373 1172 4422; x_wconf 89' lang='lat' dir='ltr'><strong>nt</strong></span> <span class='ocrx_word' id='word_1_419' title='bbox 1196 4369 1290 4438; x_wconf 88' lang='lat' dir='ltr'><strong>scripti</strong></span> <span class='ocrx_word' id='word_1_420' title='bbox 1313 4372 1378 4423; x_wconf 92' lang='lat' dir='ltr'><strong>snnt</strong></span> <span class='ocrx_word' id='word_1_421' title='bbox 1405 4368 1433 4422; x_wconf 92' lang='lat' dir='ltr'><strong>in</strong></span> <span class='ocrx_word' id='word_1_422' title='bbox 1457 4369 1517 4438; x_wconf 93' lang='lat' dir='ltr'><strong>ipso</strong></span> <span class='ocrx_word' id='word_1_423' title='bbox 1540 4369 1644 4424; x_wconf 88' lang='lat' dir='ltr'><strong>codiee.</strong></span> 
     </span>
     <span class='ocr_line' id='line_1_40' title="bbox 211 4472 1645 4548; baseline -0.001 -16"><span class='ocrx_word' id='word_1_424' title='bbox 211 4477 328 4548; x_wconf 87' lang='lat' dir='ltr'><strong>deniqne</strong></span> <span class='ocrx_word' id='word_1_425' title='bbox 354 4477 383 4530; x_wconf 92' lang='lat' dir='ltr'><strong>in</strong></span> <span class='ocrx_word' id='word_1_426' title='bbox 409 4475 540 4530; x_wconf 87' lang='lat' dir='ltr'><strong>laterculo</strong></span> <span class='ocrx_word' id='word_1_427' title='bbox 568 4473 723 4544; x_wconf 88' lang='lat' dir='ltr'><strong>subscripto</strong></span> <span class='ocrx_word' id='word_1_428' title='bbox 750 4487 821 4542; x_wconf 85' lang='lat' dir='ltr'><strong>qnae</strong></span> <span class='ocrx_word' id='word_1_429' title='bbox 847 4487 931 4542; x_wconf 85' lang='lat' dir='ltr'><strong>supra</strong></span> <span class='ocrx_word' id='word_1_430' title='bbox 958 4473 992 4528; x_wconf 92' lang='lat' dir='ltr'><strong>de</strong></span> <span class='ocrx_word' id='word_1_431' title='bbox 1016 4472 1162 4530; x_wconf 89' lang='lat' dir='ltr'><strong>duodecim</strong></span> <span class='ocrx_word' id='word_1_432' title='bbox 1184 4473 1301 4530; x_wconf 92' lang='lat' dir='ltr'><strong>diuersis</strong></span> <span class='ocrx_word' id='word_1_433' title='bbox 1328 4473 1506 4545; x_wconf 89' lang='lat' dir='ltr'><strong>scriptoribus</strong></span> <span class='ocrx_word' id='word_1_434' title='bbox 1529 4475 1645 4546; x_wconf 83' lang='lat' dir='ltr'><strong>exposui</strong></span> 
     </span>
     <span class='ocr_line' id='line_1_41' title="bbox 212 4579 935 4648; baseline -0.007 -9"><span class='ocrx_word' id='word_1_435' title='bbox 212 4599 272 4639; x_wconf 89' lang='lat' dir='ltr'><strong>cum</strong></span> <span class='ocrx_word' id='word_1_436' title='bbox 291 4583 401 4638; x_wconf 85' lang='lat' dir='ltr'><strong>adiecta</strong></span> <span class='ocrx_word' id='word_1_437' title='bbox 419 4585 548 4637; x_wconf 85' lang='lat' dir='ltr'><strong>securata</strong></span> <span class='ocrx_word' id='word_1_438' title='bbox 565 4579 791 4636; x_wconf 89' lang='lat' dir='ltr'><strong>determinatione</strong></span> <span class='ocrx_word' id='word_1_439' title='bbox 808 4579 935 4648; x_wconf 90' lang='lat' dir='ltr'><strong>repetini.</strong></span> 
     </span>
    </p>
   </div>
   <div class='ocr_carea' id='block_1_3' title="bbox 261 4809 1446 4880">
    <p class='ocr_par' dir='ltr' id='par_1_11' title="bbox 261 4809 1446 4880">
     <span class='ocr_line' id='line_1_42' title="bbox 261 4809 1446 4880; baseline -0.002 -14"><span class='ocrx_word' id='word_1_440' title='bbox 261 4817 272 4852; x_wconf 82' lang='lat'>¹</span> <span class='ocrx_word' id='word_1_441' title='bbox 290 4813 358 4867; x_wconf 82' lang='lat' dir='ltr'><strong>Uide</strong></span> <span class='ocrx_word' id='word_1_442' title='bbox 376 4829 441 4878; x_wconf 87' lang='lat' dir='ltr'><strong>qnae</strong></span> <span class='ocrx_word' id='word_1_443' title='bbox 460 4811 519 4863; x_wconf 86' lang='lat' dir='ltr'><strong>inde</strong></span> <span class='ocrx_word' id='word_1_444' title='bbox 537 4819 759 4878; x_wconf 84' lang='lat' dir='ltr'><strong>repraesentarunt</strong></span> <span class='ocrx_word' id='word_1_445' title='bbox 776 4810 937 4864; x_wconf 84' lang='lat' dir='ltr'><strong>Mabillonius</strong></span> <span class='ocrx_word' id='word_1_446' title='bbox 956 4818 982 4864; x_wconf 92' lang='lat' dir='ltr'><strong>et</strong></span> <span class='ocrx_word' id='word_1_447' title='bbox 999 4811 1188 4864; x_wconf 86' lang='lat' dir='ltr'><strong>Brencmannus</strong></span> <span class='ocrx_word' id='word_1_448' title='bbox 1207 4811 1242 4880; x_wconf 90' lang='lat' dir='ltr'><strong>(p.</strong></span> <span class='ocrx_word' id='word_1_449' title='bbox 1252 4811 1326 4863; x_wconf 85' lang='lat' dir='ltr'><strong>XXV</strong></span> <span class='ocrx_word' id='word_1_450' title='bbox 1338 4829 1364 4864; x_wconf 88' lang='lat' dir='ltr'><strong>n.</strong></span> <span class='ocrx_word' id='word_1_451' title='bbox 1376 4811 1401 4865; x_wconf 89' lang='grc'><strong>6.</strong></span> <span class='ocrx_word' id='word_1_452' title='bbox 1411 4809 1446 4880; x_wconf 82' lang='grc'><strong>7).</strong></span> 
     </span>
    </p>
   </div>
   <div class='ocr_carea' id='block_1_4' title="bbox 0 0 1936 5536">
    <p class='ocr_par' dir='ltr' id='par_1_12' title="bbox 0 0 1936 5536">
     <span class='ocr_line' id='line_1_43' title="bbox 0 0 1936 5536; baseline 0 0"><span class='ocrx_word' id='word_1_453' title='bbox 0 0 1936 5536; x_wconf 95' lang='lat' dir='ltr'><strong> </strong></span> 
     </span>
    </p>
   </div>
  </div>
 </body>
</html>
