3738 5550
289 174 377 242 XVII
400 179 414 241 1
439 183 554 238 38-45
965 173 1054 253 492
1567 197 1728 245 mannam

232 332 271 392 38
341 333 522 388 Maaoaanus
546 333 615 388 libro
638 334 768 403 singulari
790 349 992 404 responsorum.
1028 336 1130 390 Lucius
1149 335 1238 390 Titius
1256 335 1353 392 Publio
1370 335 1477 392 Macedo
1494 334 1551 391 lilio
1569 330 1727 419 Q
1747 343 1768 398 S

289 423 407 476 naturali
430 423 542 478 domum
566 438 737 478 communem
761 425 885 495 permisit
908 439 963 479 non
985 424 1140 479 donationis
1158 441 1243 480 eausa
1261 425 1389 480 creditori
1405 423 1453 479 filii
1470 423 1606 494 obligare:
1628 429 1729 494 postea

288 512 396 567 Maenio
419 509 549 566 defuncto
567 513 661 566 relicta
678 512 781 582 pupilla
798 517 903 568 tutores
922 512 981 568 eius
998 512 1116 567 iudicem
1136 513 1269 568 aduersus
1287 513 1391 569 Titium
1408 518 1575 583 acceperunt
1591 517 1620 568 et
1636 513 1729 568 ‘litias

289 599 323 654 de
341 601 443 654 mutuis
461 600 653 670 petitionibus:
673 619 775 672 quaero,
794 621 829 655 aa
847 603 936 658 domas
952 622 1024 675 pers,
1044 621 1120 674 quam
1140 602 1223 656 Titius
1241 601 1416 672 obligandam
1433 601 1489 657 lilio
1507 617 1558 657 suo
1573 617 1728 658 acmmmo

289 689 379 759 dauit,
398 688 530 744 arbitratu
549 689 648 743 iudicis
665 687 773 744 liberari
792 689 900 746 debeat.
933 692 1076 746 Marcellus
1094 689 1243 760 respondit,
1262 706 1298 745 an
1316 696 1345 745 et
1362 690 1472 761 qnando
1491 689 1592 746 debeat
1609 689 1728 760 liberari,
1747 705 1761 746 a

288 793 322 833 ex
340 793 458 847 persona
476 778 607 834 debitoris
625 779 745 847 itemque
763 793 798 833 ex
817 795 850 834 eo
869 780 943 849 quod
960 781 1032 834 inter
1050 778 1241 834 contrahentes
1259 785 1352 834 actum
1370 783 1445 834 esset
1462 795 1495 833 ac
1512 785 1649 848 tempore,
1672 793 1729 849 quc

287 882 332 922 res
350 867 385 923 de
404 882 459 936 qua
476 872 652 936 quaereretur
670 866 791 936 obligata
809 866 915 938 luisset,
935 869 1050 923 radicem
1069 869 1290 923 aestimatorum:
1309 871 1353 921 est
1370 868 1442 922 enim
1461 883 1555 922 earnm
1574 867 1729 937 specierum

256 965 268 1011 1
287 955 422 1012 iudicialis
440 957 573 1026 quaestio,
591 971 737 1026 perquam
755 971 799 1010 res
817 957 987 1027 expediatur,
1007 973 1062 1012 non
1080 956 1212 1011 absimilis
1230 956 1283 1024 illa,
1302 971 1372 1026 quae
1390 955 1610 1026 frequentissime
1628 957 1729 1026 agitari

287 1043 365 1114 solet,
383 1043 528 1099 fideiussor
546 1061 582 1100 an
599 1049 628 1099 et
645 1044 720 1114 prius
739 1059 821 1113 quam
839 1046 930 1100 soluat
947 1061 1029 1116 agere
1046 1047 1142 1116 possit,
1161 1050 1193 1100 ut
1209 1044 1347 1101 liberetur.
1374 1061 1426 1100 nec
1443 1050 1536 1100 tamen
1554 1059 1664 1114 semper
1681 1059 1729 1098 ex·

287 1133 467 1203 spectandum
485 1137 535 1202 est,
555 1136 586 1187 ut
604 1133 694 1187 soluat
712 1139 760 1188 aut
777 1133 879 1189 iudicio
897 1139 1011 1204 accepto
1024 1134 1228 1204 condemnetur,
1247 1135 1271 1188 si
1283 1134 1332 1189 diu
1343 1135 1372 1189 in
1383 1135 1518 1189 solutione
1530 1131 1594 1188 reus
1607 1133 1730 1189 cessabit
1750 1150 1778 1188 ro

288 1226 337 1276 aut
359 1227 432 1276 certe
455 1220 528 1276 bona
551 1235 602 1275 aua
624 1221 784 1293 dissipabit,
807 1224 967 1292 praesertim
991 1223 1014 1278 si
1032 1222 1106 1278 domi
1123 1223 1268 1292 pecuniam
1287 1221 1432 1279 fideiussor
1450 1238 1505 1279 non
1522 1221 1648 1292 babebit,
1671 1237 1731 1292 qua

287 1315 429 1364 numerata
447 1309 574 1364 creditori
592 1309 714 1364 mandati
733 1311 841 1366 actione
859 1331 930 1366 ream
949 1312 1104 1366 conueniat

230 1400 268 1460 39
340 1398 493 1454 Nnasrrus
515 1398 585 1454 libro
609 1400 727 1470 septimo
751 1399 980 1455 membranarum.
1017 1401 1054 1454 Et
1071 1398 1194 1454 Aristoni
1215 1404 1244 1454 et
1261 1398 1341 1455 Oelso
1359 1400 1431 1470 patri
1448 1400 1552 1470 placuit
1570 1393 1731 1484 [Q
1750 1408 1787 1480 ss

287 1502 444 1558 passerem
462 1486 514 1541 bac
532 1487 693 1543 condicione
712 1488 813 1558 deponi
831 1488 1045 1558 mandatumque
1063 1489 1178 1558 suscipi,
1197 1493 1229 1542 ut
1246 1503 1290 1543 res
1307 1489 1428 1558 periculo
1446 1490 1506 1544 eius
1523 1489 1561 1544 sit
1577 1489 1625 1560 qui
1643 1486 1731 1558 depo

286 1577 368 1631 situm
388 1576 433 1630 uel
449 1575 608 1631 mandatum
627 1578 763 1647 suscepit:
783 1577 856 1647 quod
875 1577 987 1633 etmihi
1006 1593 1102 1632 uerum
1120 1592 1182 1632 ease
1201 1576 1318 1633 uidetur.
1751 1592 1778 1632 rs

228 1666 269 1726 40
338 1666 459 1720 Pnunus
476 1664 545 1720 libro
565 1681 636 1720 nono
655 1665 691 1720 ad
708 1665 838 1722 edictum.
867 1665 896 1721 Si
913 1681 964 1735 pro
982 1671 1010 1721 te
1029 1670 1173 1736 praesente
1192 1672 1221 1721 et-
1236 1670 1348 1722 uetante
1360 1665 1550 1736 fideiusserim,
1583 1676 1732 1748 fflffl
1750 1676 1776 1730 Ε

283 1768 337 1809 nee
355 1753 478 1809 mandati
496 1755 567 1809 actio
586 1769 637 1809 nec
655 1755 828 1824 negotiorum
847 1759 988 1825 gestorum
1006 1759 1063 1810 est:
1082 1755 1132 1810 sed
1150 1754 1262 1824 quidam
1280 1756 1376 1810 utilem
1393 1759 1492 1825 patant
1510 1754 1569 1810 dari
1586 1761 1731 1824 oportere:

286 1841 385 1913 quibus
403 1857 458 1897 non
477 1843 626 1913 consentio,
645 1842 796 1898 secundum
815 1845 889 1913 quod
907 1849 936 1898 ot
954 1843 1103 1913 Pomponio
1122 1843 1239 1899 uidetur.

227 1934 266 1991 41
339 1930 433 1987 eurus
450 1931 518 1987 libro
536 1932 617 1986 tertio
635 1931 672 1985 ad
690 1931 811 1987 edietum
829 1932 1006 2002 prouinciale.
1034 1932 1130 1987 Potest
1148 1938 1177 1986 et
1193 1931 1229 1988 ab
1247 1949 1303 1988 nna
1316 1933 1461 1988 dumtaxat
1472 1937 1550 2003 parte
1569 1925 1731 2016 Q
1749 1940 1776 1995 Ε

286 2020 408 2075 mandati
431 2019 561 2075 iudicium
583 2020 655 2075 dari:
680 2035 742 2075 nam
762 2021 786 2076 ai
804 2021 828 2075 la
846 2022 893 2090 qui
911 2021 1072 2076 mandatum
1090 2021 1212 2091 suscepit
1230 2036 1359 2091 egressus
1377 2020 1459 2076 inerit
1476 2021 1651 2090 mandatum,
1674 2023 1732 2091 ipsi
1750 2034 1777 2076 ro

285 2109 395 2179 quidem
415 2109 536 2163 mandati
553 2109 683 2163 indicium
703 2125 757 2164 non
775 2111 915 2181 competit,
934 2113 964 2164 at
982 2109 1008 2164 ei
1026 2111 1073 2179 qui
1090 2110 1263 2167 mandauerit
1280 2111 1414 2166 aduersus
1431 2125 1495 2164 eum
1513 2109 1656 2178 competit

227 2200 267 2258 42
339 2196 490 2253 Uartauus
507 2195 577 2254 libro
595 2198 739 2253 andecimo
758 2198 793 2252 ad
812 2198 941 2253 edictum.
970 2197 999 2253 Si
1019 2199 1185 2255 mandauero
1202 2199 1261 2269 tibi,
1280 2205 1312 2254 nt
1323 2204 1466 2254 excuteres
1477 2200 1551 2254 uires
1569 2193 1731 2282 ffffl
1750 2205 1776 2261 Ε

285 2285 453 2356 hereditatis,
473 2289 501 2340 et
518 2290 558 2356 tu,
577 2288 656 2356 quasi
673 2288 761 2341 minor
779 2287 823 2357 sit,
841 2302 902 2343 eam
921 2303 940 2341 a
956 2301 1000 2342 me
1015 2289 1122 2358 emeris,
1141 2297 1166 2342 at
1177 2287 1298 2344 mandati
1310 2287 1377 2342 mibi
1388 2287 1535 2344 teneberis.
1562 2288 1731 2344 tantundem

286 2374 355 2429 etsi
373 2373 423 2428 tibi
441 2374 583 2446 mandaui,
606 2381 640 2430 nt
662 2377 735 2431 uires
757 2381 901 2431 excuteres
919 2376 979 2430 eius
997 2377 1042 2432 eui
1059 2391 1133 2431 eram
1151 2377 1304 2434 crediturus
1322 2381 1350 2432 et
1367 2376 1568 2433 renuntimeris
1586 2391 1650 2431 eum
1667 2376 1730 2433 ido-

284 2477 365 2518 nenm
383 2477 454 2517 esse.
1749 2478 1779 2518 rs

226 2555 266 2614 43
336 2551 415 2606 Inuus
432 2549 500 2607 libro
518 2551 649 2608 uicesimo
668 2552 750 2608 tertio
769 2552 805 2607 ad
823 2552 952 2608 edictam.
980 2552 1033 2619 Qni
1050 2553 1210 2609 mandatum
1226 2555 1353 2624 suscepit,
1373 2558 1405 2609 ut
1414 2553 1548 2624 pecunias
1566 2547 1731 2638 W
1748 2559 1777 2615 Ε

283 2640 312 2696 in
331 2639 403 2696 diem
421 2641 575 2711 collocaret,
593 2641 672 2712 isque
689 2641 742 2698 boc
759 2639 864 2712 iecerit,
884 2642 1007 2698 mandati
1024 2643 1229 2699 conueniendns
1246 2647 1298 2712 est,
1316 2647 1348 2698 nt
1366 2658 1429 2698 cam
1447 2642 1578 2698 dilatione
1593 2629 1731 2713 tempor}

283 2728 437 2785 actionibus
455 2728 546 2784 cedat.
812 2804 814 2808 Ι

225 2822 266 2882 44
337 2818 415 2873 lons
431 2815 500 2874 libro
519 2819 691 2888 sexagesimo
710 2819 832 2876 mande
850 2819 886 2876 ad
898 2819 1026 2875 edictum.
1054 2821 1203 2889 Delasset,
1220 2820 1320 2890 siquis
1336 2821 1404 2877 nolit
1419 2822 1548 2892 persequi
1579 2833 1607 2879 Β.
1616 2834 1654 2889 14,
1664 2835 1731 2890 aaa
1750 2829 1778 2883 Ε

239 2937 249 2958 .
284 2907 359 2977 quod
376 2907 503 2977 persequi
522 2911 622 2977 potest,
640 2914 690 2964 aut
705 2909 729 2964 ai
746 2909 808 2979 quis
827 2911 892 2964 notit
910 2909 984 2979 qnod
1002 2917 1119 2982 exegerit
1136 2911 1251 2965 soluere.
1751 2924 1781 2964 sa

225 3001 265 3060 45
336 2996 456 3052 Pincus
474 2995 543 3050 libro
561 2996 657 3066 quinto
675 2996 711 3052 ad
729 2997 875 3052 Plautium.
912 2997 941 3054 Si
960 2998 1091 3054 mandatu
1110 3013 1171 3054 meo
1189 2997 1302 3055 bandum
1321 2999 1434 3068 emeris,
1457 3003 1548 3054 utrum
1566 2991 1731 3086 [Q
1749 3007 1778 3061 Ε

285 3099 347 3139 eum
371 3083 480 3139 dederis
502 3084 619 3154 pretinm
642 3100 740 3155 ageres
758 3101 865 3142 mecum
884 3087 1007 3142 mandati
1024 3103 1059 3142 an
1077 3091 1106 3141 et
1123 3091 1270 3158 antequam
1289 3087 1351 3156 des,
1375 3103 1409 3142 ne
1427 3102 1541 3142 necesse
1558 3087 1662 3144 babeas
1680 3107 1731 3146 rea

283 3175 347 3227 tuas
369 3171 510 3228 uendere?
540 3177 570 3228 et
586 3177 661 3228 recte
679 3174 779 3230 dicitur
796 3175 825 3230 iu
842 3175 895 3231 boc
913 3191 974 3232 ease
993 3174 1116 3231 mandati
1133 3177 1282 3246 actionem,
1306 3181 1337 3230 ut
1354 3177 1502 3247 suscipiam
1519 3175 1729 3247 obligationem,

283 3274 355 3330 quae
379 3259 512 3316 aduersus
536 3267 564 3318 te
586 3262 721 3318 uenditori
739 3263 884 3334 competit:
908 3279 971 3319 nam
991 3270 1019 3320 ct
1036 3279 1089 3334 ego
1106 3269 1197 3320 tecum
1216 3279 1298 3334 agere
1316 3279 1443 3334 possum,
1467 3267 1499 3320 ut
1514 3271 1641 3334 praestes
1658 3267 1732 3322 mibi

251 3363 264 3408 1
283 3348 418 3404 addemus
442 3349 613 3406 uenditorem
640 3353 725 3422 empti
749 3353 880 3407 actiones.
917 3351 974 3408 Sed
992 3354 1015 3408 si
1034 3353 1165 3409 mandatu
1184 3369 1245 3409 meo
1263 3353 1394 3408 iudicium
1412 3353 1572 3423 suscepisti,
1596 3361 1732 3410 manente
1751 3369 1782 3410 sa

283 3437 384 3493 indicio
402 3438 461 3493 sine
479 3438 552 3494 iusta
570 3455 655 3494 causa
672 3455 727 3496 non
746 3440 830 3496 debes
850 3456 957 3496 mecum
975 3457 1067 3512 agere,
1085 3447 1117 3496 ut
1133 3441 1314 3498 transferatur
1331 3442 1461 3497 iudicium
1479 3442 1508 3497 in
1525 3457 1584 3496 me:
1603 3443 1731 3499 nondum

252 3526 356 3584 aenim
380 3525 518 3595 perfecisti
542 3527 710 3584 mandatum.
746 3529 815 3584 ltem
840 3530 878 3599 ai,
903 3529 968 3584 dum
986 3531 1099 3600 negotia
1116 3546 1179 3585 mea
1196 3531 1282 3601 geris,
1306 3531 1389 3586 alicui
1406 3529 1442 3585 de
1459 3530 1640 3586 creditoribus
1657 3533 1732 3588 meis

283 3614 454 3684 promiseris,
478 3620 508 3671 ct
531 3621 677 3687 antequam
696 3617 789 3672 saluas
807 3617 953 3673 dicendum
973 3623 1016 3673 eat
1033 3625 1061 3674 te
1080 3633 1162 3688 agere
1179 3634 1274 3689 posse,
1298 3624 1329 3674 ut
1346 3618 1541 3688 obligationem
1559 3620 1732 3691 suscipiam:

251 3717 266 3762 a
284 3705 333 3758 aut
349 3703 374 3758 si
391 3704 460 3759 nolit
476 3703 595 3760 creditor
613 3705 807 3775 obligationem
826 3711 946 3776 mutare,
969 3721 1068 3763 cauere
1085 3707 1137 3762 tibi
1154 3706 1242 3762 debeo
1260 3706 1436 3762 defensurum
1453 3712 1490 3762 te.
1527 3706 1556 3763 Si
1575 3708 1679 3764 iudicio
1697 3714 1732 3765 te

283 3791 344 3846 aisti
361 3794 512 3862 promisero
531 3807 583 3848 nec
601 3792 756 3866 exhibuero,
776 3799 804 3850 et
815 3799 962 3865 antequam
974 3799 1120 3866 praestem,
1140 3796 1262 3852 mandati
1274 3812 1357 3866 agere
1369 3811 1490 3867 possum,
1508 3801 1540 3851 ut
1552 3813 1597 3852 me
1608 3796 1733 3854 liberes:
1753 3814 1787 3855 aa

281 3890 309 3943 r
321 3890 396 3956 <aa
412 3891 508 3964 asten)
526 3889 636 3958 alvu)

284 4023 782 4095 1ιιιεροιιιιοιιιιιιιΙΝΙιιιιιιιῑοιιιΜ
836 4026 974 4094 dquaero
1028 4027 1055 4082 B
1072 4027 1196 4093 (Aaou.):
1219 4026 1300 4081 idlae
1323 4024 1374 4082 ἒοτὶ
1398 4026 1430 4081 τὸ
1454 4025 1488 4080 uri
1508 4025 1611 4080 sorsat
1629 4027 1734 4083 rruab

283 4094 426 4164 ...titiuq
445 4094 503 4160 PU,
520 4115 568 4149 om.
582 4097 615 4150 F:
635 4096 658 4150 ei
676 4096 792 4159 ὤφειλοιι
805 4095 829 4151 οἰ
842 4094 973 4168 ’snirporror
1027 4098 1142 4163 bruatur,
1164 4097 1178 4150 ir
1197 4096 1229 4151 τὸ
1248 4097 1281 4152 ari
1302 4095 1434 4152 enutries·
1454 4096 1502 4152 rou
1522 4097 1689 4162 Δγιιὰιιειιοιι,
1714 4099 1732 4152 ιί

282 4163 315 4218 τὸ
332 4164 447 4236 ιἰριιότοιι
472 4185 523 4229 unu
540 4167 589 4228 ιοῨ
607 4167 680 4231 oinos
699 4167 779 4237 espec
800 4165 891 4230 ἐλεγθε
909 4169 973 4222 (bear
1027 4167 1059 4223 τὸ
1078 4169 1112 4222 uir
1132 4169 1222 4231 soluat
1242 4167 1274 4224 rb
1292 4167 1446 4234 instratis,
1471 4173 1520 4223 aut
1543 4169 1648 4238 siquis
1667 4185 1734 4226 non

283 4235 437 4302 B(.¹1ncn.)
490 4239 562 4292 bau
580 4257 628 4291 cm.
642 4239 712 4293 P⁶V
763 4187 973 4294 ‘liudiiudicem
1027 4240 1151 4308 exegerit
1168 4240 1242 4309 quod
1258 4241 1367 4310 exigere
1379 4241 1487 4294 soluere
1504 4241 1533 4304 i}
1552 4246 1602 4294 aut
1618 4241 1642 4295 si
1660 4244 1734 4310 quis

282 4308 308 4361 F
321 4309 418 4381 (eras)
472 4307 587 4376 dquam
606 4310 660 4378 res]
699 4309 778 4375 Pru,
802 4325 858 4378 qua
880 4311 973 4375 rest}
1028 4328 1082 4366 non
1100 4312 1224 4381 exegerit
1241 4313 1368 4380 (exigerit
1389 4311 1424 4376 U,
1448 4312 1573 4381 exigerat
1590 4311 1630 4376 Vl
1647 4314 1734 4380 quod

282 4393 403 4446 quaeres
417 4379 455 4432 P·
471 4379 475 4444 Ι
491 4377 656 4434 irentissima
694 4390 706 4411 ⁰
743 4383 775 4434 11
790 4381 975 4437 sidominiP·
1027 4383 1137 4451 exigere
1154 4387 1246 4452 potest
1264 4387 1312 4437 aut
1329 4383 1353 4437 ai
1370 4383 1431 4452 quis
1442 4383 1510 4438 nolit
1521 4383 1629 4438 soluere
1646 4385 1736 4452 qnod

283 4450 317 4502 12
335 4448 421 4517 reum]
439 4449 503 4514 PU,
526 4469 574 4504 ona
587 4452 613 4503 F
662 4451 696 4505 14
714 4453 920 4522 mandatumqui
939 4453 975 4505 1³⁶
1027 4455 1151 4522 exegerit
1168 4455 1265 4524 (exigit
1281 4455 1326 4519 γ’)
1345 4453 1386 4509 1²¹
1398 4473 1475 4508 muno
1487 4457 1589 4525 aequali
1604 4455 1656 4509 VU
1671 4459 1735 4512 lee-

283 4521 317 4575 16
335 4525 508 4589 praesentem
526 4524 555 4575 et
571 4526 711 4576 natantem
730 4523 770 4578 P·
822 4526 858 4579 20
882 4539 974 4578 susce·
1027 4525 1576 4597 ttoueerduobararctetyptsrcntamtaatu
1612 4527 1735 4596 32188-

280 4592 353 4660 perit
370 4591 398 4646 P
439 4592 473 4646 21
493 4591 622 4662 mandati]
638 4593 795 4649 mandatum
809 4596 849 4649 P⁰
894 4597 928 4650 23
946 4600 975 4650 et
1027 4595 1121 4664 roalF,
1140 4611 1207 4666 ages
1219 4596 1273 4651 PU
1284 4597 1289 4663 1
1305 4611 1340 4650 ne
1356 4595 1481 4650 om.PV⁶
1529 4595 1736 4686 34aduersua]

282 4661 413 4731 mandati]
433 4663 461 4717 P
476 4681 531 4719 enm
544 4663 571 4716 Β
584 4663 707 4730 trimi:
726 4665 785 4735 ὲιιὲχ
821 4686 862 4720 uo·
883 4667 923 4720 sal
941 4665 972 4738 rai
1027 4667 1157 4722 aduerset
1174 4668 1213 4721 P·
1230 4669 1235 4735 l
1250 4671 1372 4737 praestet
1393 4667 1430 4720 F·
1481 4667 1517 4722 36
1536 4667 1638 4722 iudicio
1651 4668 1726 4726 'non

280 4732 786 4874 utltelttlllulats
804 4739 974 4874 sliat,
1027 4739 1148 4864 :utet
1173 4740 1230 4864 ..3⁷
1248 4737 1478 4865 12111111
1494 4737 1737 4864 maggae.

280 4877 424 4946 pecuniam
442 4877 471 4931 P
526 4879 560 4932 st
579 4877 715 4934 delatione
733 4879 772 4932 Pss
831 4826 933 4935 30paut
950 4879 974 4934 si
1026 4831 1224 4936 *ἰήιᾱίοἰὸβγ
1241 4879 1445 4948 tdexbibuerol
1456 4825 1537 4955 sld’U,
1557 4831 1742 4940 arnum}

282 4949 343 5018 quis
361 4947 429 5004 nolit
445 4948 520 5019 qnod
538 4951 662 5019 exegerit
679 4951 794 5020 soluere]
813 4959 851 5006 ser
863 4953 905 5006 Ρ·
918 4971 973 5008 ram
