3648 5564
261 292 319 359 llll
340 296 360 358 4
379 301 454 354 7-9
936 288 1020 368 128
1440 311 1486 357 nn
1508 309 1695 359 mosmos

228 459 243 506 t
261 449 423 503 conuenitur
439 452 538 519 captus
551 449 596 503 sit.
623 446 679 503 Sed
697 449 766 504 etsi
784 448 962 504 hereditatem
982 449 1069 504 minor
1087 448 1154 503 odiit
1171 448 1261 503 minus
1278 448 1422 519 lucrosam,
1441 449 1608 504 succurritur
1625 449 1650 504 ei
1668 453 1696 503 nt

262 553 291 592 se
303 538 392 607 possit
403 536 556 592 obstinere:
574 553 638 591 nam
651 543 680 591 et
691 537 734 592 hio
747 544 842 606 captus
855 543 905 592 est.
937 538 1010 592 idom
1022 541 1051 593 et
1068 538 1096 593 in
1114 536 1246 592 bonorum
1265 537 1439 606 possessione
1456 537 1502 592 uel
1520 537 1573 592 alia
1591 551 1695 591 succes-

261 627 346 681 sione.
375 642 430 680 non
448 625 535 680 solnm
555 631 646 680 antem
665 623 750 694 filius,
770 627 816 694 qui
834 640 864 681 se
883 617 993 680 miscuit
1010 630 1141 695 paternae
1158 625 1318 695 hereditati,
1337 625 1386 680 sed
1405 630 1433 679 et
1451 626 1475 680 si
1493 626 1592 694 aliquis
1610 626 1647 680 sit
1664 640 1695 679 en

260 715 422 768 necessariis
441 714 528 768 minor
546 715 633 783 annis,
652 715 731 769 simili
750 713 831 769 modo
849 715 1049 768 restitutionem
1068 713 1233 785 impetrabit,
1251 714 1337 768 ueluti
1353 714 1376 768 si
1389 729 1486 768 seruus
1497 714 1534 768 sit
1545 729 1607 768 oum
1619 713 1695 768 liber-

260 808 318 857 tate
337 804 492 858 institutus:
512 801 657 858 dicendum
678 803 749 857 enim
768 803 832 871 crit,
852 802 875 857 si
894 818 924 858 se
943 803 1066 872 miscuit,
1083 818 1165 873 posse
1184 803 1210 856 oi
1229 801 1368 857 subueniri
1387 803 1485 856 aetatis
1503 801 1649 872 beneficio,
1668 809 1728 858 ιιι

261 891 361 946 habeat
380 890 512 946 bonorum
531 907 641 947 snorum
661 892 870 960 separationem.
899 892 980 960 plane
998 893 1043 961 qui
1056 897 1121 960 post
1132 891 1234 946 aditam
1247 890 1424 946 hereditatem
1437 891 1597 960 restimitur,
1616 891 1697 946 debet

261 985 414 1050 praestare,
438 981 462 1034 si
482 980 549 1048 quid
568 995 603 1034 ex
621 979 772 1034 hereditate
791 980 819 1034 in
838 995 894 1033 rem
914 979 974 1034 eius
992 981 1118 1050 peruenit
1136 995 1186 1035 uec
1204 981 1285 1050 periit
1302 993 1351 1049 per
1368 980 1467 1034 aetatis
1484 979 1695 1035 inbecillitatem.

197 1078 242 1124 ot
261 1069 349 1124 Hodie
374 1073 449 1124 certo
472 1070 529 1124 inre
552 1070 667 1139 utimur,
691 1072 723 1123 ut
746 1068 821 1123 etin
839 1069 913 1122 lucro
932 1068 1081 1124 minoribus
1100 1073 1281 1124 succurratur.
1318 1069 1485 1138 Pomponius
1503 1083 1612 1138 quoqne
1629 1069 1696 1124 libro

261 1158 411 1214 uicensimo
428 1163 528 1213 octauo
546 1157 641 1213 scribit
664 1157 735 1211 etsi
758 1156 816 1211 sine
840 1155 903 1212 dolo
926 1157 1087 1227 cuiusquam
1111 1159 1232 1227 legatum
1250 1157 1448 1228 repudiauerit,
1471 1158 1516 1212 uel
1533 1157 1562 1212 in
1580 1158 1697 1226 optionis

169 1267 172 1274 ¹
260 1247 352 1316 legato
376 1251 473 1316 captus
496 1247 532 1301 sit
557 1247 622 1301 dum
646 1245 729 1314 elegit
753 1245 915 1300 deteriorem
924 1249 941 1314 ¹,
966 1247 1010 1301 uel
1034 1247 1057 1301 si
1080 1247 1150 1302 duas
1172 1263 1216 1302 res
1239 1247 1395 1317 promiserit
1416 1246 1490 1300 illam
1511 1249 1560 1301 snt
1577 1247 1653 1301 illam
1671 1251 1699 1300 et
1716 1260 1747 1300 no

229 1342 243 1388 8
261 1336 448 1406 pretiosiorem
467 1335 581 1404 dederit,
601 1333 702 1389 debere
720 1333 873 1388 subueniri:
895 1338 924 1388 et
942 1333 1160 1390 subueniendum
1179 1339 1230 1391 est.
1268 1335 1427 1401 Quaesitum
1445 1339 1488 1389 est
1505 1350 1541 1390 ex
1559 1350 1606 1404 eo,
1625 1334 1698 1404 quod

261 1426 289 1480 in
312 1426 388 1480 lucro
410 1439 519 1494 quoque
541 1422 691 1479 minoribus
714 1422 933 1478 subueniendum
956 1423 1066 1492 dicitur,
1090 1425 1114 1480 si
1132 1440 1176 1480 res
1196 1426 1254 1480 eius
1272 1425 1389 1480 nenierit
1407 1429 1436 1479 et
1454 1423 1555 1479 existat
1572 1424 1619 1493 qui
1637 1425 1698 1494 plus

260 1514 382 1582 licentur,
401 1529 436 1568 an
454 1514 482 1568 in
499 1513 636 1581 integrum
648 1515 761 1582 propter
772 1511 878 1566 lucrum
890 1512 1074 1569 restituendus
1086 1513 1143 1569 sit?
1166 1518 1194 1568 et
1206 1513 1319 1569 cottidie
1329 1517 1470 1584 praetores
1482 1527 1531 1569 eos
1542 1513 1697 1582 restituunt,

261 1608 293 1657 ut
310 1618 417 1657 rursum
435 1601 595 1656 admittatur
612 1600 734 1656 licitatio,
761 1600 835 1655 idem
853 1599 959 1656 iaciunt
976 1606 1004 1656 ot
1022 1603 1050 1658 in
1068 1602 1111 1658 bis
1125 1602 1215 1673 rebus,
1234 1617 1305 1672 quae
1317 1603 1422 1658 seruari
1434 1602 1474 1658 eis
1486 1600 1596 1657 debent
1624 1601 1698 1671 quod

261 1692 458 1760 circumspecte
476 1691 528 1744 orit
545 1688 714 1744 iaciendum:
734 1693 854 1744 ceterum
873 1705 953 1746 nemo
972 1691 1086 1746 secedet
1103 1692 1139 1746 ad
1157 1693 1322 1761 emptionem
1341 1707 1430 1747 rernm
1447 1690 1630 1762 pupillarium,
1649 1704 1699 1744 nso
1718 1703 1749 1744 ne

261 1780 284 1834 si
308 1779 381 1834 bona
403 1777 458 1834 lide
482 1777 675 1833 distrahantur.
710 1785 739 1833 et
762 1777 891 1834 destricte
914 1779 1086 1848 probandum
1106 1777 1116 1852 ΙΙ
1137 1787 1179 1836 est
1196 1782 1224 1836 in
1242 1779 1338 1850 rebus,
1362 1795 1433 1849 quae
1451 1778 1570 1835 fortuitis
1588 1777 1698 1834 cuibus
1716 1788 1734 1835 ι.
1747 1784 1787 1835 ιε’

261 1867 400 1924 subiectae
419 1871 491 1936 sunt,
511 1882 565 1922 non
583 1882 644 1922 esse
662 1866 760 1922 minori
778 1867 911 1922 aduersus
928 1873 1080 1939 emptorem
1098 1869 1319 1939 succurrendum,
1338 1869 1391 1924 nisi
1408 1873 1457 1924 aut
1474 1868 1569 1924 sordes
1581 1870 1631 1923 sut
1642 1867 1698 1923 eui-

228 1964 244 2012 t
262 1957 330 2012 dens
348 1957 437 2027 gratia
454 1961 575 2010 tutorum
593 1956 652 2010 siue
675 1961 830 2011 curatorum
848 1956 987 2012 doceatur.
1014 1959 1168 2014 Restitutus
1186 1963 1278 2014 sutem
1297 1974 1360 2012 enm
1378 1973 1409 2013 se
1427 1957 1571 2012 hereditati
1584 1957 1700 2012 misceat

261 2047 306 2101 nel
325 2061 385 2100 eam
404 2044 486 2099 adeat
503 2059 585 2113 quarn
604 2044 766 2114 repudiauit,
785 2061 879 2100 rursus
891 2047 998 2101 restitui
1009 2049 1118 2118 poterit,
1137 2053 1169 2104 ut
1181 2064 1211 2103 sc
1224 2048 1374 2103 abstineat:
1394 2047 1484 2102 etboc
1497 2052 1525 2101 et
1536 2047 1700 2116 rescriptum

215 2142 245 2187 to
263 2139 292 2190 et
308 2149 469 2204 responsum
488 2137 538 2188 eet
567 2131 622 2187 Sed
640 2133 714 2202 quod
731 2133 897 2203 Papinianus
915 2135 983 2191 libro
1002 2136 1123 2193 secundo
1140 2152 1332 2206 responsorum
1351 2136 1391 2190 ait
1409 2135 1505 2190 minori
1521 2134 1700 2190 substitutum
1721 2147 1755 2188 so

263 2238 372 2279 seruum
396 2223 581 2277 necessarium
601 2221 762 2292 repudiante
780 2221 890 2291 quidem
909 2223 1090 2280 hereditatem
1109 2226 1213 2282 minore
1231 2225 1415 2280 necessarium
1434 2222 1505 2294 iore,
1530 2228 1559 2279 et
1576 2224 1600 2279 si
1618 2223 1701 2280 fuerit

263 2311 405 2367 restitutus
427 2311 527 2380 minor,
550 2309 666 2365 hberum
685 2309 767 2366 nihilo
785 2313 877 2366 minus
895 2327 1050 2368 remanere:
1073 2315 1096 2369 si
1115 2317 1207 2369 autern
1225 2313 1301 2384 prius
1319 2315 1407 2370 minor
1425 2311 1493 2368 adiit
1510 2310 1701 2383 hereditatem,

262 2415 327 2456 mox
349 2399 492 2454 abstentus
510 2405 566 2468 est,
590 2397 769 2454 substitutum
788 2400 892 2469 pupillo
910 2416 1020 2456 seruum
1039 2417 1101 2457 cum
1120 2402 1251 2458 libertate·
1264 2418 1318 2458 non
1335 2417 1418 2472 posse
1436 2401 1563 2456 heredem
1582 2402 1702 2456 existere

262 2504 351 2559 neque
369 2487 484 2544 liberum
503 2502 576 2542 esse:
595 2501 650 2542 non
667 2502 717 2557 per
735 2488 829 2543 omnia
846 2503 942 2543 uerum
960 2495 1011 2545 est
1046 2507 1108 2546 nam
1127 2492 1151 2547 si
1168 2507 1223 2546 non
1241 2495 1285 2546 est
1302 2491 1434 2546 soluendo
1451 2489 1597 2560 hereditas,
1616 2489 1702 2546 absti-

262 2582 345 2633 nente
363 2592 393 2632 se
412 2575 512 2633 herede
531 2579 559 2631 et
577 2575 659 2631 diuus
676 2576 741 2632 Pius
759 2577 899 2646 rescripsit
917 2582 946 2632 st
964 2579 1111 2649 imperator
1128 2584 1230 2650 noster,
1248 2579 1402 2649 etquidem
1415 2580 1443 2634 in
1454 2583 1584 2635 extraneo
1596 2580 1702 2649 pupillo
1725 2591 1760 2633 ss

262 2667 352 2722 locum
370 2665 428 2722 iore
446 2665 601 2721 necessario
619 2664 777 2720 substituto.
805 2671 833 2720 ot
851 2666 925 2734 quod
943 2667 983 2721 ait
999 2667 1115 2724 liberum
1133 2684 1252 2739 monere,
1270 2669 1325 2724 tale
1343 2672 1394 2739 est,
1413 2667 1493 2738 quasi
1509 2683 1564 2723 non
1581 2673 1610 2722 et
1621 2667 1703 2722 heres

262 2759 381 2825 maneat,
399 2769 461 2810 curn
479 2755 599 2826 pupillus
617 2753 746 2824 impetrat
764 2755 962 2810 restitutionem
980 2762 1160 2827 posteaquam
1178 2757 1321 2813 abstentus
1339 2762 1395 2812 est:
1414 2773 1476 2811 cnm
1495 2757 1567 2812 enim
1581 2757 1703 2826 pupillus

214 2852 243 2898 11
263 2843 342 2900 heres
360 2860 414 2901 non
432 2842 489 2913 fiat,
508 2843 558 2898 sed
576 2842 656 2897 utiles
674 2842 797 2898 cotiones
815 2843 925 2914 babeat,
944 2845 1003 2901 sine
1016 2845 1099 2901 dubio
1111 2847 1190 2902 bores
1201 2845 1331 2916 manebit,
1350 2847 1397 2915 qui
1408 2845 1493 2901 semel
1505 2845 1603 2901 extitit.
1630 2845 1704 2900 item

214 2940 244 2985 lo
263 2933 287 2988 si
304 2946 359 2988 non
376 2933 539 3004 prouocauit
554 2932 627 2987 intra
644 2930 726 3002 diem,
745 2931 907 2988 subuenitur
924 2937 956 2988 nt
972 2941 1118 3004 prouocet:
1136 2934 1210 3005 finge
1228 2935 1302 2990 enim
1320 2934 1372 2990 hoc
1389 2933 1553 2989 desiderare.
1583 2933 1655 2988 Item
1674 2939 1705 2988 et

262 3021 292 3076 in
314 3021 485 3078 eromodioiis
506 3021 531 3076 si
553 3019 722 3076 subuenitur.
759 3027 868 3077 constat
885 3026 977 3078 sutem
996 3024 1084 3078 omnis
1102 3024 1201 3078 aetatis
1219 3022 1374 3079 hominibus
1390 3028 1525 3078 restauro
1544 3016 1705 3107 Q
1728 3034 1764 3076 so

262 3110 364 3166 tionem
383 3108 541 3166 eromodioii
557 3109 701 3180 praestari,
719 3110 743 3165 si
761 3125 792 3166 se
810 3110 927 3166 doceant
945 3126 980 3166 cx
997 3111 1071 3167 iusta
1089 3127 1173 3167 causa
1191 3111 1302 3167 afuisse.

225 3194 245 3254 8
315 3200 576 3256 Hunnoonurauus
598 3197 667 3255 libro
687 3199 775 3268 primo
793 3200 860 3255 iuris
878 3200 1067 3269 epitomarum.
1103 3201 1192 3256 Minor
1209 3201 1291 3255 etiam
1310 3201 1334 3256 si
1351 3199 1430 3270 qussi
1448 3203 1542 3256 eontu-
1561 3196 1705 3285 Q
1729 3207 1779 3262 *P

262 3303 327 3344 mox
345 3288 543 3346 condemnatus
561 3289 605 3360 sit,
623 3289 651 3344 in
670 3289 806 3358 integrum
823 3289 1004 3344 restitutionis
1022 3290 1152 3344 auxilium
1168 3288 1332 3358 implorabit

227 3373 246 3432 9
316 3377 468 3434 Uurrnrrus
490 3377 560 3433 libro
583 3377 728 3434 undecimo
747 3377 783 3432 ed
801 3377 929 3432 edictum.
966 3377 996 3432 si
1014 3394 1049 3433 ex
1067 3394 1152 3433 cansa
1169 3378 1282 3433 iudicati
1298 3378 1414 3448 pignora
1431 3379 1543 3433 minoris
1562 3371 1707 3462 Q
1747 3384 1779 3438 Ε

263 3469 346 3536 capta
368 3467 424 3522 sint
445 3472 474 3522 et
496 3467 641 3537 distracta,
666 3482 730 3522 mox
751 3467 894 3522 costitutus
918 3467 954 3520 sit
972 3465 1106 3522 moerens
1124 3468 1286 3523 sententium
1303 3465 1437 3538 praesidis
1455 3468 1501 3522 uel
1516 3467 1706 3536 procuratoris
1730 3479 1766 3520 es

264 3553 402 3624 Caesone,
425 3555 587 3626 uidendum,
612 3572 647 3610 an
671 3571 706 3611 es
727 3556 850 3610 reuocari
871 3554 1003 3624 debeant,
1027 3569 1097 3625 quae
1116 3555 1248 3611 distracta
1265 3560 1342 3610 sunt:
1367 3571 1430 3610 nam
1448 3556 1515 3611 illud
1534 3560 1639 3612 eorunm
1659 3560 1708 3610 est

263 3642 407 3710 pecuniam
431 3657 466 3698 ex
488 3659 574 3700 cansa
595 3645 708 3700 indicati
732 3645 849 3700 solutam
872 3644 898 3700 ei
919 3643 1124 3699 restituendam.
1162 3643 1211 3700 sed
1233 3645 1348 3699 interest
1369 3644 1456 3714 ipsius
1474 3659 1589 3714 corpora
1607 3644 1707 3713 potius

232 3733 245 3779 1
264 3727 379 3784 hebere:
402 3734 432 3784 et
453 3736 521 3800 puto
543 3733 680 3788 interdurn
699 3731 924 3802 permittendum,
947 3732 977 3786 id
994 3736 1038 3787 est
1055 3733 1079 3787 si
1096 3732 1201 3800 grande
1219 3732 1348 3787 damnum
1366 3733 1403 3788 sit
1421 3733 1541 3790 minoris.
1577 3733 1611 3787 In
1628 3732 1709 3786 dotis

264 3829 374 3885 quoque
394 3817 476 3874 modo
494 3821 599 3876 mulieri
617 3820 791 3892 subuenitur,
814 3821 838 3876 si
856 3821 928 3876 ultra
944 3820 1018 3876 uires
1035 3821 1191 3891 patrimonii
1206 3822 1252 3876 uel
1270 3825 1358 3877 totum
1375 3821 1709 3892 patrimonium-circum·

232 3909 248 3956 a
265 3905 368 3974 scripte
384 3905 412 3960 in
430 3905 522 3962 dotem
541 3909 626 3966 dedit
661 3910 740 3968 Nono
757 3908 907 3966 uidendum
924 3908 1075 3965 minorihus
1093 3915 1184 3966 utmm
1202 3909 1230 3966 in
1247 3909 1434 3966 contractibus
1451 3909 1540 3980 captis
1558 3907 1712 3964 dumtaxat
1735 3921 1772 3963 se

264 3990 445 4065 FiPlVfflll

267 4113 275 4148 ¹
295 4111 456 4172 deteriorem
474 4133 532 4173 rem
551 4121 713 4190 termeno?

267 4219 596 4280 loonueniatanVLU
637 4229 697 4283 2se
710 4227 875 4283 mnP⁰VL⁰
890 4229 894 4294 Ι
910 4231 957 4282 *et*
1010 4245 1058 4282 cm.
1070 4226 1111 4280 P·
1166 4228 1198 4282 l‘l
1218 4225 1427 4281 succurrendum
1448 4225 1482 4278 F¹
1501 4225 1618 4293 (omli)
1634 4227 1639 4294 Ι
1656 4233 1713 4282 ant

265 4287 310 4344 blo
327 4291 365 4344 Γ*
380 4292 385 4360 Ι
401 4295 507 4365 captus]
525 4296 636 4363 PVLll,
654 4304 785 4370 acceptus
802 4299 842 4364 Fi
856 4299 904 4353 uel
922 4297 955 4352 al.
1009 4297 1105 4354 sordes
1123 4299 1225 4372 ΜΡ·
1269 4298 1303 4352 18
1321 4297 1473 4352 hereditate
1486 4297 1525 4350 Ρ·1
1572 4298 1605 4352 19
1618 4297 1713 4352 sdeut

265 4373 339 4416 suco.
358 4379 407 4416 om.
420 4363 459 4418 P·
506 4367 576 4421 3ex
595 4387 642 4422 one
655 4370 696 4423 P·
741 4369 957 4424 cannosumili
1009 4369 1046 4422 F¹
1059 4371 1116 4434 (em.
1125 4369 1173 4434 ps)
1190 4371 1195 4436 Ι
1210 4374 1259 4423 ult*
1268 4383 1299 4423 se
1311 4367 1356 4432 Fi,
1368 4383 1440 4424 uso
1456 4367 1489 4422 U·
1504 4370 1509 4433 1
1525 4365 1672 4423 et¹si'boc
1685 4371 1720 4422 F

265 4430 311 4496 Fi,
329 4432 408 4488 unuin
426 4434 526 4490 similet
540 4437 580 4490 Ρσ
601 4439 605 4504 Ι
626 4438 834 4496 libertate‘m'F
863 4439 956 4495 bsub-
1010 4441 1236 4504 (namnidans,
1245 4442 1282 4510 s)
1326 4439 1557 4494 idnecessarium
1571 4439 1610 4492 P¹¹
1625 4440 1631 4507 Ι
1647 4455 1712 4494 ιιοιι

265 4501 370 4556 ueniti⁴
388 4503 427 4556 F⁸
484 4507 728 4575 drepsracionem
751 4511 791 4564 P⁶
850 4511 956 4566 deuo·
1009 4509 1144 4564 *etheree
1152 4511 1190 4562 F’
1226 4511 1260 4564 2⁷
1273 4510 1403 4579 impetrat
1411 4510 1571 4576 stmulo)
1607 4509 1712 4564 bilba-

266 4577 389 4628 ourrator
405 4575 441 4628 l*
458 4576 462 4642 Ι
482 4595 500 4630 a
516 4580 679 4647 pomponius
696 4585 713 4636 l.
731 4582 869 4647 tnaPVl
890 4595 956 4650 quo·
1010 4578 1058 4635 bet
1076 4581 1102 4634 Ρ
1152 4581 1187 4634 29
1211 4581 1251 4650 ιιι]
1274 4581 1300 4634 ei
1322 4584 1353 4634 nt
1374 4581 1481 4634 PVLU
1497 4581 1501 4647 1
1520 4579 1594 4634 idem
1618 4583 1648 4634 et
1667 4582 1713 4634 F¹

266 4657 320 4712 que
345 4662 394 4734 ⁰.⁰⁸'
419 4643 472 4698 PU
538 4649 555 4702 9
585 4650 779 4721 repudiaberit]
804 4672 883 4723 super
908 4667 957 4720 rep
1010 4651 1045 4706 30
1063 4651 1098 4721 ei]
1117 4651 1157 4706 eis
1175 4651 1201 4704 Ρ
1214 4652 1294 4735 [etas
1306 4652 1394 4719 P⁶Vl
1409 4651 1655 4736 resttnurntionem
1668 4650 1714 4703 F*

264 4713 427 4868 tilithi
445 4715 497 4841 h
513 4717 774 4848 {thiedildi
788 4722 956 4863 astillat!
1009 4721 1714 4862 iufausthiluuuuouuu:

265 4868 378 4911 neure...
394 4855 433 4909 P⁶
475 4857 509 4911 12
527 4858 677 4914 οιιίιιιιιῖι
693 4863 698 4929 Ι
713 4863 779 4931 quin
791 4865 831 4918 P⁶
877 4865 910 4918 13
927 4865 957 4918 in
1009 4863 1056 4932 ris]
1075 4865 1161 4928 iusP,
1180 4881 1229 4916 om.
1243 4863 1320 4917 VLU
1353 4863 1389 4918 35
1406 4864 1481 4931 mox]
1494 4862 1574 4918 etP·
1609 4863 1714 4932 dean]

264 4925 418 4996 *integrum
437 4924 473 4980 ll*
489 4929 494 4995 Ι
509 4929 708 4986 resstitnondus
725 4934 753 4988 F
794 4935 830 4989 14
846 4949 957 4990 seruare
1009 4933 1105 4988 estP”
1140 4934 1174 4988 37
1187 4933 1385 4988 restituendum
1397 4934 1501 5001 F¹(em.
1510 4932 1557 5000 Fi)
1596 4933 1631 4987 39
1645 4947 1715 4988 mu-

265 4995 331 5050 pq,
351 4997 356 5066 1
375 4996 489 5054 deberet
505 4999 581 5064 ΡΨ,
599 4999 730 5057 deberent
751 5005 777 5058 U
828 5006 861 5060 15
879 5019 957 5060 ucce-
1008 5002 1100 5059 lieri'o'
1119 5004 1159 5072 ΓΙ
1175 5004 1407 5073 circumscriptam
1425 5004 1467 5059 P·

266 5063 308 5120 dit
324 5067 372 5133 1³⁶,
394 5067 510 5125 socedat
530 5069 555 5125 L
576 5071 581 5138 Ι
604 5069 684 5128 's'neo
705 5073 730 5128 si
753 5075 779 5128 F
828 5075 861 5130 16
885 5089 957 5144 quse
