3848 5536
837 240 1012 310 Lnxvull

200 433 298 474 sorum
317 419 365 488 qui
381 419 410 474 iu
428 418 486 473 iurs
504 419 617 488 antiquo
635 417 828 488 inuestigando
845 433 956 489 operam
975 418 1117 473 collocant.
1145 432 1310 488 qumquam
1323 416 1369 472 ubi
1382 421 1476 488 aptum
1488 418 1637 491 uideretur,

200 525 324 580 maxime
346 523 394 580 ubi
417 528 529 595 propter
553 539 613 580 carn
632 524 720 594 ipsam
738 524 975 594 interpolationem
993 522 1078 580 uerbo
1096 539 1167 594 quae
1185 539 1257 580 nunc
1274 524 1390 594 legimns
1414 525 1459 580 uel
1481 524 1557 580 biars
1580 540 1637 581 cer·

200 646 298 687 nerem
321 629 365 686 nel
389 631 443 688 alia
464 629 570 686 ratione
594 631 772 688 offensionem
789 630 904 701 babere,
927 631 993 687 talia
1009 645 1119 701 qnoque
1137 629 1275 688 ιᾶιιοιιιιιί.
1308 645 1413 687 errores
1431 631 1637 700 compilatorum

199 738 374 810 mundasque
391 737 559 808 antiquiores
577 736 625 794 ubi
643 737 846 809 deprehendero
864 737 930 794 mihi
946 737 1070 808 uidebar,
1087 751 1135 794 eos
1153 737 1281 809 indicaui,
1300 737 1349 794 sed
1367 738 1414 807 ita,
1432 743 1464 794 nt
1482 737 1533 794 has
1552 739 1638 808 ipsius

197 845 349 901 Iustiniani
366 843 508 916 nrcbetypi
527 845 706 915 corruptelae,
725 845 830 900 scilicet
847 849 971 916 repertae
989 849 1045 902 tam
1063 844 1091 900 in
1106 844 1262 901 Florentino
1279 843 1348 901 libro
1366 859 1448 915 quam
1468 844 1541 916 apud
1554 844 1638 900 Grac·
1699 906 1704 918 ¹

197 966 266 1022 cos,
290 967 309 1007 a
331 950 442 1021 reliquis
464 951 578 1022 originis
600 949 718 1008 tortasse
741 951 900 1022 posterioris
922 950 1155 1022 distinguerentur
1175 957 1203 1008 st
1220 949 1267 1006 ubi
1284 949 1343 1007 fieri
1361 955 1470 1021 poterat
1487 966 1577 1022 nsque
1595 967 1639 1008 ras

196 1059 264 1129 ipsa
282 1056 453 1129 loquebatur,
470 1059 587 1114 lectores
606 1064 780 1115 monerentur
798 1057 981 1115 coniecturam
1000 1059 1135 1130 prolatam
1154 1057 1189 1114 ad
1206 1058 1250 1114 ius
1267 1057 1446 1114 Iustinianurn
1465 1059 1639 1130 porriginem

196 1163 316 1222 debers.
342 1165 404 1222 caui
421 1171 529 1236 antem,
547 1181 582 1222 nc
600 1165 636 1221 ad
654 1165 766 1222 modum
785 1165 934 1222 Helcandri
952 1171 1094 1222 auctorum
1118 1164 1203 1221 uerba
1222 1164 1257 1221 ad
1275 1165 1426 1222 ordinarias
1443 1165 1638 1253 gemmeticos

195 1272 281 1342 leges
304 1272 345 1328 ita
367 1273 519 1344 exigerem,
544 1277 575 1328 ut
599 1273 723 1343 magistri
746 1273 884 1344 castigant
903 1287 1050 1343 puerorum
1069 1271 1230 1342 scriptiones
1249 1271 1438 1328 scholasticas:
1461 1288 1524 1328 nam
1543 1287 1637 1328 eorum

196 1393 276 1450 quae
299 1378 443 1435 offendunt
463 1379 537 1450 apud
561 1379 709 1450 prudentes
733 1395 795 1436 eum
819 1377 919 1436 bonam
942 1384 1049 1450 partem
1073 1384 1102 1434 et
1125 1379 1184 1449 ipse
1207 1393 1367 1448 persuasum
1392 1377 1507 1434 babeam
1529 1394 1584 1435 non
1602 1365 1638 1436 ab

196 1483 363 1542 auctoribus
380 1483 531 1558 proticisci,
550 1485 600 1544 sed
618 1503 636 1544 a
653 1485 822 1543 librariorum
841 1487 1016 1557 neglegentia
1033 1491 1062 1542 et
1079 1486 1285 1556 compilatorum
1303 1485 1433 1556 incurial,
1456 1491 1549 1542 temen
1568 1486 1638 1542 inter

196 1591 340 1650 eiusmodi
359 1607 465 1650 errores
489 1598 518 1649 et
538 1593 680 1650 cottidiani
699 1594 832 1650 sermonis
849 1594 987 1650 licentiam
1005 1591 1075 1650 fines
1093 1593 1117 1648 si
1135 1592 1245 1663 quidem
1263 1593 1322 1662 regi
1339 1597 1469 1664 possunt,
1491 1597 1565 1648 certo
1583 1607 1637 1649 non

196 1699 224 1754 ia
242 1715 322 1770 sum,
339 1701 388 1770 qui
405 1715 454 1758 eos
472 1715 576 1771 regam.
603 1715 688 1770 quare
706 1700 786 1769 talia,
804 1714 876 1770 quae
894 1705 989 1756 contra
1006 1699 1213 1770 grammaticam
1232 1698 1342 1768 quidem
1360 1703 1490 1770 peccant,
1508 1698 1558 1754 scd
1576 1713 1637 1754 sen·

197 1807 318 1864 ιειιιὶιιιι
337 1821 392 1864 non
409 1805 604 1878 pessumdant,
626 1807 732 1864 minora
749 1807 909 1878 praesertim
928 1807 1030 1878 passim
1049 1806 1089 1862 ita
1105 1806 1218 1876 retinui,
1239 1809 1271 1861 ut
1288 1821 1323 1862 no
1340 1805 1368 1862 in
1386 1805 1562 1863 adnotatione
1579 1805 1638 1876 qni-

197 1913 266 1970 dem
291 1913 327 1969 dc
350 1914 482 1970 orationis
506 1913 575 1970 nitio
598 1929 745 1970 monerem.
776 1913 982 1970 emendationes
1004 1929 1074 1984 quas
1097 1913 1151 2000 alii
1165 1913 1372 1984 proposuissent
1394 1927 1448 1970 non
1471 1911 1637 1982 inuestigaui

198 2020 269 2076 data
286 2035 385 2092 opera:
403 2019 433 2077 id
451 2019 523 2076 euim
541 2017 678 2077 infinitum
696 2024 756 2076 erat
773 2035 863 2091 neque
881 2018 1076 2092 perficiendum
1092 2019 1127 2076 ab
1139 2019 1249 2076 homine
1261 2019 1354 2076 multis
1365 2019 1484 2090 negotiis
1495 2025 1639 2091 praeterea

198 2127 337 2184 districto.
369 2127 488 2199 denique
510 2127 645 2184 eiusmodi
666 2127 842 2198 inuestigatio
859 2126 934 2182 hand
951 2127 1009 2184 scio
1027 2143 1062 2182 an
1081 2127 1211 2184 maiorem
1229 2125 1418 2183 difficultatem
1436 2124 1538 2182 hebeat
1555 2141 1637 2196 quam

198 2235 360 2290 utilitatem.
392 2249 456 2290 narn
478 2234 571 2291 nescio
589 2233 726 2304 quomodo
744 2233 912 2304 digestorum
931 2233 1087 2291 emendatio
1106 2235 1168 2306 plus
1186 2250 1268 2305 quarn
1287 2233 1383 2291 eredas
1401 2234 1486 2290 iacuit
1503 2238 1567 2304 post
1585 2233 1637 2290 Gn·

198 2342 304 2398 iscium
321 2342 350 2397 in
368 2340 421 2398 hac
438 2340 549 2412 quidem
567 2354 597 2396 re
615 2357 670 2397 uon
688 2346 744 2398 tarn
763 2342 911 2398 marimum
930 2357 1012 2412 qnam
1030 2357 1115 2398 unum
1132 2341 1263 2398 scientiae
1281 2347 1390 2398 nostrae
1407 2341 1508 2412 lumen,
1527 2339 1639 2396 etiaoet

198 2450 369 2506 efismuunc.
396 2447 528 2520 philologi
545 2448 618 2504 enim
636 2448 655 2503 ii
673 2463 782 2520 quoqne
800 2449 847 2520 qui
864 2447 963 2504 aGaio
976 2453 1004 2504 et
1016 2447 1132 2520 Ulpiano
1149 2463 1204 2504 nco
1222 2447 1369 2505 abhorrent
1387 2465 1403 2504 a
1421 2447 1536 2519 digestis
1554 2447 1637 2504 abab·

199 2561 284 2613 nent:
302 2555 370 2612 iuris
388 2561 480 2611 auteur
498 2559 626 2612 auctores
644 2555 740 2626 optimi
759 2556 868 2626 quique,
887 2570 957 2626 quos
975 2559 1086 2626 propter
1097 2555 1259 2626 prudentiae
1271 2570 1388 2612 acumen
1399 2555 1572 2626 suspicimus,
1591 2553 1638 2611 ubi

199 2660 290 2719 uerba
306 2667 449 2718 auctorum
467 2666 586 2718 tnctare
604 2662 745 2734 incipiunt,
764 2663 862 2719 mirum
879 2663 908 2718 in
927 2661 1038 2718 modum
1057 2667 1085 2718 et
1103 2663 1170 2718 artis
1187 2662 1367 2734 philologicae
1385 2667 1512 2733 expertes
1529 2676 1559 2718 se
1577 2675 1638 2732 pro·

199 2768 272 2826 bare
289 2770 378 2826 soient
395 2773 426 2826 et
442 2783 526 2840 saepe
544 2769 615 2826 adeo
633 2783 668 2826 ne
686 2769 816 2826 mediocri
834 2770 944 2840 quidem
963 2769 1073 2841 linguae
1091 2769 1206 2826 Latium
1224 2770 1322 2827 notitia
1338 2769 1468 2840 imbutos,
1486 2774 1517 2825 ut
1528 2783 1638 2840 peruer-

200 2875 314 2932 sissima
330 2889 457 2947 quaeque
475 2880 504 2932 et
521 2875 619 2948 quouis
636 2879 749 2934 anctme
767 2892 822 2934 non
840 2877 939 2933 inscito
957 2877 1002 2932 uel
1019 2874 1122 2933 infante
1139 2877 1220 2948 plane
1234 2877 1348 2947 indigna
1360 2876 1452 2933 nescio
1464 2875 1563 2947 quibus
1575 2891 1638 2932 ecn-

200 2984 255 3040 leis
271 2984 469 3054 tormentisque
492 2982 622 3040 adhibitis
639 2982 803 3054 defendant,
827 2983 944 3056 deniqne
962 2984 986 3040 si
1004 2983 1114 3054 qnando
1131 2983 1168 3040 ud
1185 2983 1404 3040 emendetioneru
1422 2981 1476 3053 ipsi
1494 2981 1637 3053 accedunt,

200 3095 327 3148 monstm
348 3088 407 3148 sere
428 3091 582 3162 parturiant
600 3096 628 3147 et
646 3091 772 3163 prodigia
789 3089 915 3148 mirifica:
940 3107 1105 3162 quamquam
1124 3091 1211 3146 rarius
1229 3089 1281 3147 boo
1299 3087 1404 3146 iaciunt
1421 3093 1450 3146 et
1467 3087 1637 3160 frequentius

199 3202 320 3269 peccam
346 3198 465 3254 usmetis
486 3197 598 3268 ineptiis
621 3197 799 3256 defendendis
822 3213 904 3270 quarn
927 3197 1097 3269 proferendis
1119 3195 1243 3254 nouiciis.
1279 3201 1392 3268 propter
1414 3195 1464 3253 has
1486 3211 1585 3254 causas
1608 3196 1638 3252 io

201 3301 442 3361 emendaticmbns
459 3305 581 3376 priorum
599 3304 797 3376 cognoscendis
816 3320 870 3361 non
889 3306 1003 3362 multum
1021 3305 1153 3377 temporis
1171 3305 1317 3375 collocaui,
1338 3302 1388 3360 sed
1406 3303 1561 3360 examinsui
1578 3307 1637 3359 tan·

201 3415 264 3467 tum
286 3411 433 3468 adnotatas
457 3411 486 3468 in
509 3412 629 3470 editione
652 3411 843 3469 Gebausriana
864 3411 1120 3482 commentariisqus
1143 3410 1305 3482 Sobultingii
1327 3415 1356 3467 et
1378 3409 1587 3481 Smalleobnrgii
1609 3414 1639 3466 et

201 3518 227 3576 si
252 3533 321 3588 quae
343 3521 488 3589 practerea
513 3519 558 3576 uei
584 3519 644 3589 ipse
670 3519 745 3575 aliud
768 3535 854 3589 agens
877 3517 1024 3576 obseruari
1046 3520 1092 3576 uel
1115 3535 1133 3574 a
1156 3534 1201 3576 me
1224 3517 1314 3589 rogati
1337 3518 1438 3575 Paulus
1460 3517 1586 3587 Krueger
1610 3519 1639 3571 et

202 3624 377 3680 Burmannus
393 3624 499 3696 litting
516 3640 623 3682 mecum
641 3626 919 3683 communicauerunt.
946 3626 1062 3697 siugulis
1079 3640 1179 3683 nomon
1197 3626 1317 3683 auctoris
1335 3623 1459 3696 apposni,
1477 3627 1508 3680 ιιι
1520 3621 1567 3680 ubi
1579 3623 1637 3678 nnl-

202 3732 260 3786 lnm
278 3730 448 3802 sdscriptnm
465 3732 610 3802 inuenitur,
629 3731 786 3790 coniectura
803 3749 866 3790 mea
883 3734 928 3790 sit
956 3733 1111 3790 emendatio
1130 3737 1213 3790 antea
1229 3733 1370 3805 proposita
1382 3729 1429 3788 ubi
1441 3731 1481 3788 ita
1498 3730 1564 3786 mihi
1575 3745 1637 3802 pro·

202 3836 331 3908 babetur,
349 3843 381 3894 nt
398 3838 490 3910 aliqua
507 3839 696 3896 immutatione
714 3853 796 3910 egero
813 3839 961 3910 uideretur,
979 3839 1009 3895 id
1025 3838 1099 3910 quod
1111 3853 1194 3912 saepe
1206 3855 1259 3896 usu
1276 3839 1353 3896 uenit
1370 3838 1488 3894 maxime
1504 3837 1533 3894 in
1546 3851 1637 3893 emen·

203 3943 363 4002 dationibus
380 3945 543 4016 excogitatis
561 3961 579 4002 a
595 3945 775 4017 prudentibus
793 3947 828 4004 de
846 3948 912 4004 iuris
930 3946 1083 4004 rationibus
1105 3946 1193 4017 magis
1216 3961 1298 4016 qnam
1323 3945 1359 4002 de
1383 3945 1481 4001 erroris
1503 3942 1637 4014 probabili

205 4051 310 4123 origine
327 4051 459 4123 sollicitis,
478 4053 518 4108 ita
533 4052 562 4108 id
580 4051 734 4124 significaui
752 4055 840 4111 uirum
859 4055 969 4112 doctum
987 4055 1063 4110 illum
1081 4052 1379 4124 similiaproposuisss:
1398 4067 1462 4108 narn
1474 4065 1563 4122 neque
1576 4065 1639 4107 mea

205 4157 297 4216 lucere
313 4159 390 4216 uolui
407 4173 473 4216 nore
491 4158 580 4216 aliena
601 4175 690 4231 noque
712 4161 772 4217 eliis
796 4161 942 4218 obtrudere
967 4177 1029 4218 mea
1051 4175 1140 4231 neque
1163 4175 1290 4216 enarrare
1312 4157 1447 4216 eiusmodi
1469 4157 1637 4214 differentias

206 4267 325 4322 minutas
336 4264 395 4322 iere
406 4271 435 4322 et
445 4265 620 4323 leuiusculas.
632 4267 803 4324 coniecturas
814 4268 1033 4339 intenogationis
1051 4269 1131 4338 signo
1142 4267 1245 4323 notaui.
1272 4265 1372 4337 quibus
1383 4263 1534 4322 rationibus
1546 4269 1637 4321 motus

207 4371 292 4429 uerba
309 4387 344 4430 ea
360 4372 397 4430 de
414 4371 515 4442 quibus
533 4372 624 4442 agitur
635 4378 765 4445 corrupta
776 4389 838 4430 esse
849 4374 964 4431 dherim
977 4380 1006 4431 et
1017 4375 1056 4431 ito
1067 4379 1099 4430 ut
1110 4373 1240 4446 proposui
1253 4371 1432 4442 emendaris,
1451 4386 1536 4444 saepe
1553 4371 1636 4442 signi·

206 4477 296 4545 icani,
313 4494 376 4537 raro
394 4480 534 4538 cusnani:
557 4496 620 4536 uam
638 4481 775 4552 plerisque
797 4480 864 4538 locis
882 4497 934 4538 neo
952 4483 1106 4554 corruptela
1123 4480 1355 4538 demonstratione
1373 4483 1437 4550 eget
1455 4493 1507 4536 nee
1524 4479 1591 4549 qnid
1608 4479 1637 4534 in

208 4586 378 4644 emendando
395 4591 508 4644 secutus
526 4586 587 4657 siro,
605 4588 633 4643 in
652 4588 809 4644 uniuersum
827 4592 920 4644 autern
937 4588 1136 4659 prouidendum
1155 4593 1227 4658 erat,
1244 4601 1279 4644 ne
1298 4591 1446 4658 apparatus
1464 4586 1551 4642 critici
1568 4584 1638 4642 dnos

209 4693 413 4750 excederentur.
440 4709 495 4750 uon
513 4709 617 4766 pancos
632 4695 709 4752 lccos
727 4710 789 4751 cum
804 4695 845 4751 ita
854 4701 1028 4768 comparatos
1040 4710 1102 4754 esee
1116 4693 1357 4766 deprehenderem,
1374 4699 1407 4750 ut
1418 4693 1637 4750 emendationem

262 4925 271 4961 ¹
289 4925 470 4994 Excerptornm
487 4943 586 4994 quoqne
605 4927 718 4980 condicio
736 4945 813 4995 saepe
831 4929 899 4992 facit,
917 4938 946 4980 ut
957 4945 1021 4995 quae
1033 4926 1171 4990 offendunt,
1189 4945 1239 4980 non
1253 4936 1306 4979 tam
1317 4925 1437 4980 mendose
1450 4926 1577 4993 descripta
1588 4925 1639 4978 sint
1671 4931 1678 4942 '

211 5029 282 5080 quarn
300 5015 365 5068 mala
382 5016 409 5068 in
427 5016 601 5084 compendium
619 5017 735 5070 redacta:
753 5026 782 5068 ut
799 5018 908 5070 cernitur
925 5017 1079 5082 11‚144,22
1097 5027 1124 5070 et
1142 5018 1209 5070 elibi.
