3734 5578
188 283 484 333 axcusarromsus
862 257 947 339 791
1331 266 1450 338 XXVII
1472 273 1488 336 1
1511 276 1627 334 31-34

189 422 298 493 pupillis
316 423 432 479 diuersis
450 423 568 480 ᾱοοιοοὶι
585 423 668 479 datura
685 427 730 480 sat
747 423 795 493 qui
811 421 918 493 potuit¹
938 424 1077 492 exeuaari,
1102 429 1131 480 et
1147 425 1307 495 priusquam
1324 440 1424 482 sauses
1442 399 1626 484 exeusationia

189 512 329 581 allegaret,
346 528 417 568 unua
435 527 470 568 er
488 513 605 584 pupillis,
624 527 739 582 quorum
757 513 811 568 ianr
830 511 944 568 tutelam
963 510 1181 583 administrabat,
1199 512 1326 584 dsooeait,
1344 513 1392 570 ubi
1409 515 1492 572 desiit
1509 516 1535 572 oi
1552 531 1625 573 oona·

188 605 282 671 petere
305 602 460 671 excusatio,
485 602 579 656 atatim
601 601 692 656 tenuit
714 616 777 656 sum
798 601 873 670 prius
891 599 1045 670 deorotnm,
1070 601 1150 671 quasi
1166 601 1195 656 in
1212 602 1273 658 loeo
1291 603 1388 658 tertiae
1407 603 1509 660 tutelae
1527 609 1626 674 quarta

189 688 377 759 subroganda:
395 707 458 745 nam
476 690 537 760 ipso
554 691 612 746 iure
630 694 704 746 tutor
721 695 765 744 est
782 691 828 745 et¹
846 693 994 759 antequam
1012 695 1166 745 sxsusstur.
1193 690 1284 761 potuit
1301 705 1368 760 ergo
1385 692 1473 748 tutela
1490 693 1558 763 sius,
1577 694 1625 764 qui

189 793 261 833 nuno
283 785 380 848 quarto
403 778 464 834 loos
482 779 632 848 inuenitur,
657 779 794 834 excusari:
819 777 869 834 aed
886 793 950 834 oum
967 777 1076 834 nonsit
1094 783 1255 849 assusatus,
1278 781 1434 837 ιιοοοιιιιὶο
1451 779 1624 837 subeundum
1642 791 1656 834 a

189 873 233 922 sst
253 881 323 922 onus
345 867 417 923 illius
438 883 548 938 qnoque
568 869 679 924 tutelas.
712 881 763 923 nee
780 881 825 922 ms
843 871 950 935 mouet,
974 866 1049 937 quod
1066 866 1142 923 dieat
1158 867 1257 937 aliquis
1274 867 1327 926 hoa
1345 885 1380 925 us
1398 869 1485 939 exigi,
1504 870 1558 924 an⁸
1576 869 1623 924 ad-

188 956 357 1010 ministretur
373 957 473 1010 tutela:
496 956 549 1012 hos
566 956 638 1012 enim
657 971 690 1011 eo
708 956 839 1026 pertinet,
860 969 895 1012 ns
913 955 949 1010 sit
966 953 1044 1010 finita
1061 955 1274 1013 administratio:
1293 961 1414 1013 satarum
1432 957 1456 1014 ai
1473 957 1623 1027 perieulum

155 1057 168 1100 1
188 1045 324 1100 sustineat
346 1045 521 1116 sanationis,
545 1049 612 1116 puto
631 1045 656 1101 si
674 1044 862 1114 imputandam
880 1059 941 1098 οιιιι
959 1057 1068 1116 quoque
1086 1045 1210 1101 tutelam.
1246 1045 1322 1101 ldsm
1341 1046 1451 1103 suanias
1468 1050 1576 1117 potest,
1599 1047 1624 1103 ai

188 1132 296 1188 duobus
312 1135 494 1204 testamentis,
512 1149 574 1189 suan
593 1131 707 1189 haberet
723 1138 780 1190 tres
794 1133 904 1202 tutelas,
921 1135 997 1188 tutor
1007 1131 1089 1188 datus
1100 1137 1157 1188 eat:
1176 1131 1223 1188 ubi
1236 1149 1291 1190 non
1302 1140 1457 1205 apertarum
1468 1134 1623 1192 tabularum

187 1225 298 1292 tempus
315 1222 414 1292 inspisi
431 1222 551 1294 debebit,
570 1222 593 1278 ai
610 1227 766 1293 quaeratur,
783 1236 854 1293 quae
873 1220 946 1291 pn‘or
963 1220 1056 1276 delata
1073 1221 1110 1276 sit
1127 1221 1221 1292 tutela,
1240 1221 1290 1278 aod
1303 1224 1395 1280 aditae
1406 1223 1566 1281 hereditatis
1578 1225 1623 1282 uel
1643 1237 1671 1278 ιο

153 1324 169 1369 ι
188 1311 356 1367 oondioionia
373 1312 524 1368 sumunda.
560 1312 611 1368 llla
628 1326 737 1382 quoquo
755 1311 807 1366 erit
824 1310 978 1366 differentia
995 1309 1156 1379 latalaum,
1177 1309 1213 1366 do
1231 1309 1331 1381 quibua
1349 1313 1482 1384 diximus,
1500 1314 1623 1370 nitentia

188 1405 218 1456 et
233 1405 332 1470 quarta
349 1401 387 1456 sit
403 1400 507 1470 delata,
532 1401 596 1456 lissi
613 1401 641 1456 in
659 1401 803 1470 quartam*
820 1401 897 1470 prius
915 1399 1043 1454 detentus
1060 1398 1110 1468 sit,
1131 1399 1205 1468 quod
1223 1397 1316 1471 huius,
1334 1401 1362 1457 id
1380 1407 1424 1458 eat
1440 1406 1569 1473 quartae,
1587 1417 1623 1459 ex

153 1502 168 1546 s
187 1503 241 1559 quo
259 1489 350 1545 iussus
368 1493 412 1544 eat
429 1489 627 1559 administrare,
645 1490 717 1545 ilius
734 1504 770 1546 ex
788 1503 843 1558 quo
861 1488 942 1544 datus
959 1491 1002 1544 est
1019 1486 1170 1557 perieulum
1181 1488 1306 1544 sustinet
1333 1490 1413 1560 Eum,
1431 1491 1478 1561 qui
1489 1491 1622 1563 pupillum

152 1590 169 1636 4
188 1577 265 1634 boum
283 1578 405 1648 paternis
423 1577 600 1649 abstinuerat,
618 1577 795 1634 detinendum
813 1578 843 1632 in
859 1583 957 1648 quarta
974 1576 1062 1632 tutala
1079 1575 1234 1632 assumant
1252 1577 1331 1647 quasi
1348 1577 1475 1649 deposita
1489 1579 1543 1635 ilia
1571 1579 1622 1636 Go-

187 1671 275 1722 terum
294 1668 437 1737 putaram⁸
456 1672 530 1722 reete
546 1665 684 1722 tamur-um
701 1671 871 1738 praetorem,
895 1666 919 1722 si
936 1665 1019 1720 etiam
1038 1679 1119 1721 unam
1138 1665 1252 1722 tutelam
1270 1663 1397 1722 suffiosre
1415 1667 1574 1738 tradiderit,
1597 1669 1622 1726 si
1642 1681 1670 1723 aa

186 1761 243 1810 um
261 1755 362 1810 diffusa
378 1759 408 1812 st
424 1754 581 1826 nslgotioaa
597 1757 642 1826 ait,
661 1759 693 1810 ut
709 1771 759 1826 pro
777 1753 901 1825 pluribus
919 1753 1008 1809 sedat
1035 1767 1124 1822 nsque
1141 1752 1225 1822 igitur
1240 1750 1339 1810 iratres
1351 1763 1492 1812 eousortes
1503 1758 1621 1826 plurium
1639 1765 1656 1814 t.
1667 1765 1719 1814 aas*

186 1844 247 1900 loeo
265 1843 384 1900 habendi
401 1848 474 1913 aunt,
493 1859 582 1915 neque
600 1859 655 1899 non
673 1842 780 1913 iratres,
799 1844 823 1898 si
841 1842 914 1898 idern
932 1841 1124 1912 patrimonium
1143 1840 1245 1897 habent
1257 1843 1366 1899 stratio
1378 1843 1622 1902 administrationis
1715 1839 1717 1842 ’

185 1933 288 2004 pariter
304 1932 445 1988 reddenda
461 1933 506 1988 ait.
534 1937 563 1988 et
580 1947 615 1988 ex
633 1932 743 1988 diuerso
761 1931 859 1988 tanes
877 1931 967 1986 diuiso
984 1929 1147 2000 patrimonio
1164 1929 1236 1986 duae
1253 1931 1355 1988 tutelae
1373 1937 1451 1988 aunt:
1470 1933 1620 2004 nonenim,

185 2027 217 2076 ut
235 2021 299 2090 dixi,
320 2037 451 2076 numerans
468 2021 642 2092 pupillorum,
660 2021 710 2078 aed
727 2019 875 2076 difficultas
892 2020 1029 2076 rationum
1046 2017 1275 2076 soulisiendarum
1294 2025 1324 2075 et
1339 2021 1540 2078 reddendarum
1558 2037 1621 2078 oon·

185 2110 331 2166 sideranda
348 2115 399 2166 est.
1640 2126 1669 2167 ιο

124 2205 166 2264 32
238 2199 315 2254 Iussa
331 2198 401 2254 libro
419 2200 536 2270 septimo
554 2201 754 2270 quaestionum.
784 2198 956 2255 Νοιοιιιιίιιιο
973 2197 1140 2268 Apollinaris
1158 2197 1227 2254 lulio
1239 2197 1332 2256 Paulo.
1358 2199 1447 2256 lister
1464 2195 1621 2284 Q
1638 2208 1666 2263 Ρ

184 2286 270 2344 tilium
288 2303 368 2344 suum
386 2289 519 2358 pupillum
537 2290 583 2345 uel
599 2289 689 2358 quiuis
707 2289 776 2344 alius
795 2294 942 2344 extraneus
954 2291 1115 2342 exusneum
1127 2301 1215 2356 saque
1226 2287 1359 2358 pupilium
1371 2289 1481 2360 aoripait
1492 2289 1621 2346 herodem

184 2381 214 2431 st
231 2377 305 2432 'litio
322 2377 442 2446 legatum
462 2376 539 2433 dedit
556 2391 674 2448 eumque
692 2377 781 2434 eidem
799 2377 902 2448 pupillo
920 2379 1039 2432 tutorem
1057 2375 1219 2446 adsoripait:
1237 2376 1327 2432 Titius
1345 2376 1521 2436 ooudrmatus
1539 2393 1620 2436 saeu-

184 2466 259 2520 aauit
274 2481 305 2520 ae
323 2483 341 2520 a
357 2467 458 2522 tutela:
477 2482 587 2536 quaero,
605 2483 642 2522 au
658 2467 780 2536 legatum
798 2465 914 2520 amitat
942 2469 971 2520 et
988 2463 1062 2534 quid,
1081 2465 1105 2520 ai
1123 2467 1289 2520 testamento
1306 2466 1416 2535 quidem
1431 2471 1506 2524 tutor
1517 2482 1572 2524 non
1584 2467 1621 2524 sit

184 2554 316 2624 scriptus,
339 2556 461 2624 legatum
486 2560 578 2611 nmen
596 2556 733 2626 sooepsrit
750 2555 887 2623 datusque
905 2568 923 2607 a
939 2558 1065 2624 praetore
1083 2557 1352 2624 impressusque,
1374 2570 1411 2612 an
1428 2571 1516 2626 aeque
1533 2557 1619 2627 repel-
1638 2570 1667 2613 ιι

184 2643 281 2698 landus
307 2643 343 2699 ait
360 2661 377 2698 a
395 2643 507 2713 legato?
534 2649 563 2699 st
580 2660 615 2700 an
633 2644 736 2716 aliquid
754 2644 875 2712 intersit,
898 2642 923 2698 si
941 2657 959 2696 a
976 2645 1055 2712 patre
1073 2642 1117 2696 uel
1135 2642 1307 2712 emanoipato
1325 2643 1428 2715 pupillo
1446 2649 1520 2700 tutor
1537 2643 1619 2701 datus

184 2732 221 2787 sit
238 2733 282 2788 uel
299 2730 396 2802 puberi
414 2733 541 2789 curatori
566 2733 708 2804 respondi:
727 2733 775 2803 qui
792 2747 846 2787 non
865 2731 923 2786 iure
941 2729 1023 2786 datus
1041 2733 1116 2786 tuter
1133 2731 1177 2786 usl
1189 2735 1299 2786 eurstor
1309 2747 1327 2785 a
1338 2737 1425 2803 patra,
1443 2731 1619 2790 sondrmstua

184 2837 202 2874 a
223 2826 348 2890 praetore
367 2823 551 2878 saenaationis
568 2820 702 2878 benefida
720 2823 760 2878 uti
777 2820 887 2891 maluit,
908 2817 1080 2889 repellendus
1098 2823 1142 2874 sat
1158 2835 1176 2873 a
1192 2820 1299 2890 legato:
1322 2819 1404 2890 idque
1422 2825 1451 2877 et
1468 2820 1619 2878 Suaeuolas

184 2915 277 2965 nostro
295 2911 411 2980 plasuit:
430 2927 493 2967 nam
512 2915 629 2982 praetor,
648 2911 694 2981 qui
713 2925 775 2966 oum
793 2907 937 2964 eoufirmat
954 2912 1082 2978 tutorem,
1100 2905 1222 2963 deiuneti
1240 2909 1363 2978 sequitur
1377 2909 1517 2966 ludisium.
1545 2909 1617 2966 idem

183 2999 212 3054 in
230 2999 325 3054 matris
342 3004 508 3056 testamento
527 2999 673 3056 ditandum
691 3005 742 3056 sat
772 2998 868 3054 similis
886 3001 930 3052 est
947 2997 1028 3052 matri
1045 2996 1136 3066 quiuis
1153 3001 1308 3069 namneus,
1327 2999 1374 3069 qui
1391 2998 1524 3070 pupillum
1542 2997 1618 3055 here·
1637 3017 1666 3058 ιο

182 3087 246 3144 dem
265 3089 385 3145 instituit
402 3090 481 3159 eique
500 3095 529 3144 et
545 3090 574 3146 in
592 3091 683 3144 tutore
701 3086 793 3143 dando
811 3087 966 3157 prospioers
986 3085 1084 3153 uoluit,
1102 3087 1198 3156 quales
1216 3091 1281 3142 sunt
1298 3088 1401 3144 alumni
1419 3087 1513 3143 nostri.
1543 3091 1618 3144 resta

182 3191 249 3246 ergo
267 3177 371 3247 placuit
387 3193 459 3248 eum,
477 3179 525 3248 qui
539 3181 648 3232 moueat
659 3176 688 3232 id
700 3175 775 3245 quod
786 3179 901 3232 testator
913 3174 1040 3245 relinquit
1057 3173 1093 3230 ab
1111 3189 1145 3231 eo
1162 3175 1237 3245 quod
1254 3177 1324 3246 petit
1341 3177 1416 3247 quod
1432 3176 1505 3232 idem
1523 3175 1617 3233 dediti

182 3266 276 3335 repelli
294 3265 403 3322 debere.
434 3283 489 3323 non
507 3281 615 3336 semper
632 3270 725 3320 tamen
742 3265 870 3321 existimo
888 3279 964 3334 enm,
989 3264 1036 3334 qui
1053 3279 1123 3319 onus
1140 3264 1243 3320 tutslas
1261 3266 1412 3336 reeuaauit‚
1430 3267 1617 3336 repellendum

182 3370 200 3410 a
216 3355 317 3424 legato,
336 3354 386 3410 sed
403 3355 444 3410 ita
460 3355 580 3425 dsmum,
598 3354 622 3408 si
641 3355 763 3423 legatum
781 3354 806 3408 ei
821 3354 884 3410 ideo
896 3352 1064 3423 adseriptum
1077 3359 1218 3424 appareat,
1236 3353 1310 3422 quod
1322 3354 1411 3410 eidem
1423 3356 1537 3412 tutelam
1549 3354 1616 3414 filio·

181 3459 242 3498 rum
266 3443 396 3514 iniunxit,
421 3459 475 3500 non
499 3443 573 3514 quod
598 3443 717 3512 alioquin
735 3441 849 3498 daturus
867 3446 942 3498 esset
960 3442 1042 3498 etiam
1061 3440 1120 3496 sine
1137 3442 1232 3498 tutela
1268 3441 1297 3498 id
1315 3459 1448 3514 apparere
1465 3444 1567 3515 potuit,
1580 3445 1616 3508 ,al
1634 3464 1663 3505 aa

180 3533 306 3602 posueris
323 3537 489 3588 usumento
506 3532 627 3602 legatum
646 3531 822 3600 ιᾱιοιὶριιιοι,
841 3530 972 3588 oodisillis
990 3545 1056 3587 uero
1068 3533 1166 3602 postea
1176 3529 1256 3586 ueta
1267 3535 1385 3588 tutorem
1398 3532 1507 3588 datum:
1524 3534 1553 3590 in
1563 3533 1617 3590 hoo

181 3620 254 3676 anim
271 3621 363 3690 legato
381 3625 474 3691 potest
491 3619 545 3676 diei
563 3635 618 3676 non
635 3619 698 3676 idso
716 3619 742 3675 ei
759 3621 891 3689 relietum,
910 3621 976 3690 quia
993 3623 1022 3676 et
1039 3624 1157 3676 tutorem
1176 3635 1238 3676 esse
1254 3622 1373 3678 uoluerit
1389 3625 1513 3678 testator.

120 3711 162 3770 33
233 3710 311 3765 Inuus
333 3709 402 3765 libro
424 3710 554 3765 uiossimo
572 3709 653 3764 tertio
671 3708 871 3777 quaestionum.
908 3707 963 3764 Sed
980 3709 1050 3765 haee
1067 3709 1180 3766 nimium
1198 3711 1360 3781 scrupulosa
1376 3717 1442 3792 sunt
1459 3707 1616 3796 [W
1634 3725 1677 3780 p·

180 3813 232 3854 neo
256 3797 439 3868 admittenda,
464 3798 516 3854 nisi
538 3797 681 3854 euidenter
700 3801 779 3866 pater
797 3798 963 3867 expresserit
979 3799 1051 3854 uelle
1068 3813 1099 3854 ss
1117 3798 1183 3855 dare
1200 3799 1297 3869 edam,
1322 3800 1345 3855 ai
1362 3801 1477 3857 tutelam
1495 3789 1616 3858 roffi

180 3885 359 3942 ministrasit:
378 3901 487 3956 semper
505 3887 576 3942 euim
596 3887 717 3956 legatum
736 3891 784 3942 aut
801 3887 939 3944 autasedit
956 3891 1005 3942 aut
1022 3887 1147 3958 sequitur
1163 3889 1287 3944 tutelam.
1633 3909 1663 3951 ao

119 3979 160 4036 34
233 3975 311 4029 lunas
329 3974 397 4030 libro
416 3975 533 4044 septimo
551 3975 751 4045 quaestionum.
779 3975 822 4030 Ea
840 3975 883 4031 his
901 3979 1016 4046 apparet
1033 3991 1087 4032 non
1106 3991 1167 4032 esso
1185 3975 1227 4033 his
1240 3977 1355 4034 similem
1368 3992 1439 4048 snm,
1459 3973 1615 4062 W
1633 3992 1661 4047 p

179 4079 261 4134 qusnn
284 4068 395 4134 praetor
419 4068 537 4119 tutorem
561 4063 652 4132 dedit,
675 4079 737 4118 oum
760 4069 856 4134 poaast
876 4065 916 4119 uti
934 4063 1110 4120 inmunitate:
1135 4064 1180 4122 lain
1197 4065 1270 4122 enlm
1287 4066 1353 4122 nihil
1371 4071 1467 4123 eontra
1483 4067 1613 4124 iudicium

178 4169 401 4239 uumosro)

179 4329 376 4413 1qnipotnit]
400 4330 563 4400 potuitque?
638 4331 698 4386 ¹et
715 4332 761 4416 dal
780 4329 934 4456 (Κπιῗον).
994 4329 1077 4387 ¹ltoo
1099 4331 1174 4402 exigi
1197 4331 1288 4387 anns?
1362 4335 1490 4402 ‘quarta
1512 4332 1614 4402 (Helii

177 4401 346 4527 affigam?
422 4401 629 4458 οΝοιοιιιιὶιιιῖ
706 4402 769 4457 τιο]
792 4416 846 4471 quo
888 4417 935 4471 qun
958 4403 1086 4473 relinquit
1104 4404 1140 4459 ab
1158 4418 1192 4460 eo
1208 4403 1303 4474 petiit,
1326 4402 1362 4459 ab
1386 4418 1419 4460 eo
1443 4404 1517 4475 qued
1539 4405 1612 4460 idem

179 4612 289 4682 lprius
304 4613 434 4682 quomF¹
478 4611 669 4670 tiest'n'ouua
683 4613 719 4668 i'l
736 4615 740 4682 Ι
756 4628 807 4670 nss
824 4629 869 4670 me
921 4615 1020 4686 quiuis]
1039 4614 1157 4681 FlDEI,
1174 4615 1219 4672 uel
1236 4616 1283 4686 qui
1301 4617 1344 4672 ius
1362 4615 1404 4681 W,
1427 4618 1472 4674 nel
1490 4617 1552 4688 qnia
1569 4617 1612 4684 P,

177 4688 272 4738 mouet
289 4684 350 4770 aeq]
369 4685 407 4738 aui
428 4683 475 4746 οῩκ
492 4683 628 4739 latisana·
645 4705 687 4740 ιιοι
700 4685 732 4741 τὸ
745 4685 867 4748 lineatas
921 4687 965 4742 uel
989 4687 1094 4756 quisuis
1120 4687 1145 4742 0
1198 4689 1233 4742 23
1256 4687 1400 4744 excusabit
1421 4690 1457 4744 F¹
1517 4690 1552 4745 26
1576 4706 1612 4746 811

176 4756 268 4822 atrata,
288 4775 367 4810 usuros
389 4756 446 4825 [aar.
460 4755 509 4824 ὃτι]
524 4755 585 4811 τότε
597 4757 714 4828 κὲχριιτοί
727 4776 767 4812 rac
778 4756 869 4822 ὲικογ-
921 4759 1032 4828 aliquid]
1061 4759 1146 4814 natali
1172 4757 1238 4828 quid
1260 4760 1297 4813 ΕΙ
1359 4761 1392 4816 27
1420 4760 1501 4816 daun
1527 4761 1611 4832 tutor]

178 4828 274 4882 cariosa
293 4827 342 4881 τίοι
354 4826 481 4897 rsrdpruc
493 4826 640 4896 anteponas,
661 4828 706 4883 ὅτε
718 4831 808 4884 tustani
820 4828 869 4883 τὴκ
921 4831 946 4883 F
948 4829 1048 4892 ‘Ei-0,
1066 4830 1147 4885 datus
1170 4830 1206 4885 su
1221 4832 1265 4885 ιιι]
1282 4834 1357 4887 tutor
1375 4833 1448 4898 ΡΙ),
1469 4831 1550 4886 datus
1567 4833 1611 4890 usl

176 4898 267 4968 spiras
292 4898 341 4952 Rs
367 4897 466 4970 (nair.)
490 4901 494 4964 Ι
521 4897 574 4954 hoe
600 4914 635 4954 ne
661 4900 750 5025 exigi}
770 4900 869 4964 FWD,
921 4905 995 4955 tutor
1012 4899 1054 4966 W,
1072 4901 1154 4956 datus
1172 4901 1208 4956 sit
1225 4906 1300 4958 tutor
1310 4902 1337 4958 1⁶
1381 4903 1416 4958 28
1435 4903 1578 4961 suasbolae
1591 4904 1617 4958 F

176 4969 230 5025 hoo
247 4984 298 5024 nee
316 4970 389 5039 exigi
404 4969 474 5036 Qlo,
493 4969 546 5024 hoo
563 4987 619 5025 non
636 4971 710 5040 exigi
797 4972 831 5026 10
846 4971 870 5027 ai
922 4971 957 5028 29
988 4988 1052 5028 uam
1075 4976 1121 5028 *et
1145 4978 1255 5043 praetor
1281 4975 1319 5028 pr
1343 4976 1348 5040 Ι
1371 4975 1444 5044 sum]
1479 4991 1541 5030 sum
1572 4976 1610 5030 ΕΙ

177 5041 437 5113 quartanarum
487 5043 687 5112 stapulensis
704 5043 730 5096 F
772 5043 807 5098 22
825 5043 870 5099 uel
922 5043 957 5100 35
975 5043 1114 5116 alioquin
1130 5043 1168 5100 ἲ*
1183 5046 1189 5114 Ι
1204 5045 1307 5132 tutelas
1323 5046 1351 5100 F
1396 5047 1432 5104 41
1450 5045 1503 5118 his]
1521 5047 1610 5106 siai!
