3832 5542
847 295 938 354 villi

179 436 278 490 ιιιιιιιιι
297 450 369 506 qnae
382 435 498 506 singobs
515 435 582 492 locls
599 435 719 492 suffidat
736 437 956 509 comparandam,
974 439 994 493 il
1012 439 1083 494 ultro
1100 437 1303 496 mndtebnntnr
1319 439 1453 498 eiusmodi
1471 443 1611 514 negotium

179 522 212 578 sb
232 539 289 578 uuo
312 524 421 580 bomine
443 524 538 596 perfici
560 539 616 581 non
636 541 732 596 posse,
756 526 806 582 ssd
828 526 954 596 uagum
974 527 1048 582 uires
1071 527 1163 583 uultus
1186 541 1271 598 opera
1291 527 1389 585 diuisa
1417 533 1492 586 certo
1510 531 1534 586 si
1552 533 1614 602 quis

178 611 275 666 omues
283 611 432 682 aliquando
439 615 487 684 qul
499 612 579 669 uobis
590 615 722 685 depingat
733 615 902 685 dlgmtom
910 614 1042 671 editorem
1052 615 1140 686 qualis
1149 629 1212 671 esse
1221 615 1329 685 debeat,
1341 623 1369 672 et
1377 617 1510 687 optimum
1522 635 1612 690 gram-

177 700 307 754 maticum
319 705 349 754 et
359 700 426 756 luris
436 701 538 772 publici
549 703 704 774 priuatique
715 703 957 773 prudentissimum
968 709 1121 774 pergatque
1130 703 1195 759 inde
1204 717 1266 759 cum
1278 705 1412 762 eiusmodi
1423 703 1512 762 torma
1523 709 1613 778 operis

176 784 289 856 perlecti
307 787 378 843 banc
396 805 486 845 meam
502 793 620 861 opellam
638 803 815 862 componere,
833 791 959 861 equidem
979 803 1046 847 saue
1063 791 1171 848 fatebor
1189 807 1233 848 me
1250 807 1306 848 non
1323 807 1385 848 esse
1403 795 1456 850 nisi
1474 810 1559 852 unum
1578 811 1613 852 ex

177 877 267 931 multis
291 891 383 947 neque
405 877 571 949 philologiae
593 893 682 950 noque
705 880 771 934 iuris
789 880 920 935 scientiae
937 880 1019 948 plane
1037 887 1190 951 expertem,
1215 881 1265 936 sed
1283 880 1457 938 nibilominus
1475 881 1611 940 bominem

176 963 279 1020 ridebo.
310 972 376 1020 ante
393 968 486 1022 omnis
502 973 608 1024 textum
626 983 708 1038 quem
726 967 779 1023 edo
797 967 834 1022 ad
851 967 1034 1024 Florentinam
1057 969 1202 1024 lectionem
1226 969 1285 1024 siue
1308 971 1426 1040 priorem
1445 969 1505 1026 siue
1521 977 1612 1042 poste-

175 1052 272 1107 riorem
300 1068 384 1123 quarn
410 1053 469 1110 lieri
495 1061 589 1126 potest
609 1057 734 1126 proxime
757 1056 888 1112 accedere
911 1055 995 1112 uolui.
1023 1071 1201 1126 quaecuuque
1223 1063 1315 1114 autem
1342 1058 1372 1113 in
1395 1063 1500 1114 textum
1522 1061 1614 1130 recepi

174 1145 272 1196 neutra
288 1142 440 1198 Florentiui
460 1141 522 1199 bbri
544 1145 681 1214 scriptura
702 1143 875 1214 confirmata,
898 1143 1010 1199 distinxi
1033 1145 1131 1200 litteris
1154 1145 1285 1216 obliquis,
1309 1149 1341 1200 ut
1358 1146 1407 1216 qui
1424 1146 1476 1200 bac
1494 1145 1613 1204 editione

176 1230 260 1284 utitur
281 1232 376 1286 statim
400 1237 556 1287 moneretur
578 1233 657 1288 ubter
678 1233 734 1303 legi
755 1233 784 1288 in
807 1232 903 1288 codice
925 1232 1090 1288 Florentino.
1122 1237 1266 1301 praeterea
1288 1232 1451 1289 lectionibus
1473 1234 1520 1304 iis,
1543 1250 1614 1306 quae

175 1318 254 1372 nullis
271 1317 351 1374 libris
368 1318 565 1390 detonduntur,
588 1321 639 1378 sed
656 1327 706 1376 aut
722 1323 846 1377 nituntur
867 1335 942 1376 mera
959 1320 1117 1376 coniectura
1134 1327 1183 1376 aut
1200 1328 1274 1376 certe
1291 1327 1419 1391 receptae
1436 1325 1501 1378 sunt
1519 1327 1615 1379 conus

175 1405 362 1462 Florentinum
384 1409 543 1464 altomtram
561 1408 736 1480 Graecosque
759 1410 962 1466 eonsentientes
980 1408 1020 1473 (id
1038 1409 1112 1478 quod
1131 1424 1183 1464 usu
1201 1411 1277 1466 uenit
1294 1411 1360 1480 pli,
1375 1411 1434 1480 17),
1453 1411 1613 1467 ιιιιιίιιιιιι

175 1492 304 1565 praefixi,
327 1496 434 1552 scilicet
450 1497 478 1552 in
495 1497 530 1552 iis
546 1497 680 1568 partibus,
698 1499 746 1556 ubi
763 1498 986 1554 amundurlorum
1003 1498 1133 1554 librorum
1157 1499 1181 1553 si
1199 1513 1254 1554 non
1271 1513 1386 1568 magna,
1409 1503 1501 1554 umen
1523 1499 1615 1570 aliqua

176 1584 326 1639 aucwritas
344 1599 407 1640 esse
423 1585 571 1641 uideretur.
599 1588 709 1643 omnino
726 1587 863 1644 rarissime
880 1587 909 1642 in
926 1591 1005 1642 textu
1022 1586 1145 1644 ornando
1164 1586 1349 1642 ailorentino
1363 1586 1432 1642 libro
1444 1587 1546 1643 recessi
1562 1601 1614 1644 nec

176 1668 231 1726 iere
249 1674 279 1727 in
297 1671 381 1728 rebus
398 1673 570 1742 ςιιιιίοιῐίιιιι
587 1676 641 1730 nisi
658 1675 706 1731 ubi
717 1677 799 1732 lectio
812 1675 923 1730 diuema
934 1691 988 1732 non
1006 1676 1094 1730 solum
1112 1689 1163 1730 sua
1175 1674 1261 1744 ipsius
1272 1673 1465 1744 probabilitate
1477 1691 1613 1732 common·

177 1759 295 1832 daretur,
314 1761 365 1817 sed
376 1762 459 1817 etiam
471 1763 628 1819 ιιιιιιιιοιιίο
640 1763 731 1834 aliquo
742 1763 849 1833 idoneo,
868 1764 987 1819 maxime
999 1764 1177 1832 interpretum
1190 1761 1370 1818 Graecorum:
1389 1779 1453 1818 nam
1470 1769 1614 1834 praeterea

177 1861 343 1918 qumquem
360 1850 521 1919 saepissime
538 1850 624 1922 liquet
641 1850 676 1906 de
691 1852 852 1921 corruptela,
871 1865 955 1922 saepe
967 1853 1050 1908 etiam
1062 1851 1098 1906 de
1112 1850 1302 1906 emendatione
1314 1851 1359 1906 uel
1372 1855 1448 1906 certa
1459 1853 1503 1908 uel
1514 1853 1613 1923 proba-

177 1933 235 2006 bili,
253 1942 348 1992 tamen
365 1939 526 2011 plerumque
543 1940 676 1996 incorum
693 1944 749 2009 est,
773 1939 873 1995 menda
896 1945 987 1995 utrum
1011 1939 1146 1996 recentior
1168 1939 1204 1996 sit
1220 1939 1373 1994 Iustiniauo
1395 1955 1432 1994 an
1449 1941 1477 1994 in
1495 1941 1556 2010 ipso
1573 1941 1613 1996 dl·

177 2030 318 2094 gestorum
336 2027 486 2099 archetypo
504 2027 587 2084 tuerit
603 2031 687 2096 atque
704 2027 744 2082 lta
761 2026 797 2083 ab
814 2041 908 2084 ιοιιιιιι
926 2027 1030 2084 editore
1048 2027 1106 2084 tolli
1124 2042 1178 2082 non
1197 2025 1306 2082 debeat
1337 2027 1429 2097 itaque
1450 2027 1522 2084 banc
1539 2030 1613 2085 uiam

177 2114 265 2183 tenui,
289 2117 322 2170 ut
345 2130 416 2184 quae
439 2122 583 2186 praeterea
604 2119 715 2187 praesto
738 2121 832 2172 essem
853 2116 1075 2172 emendationum
1098 2115 1220 2184 pericula
1237 2114 1421 2184 probabiliora
1437 2116 1483 2170 uel
1500 2115 1536 2172 ab
1554 2118 1613 2172 aliis

177 2200 290 2258 inuenta
307 2203 353 2258 uel
370 2220 387 2258 a
405 2219 449 2260 me
466 2205 631 2275 excogitata,
649 2219 685 2260 ea
701 2205 730 2259 in
747 2205 804 2258 ima
819 2205 943 2274 margine
960 2205 1000 2259 ita
1017 2203 1208 2271 adscriberem,
1227 2207 1360 2272 utusque
1373 2204 1612 2260 uenarumlectio·

178 2305 241 2346 num
263 2291 490 2348 immunditiebus
513 2291 736 2362 demergerentur
756 2305 808 2348 nec
831 2290 911 2348 facile
933 2293 1087 2361 effugerent
1109 2307 1157 2346 eos
1180 2291 1226 2360 qui
1248 2295 1354 2346 textum
1377 2292 1481 2361 legunt
1518 2297 1613 2349 contra

178 2378 401 2450 interpolationes
416 2384 559 2435 auctorum
571 2380 782 2436 Iustinianorum
793 2380 953 2450 plerumque
964 2394 1020 2436 non
1032 2380 1164 2436 indicaui:
1183 2393 1218 2434 ea
1234 2379 1306 2434 enim
1321 2393 1413 2449 opera,
1432 2385 1464 2435 ut
1475 2381 1540 2450 dixi,
1559 2396 1614 2436 non

178 2470 233 2520 tam
250 2467 422 2538 digestorum
439 2467 553 2524 editoris
570 2473 614 2523 est
630 2483 712 2539 qnam
730 2481 824 2524 eorum
842 2469 931 2538 quiin
948 2469 1007 2524 iure
1019 2468 1132 2538 antiquo
1142 2466 1335 2536 inuestigando
1347 2482 1458 2536 operam
1470 2469 1613 2526 wbocant.

178 2568 343 2626 quamquam
361 2556 409 2612 ubi
427 2561 522 2628 aptum
539 2556 686 2626 uideretur,
705 2557 822 2612 maxime
841 2555 887 2612 ubi
899 2560 1011 2626 propter
1022 2571 1084 2612 eam
1096 2557 1184 2627 ipsam
1195 2555 1432 2624 interpolationem
1444 2555 1531 2612 uerba
1542 2573 1613 2629 quae

178 2659 248 2698 uuno
264 2645 385 2714 legimus
402 2646 447 2700 uel
464 2645 539 2700 biara
556 2645 716 2700 uiderentur
732 2645 776 2700 uel
794 2645 848 2700 alia
865 2645 970 2700 ratione
988 2645 1166 2701 offensionem
1183 2643 1299 2714 babere,
1316 2644 1385 2698 talia
1402 2657 1511 2714 quoque
1529 2645 1613 2702 adno-

179 2732 241 2786 tani.
273 2739 305 2787 at
327 2747 417 2790 meros
438 2747 545 2789 errores
568 2733 775 2803 ccmpssatoruru
798 2732 968 2803 mundusque
994 2733 1162 2802 antiquiores
1188 2731 1235 2788 ubi
1263 2731 1465 2802 deprehendere
1487 2733 1554 2788 mibi
1573 2735 1613 2790 ui·

179 2818 267 2890 dmer,
290 2837 341 2878 eos
359 2821 553 2890 animaduerti,
577 2821 628 2877 sed
650 2823 704 2890 ita,
726 2824 758 2876 ut
781 2819 833 2876 bae
855 2821 944 2891 ipslns
967 2821 1110 2877 Iustiniani
1133 2820 1275 2892 archetypi
1298 2821 1482 2892 corruptelae,
1506 2822 1613 2878 scilcet

179 2913 301 2978 repertae
323 2915 381 2966 tam
404 2911 433 2965 in
450 2909 607 2966 Florentino
626 2909 696 2966 libro
718 2923 801 2978 quam
824 2909 897 2980 apud
920 2909 1054 2978 Graecos,
1077 2925 1096 2964 a
1111 2909 1223 2980 reliquis
1245 2910 1358 2979 originis
1380 2907 1497 2964 fortasse
1519 2913 1611 2979 poste·

178 2996 253 3052 doda
284 2997 519 3068 distinguerentur
544 3003 574 3053 et
599 2996 648 3052 ubi
673 2996 733 3053 lieri
759 3000 867 3068 poterat
892 3011 982 3066 neque
1007 3011 1052 3052 res
1077 2998 1139 3067 ipso
1168 2996 1342 3068 loquebatur,
1375 2998 1492 3053 lectores
1518 3011 1611 3053 mone·

179 3090 269 3140 rentm
297 3086 482 3142 comectnram
503 3085 637 3157 prolatam
661 3084 698 3139 ad
720 3085 763 3140 ius
786 3085 967 3140 Iustinianum
992 3085 1095 3154 porrigi
1117 3099 1172 3140 non
1195 3084 1304 3141 debere.
1332 3089 1454 3141 ceterum
1476 3086 1552 3154 cani,
1576 3101 1611 3141 ue

179 3173 213 3228 ad
234 3173 348 3230 modum
365 3175 514 3231 Hdoandri
536 3177 678 3230 auctorum
700 3171 787 3228 uerba
808 3173 845 3228 ad
868 3173 1019 3229 ordinamus
1035 3173 1231 3242 grammaticae
1247 3173 1324 3243 leges
1346 3173 1386 3228 ita
1406 3174 1558 3243 exigerem,
1581 3179 1612 3229 ut

179 3263 302 3333 magistri
323 3264 462 3333 castigant
486 3277 632 3333 puerorum
655 3261 817 3331 scriptiones
842 3261 1033 3318 scholasticas:
1060 3276 1123 3316 nam
1150 3275 1244 3318 eorum
1270 3275 1342 3331 quas
1368 3261 1511 3317 offendunt
1537 3263 1611 3332 apud

179 3351 327 3418 prudentes
350 3367 412 3407 cum
435 3351 535 3407 bonam
558 3355 663 3421 partem
687 3355 717 3406 et
736 3351 796 3421 ipse
818 3365 978 3421 penumum
1002 3347 1119 3405 babeam
1141 3365 1197 3406 non
1223 3349 1259 3406 ab
1282 3348 1440 3404 auctoribus
1466 3347 1610 3420 proticisci,

180 3437 225 3494 sed
248 3455 266 3494 a
287 3439 459 3496 librariorum
477 3440 652 3509 neglegentia
675 3443 705 3496 et
725 3439 931 3509 compilatorum
954 3438 1071 3508 incuria,
1094 3443 1187 3493 tamen
1209 3438 1280 3494 inter
1303 3437 1437 3494 eiusmodi
1460 3451 1565 3494 encres
1583 3443 1612 3492 et

180 3529 327 3596 quotidiani
350 3528 484 3584 sermonis
505 3528 642 3584 bceudam
665 3527 735 3584 iinos
759 3529 784 3585 si
804 3527 914 3598 quidem
937 3527 996 3596 regi
1018 3531 1146 3596 possunt,
1171 3533 1245 3582 certe
1268 3541 1323 3582 non
1345 3526 1370 3580 is
1393 3541 1466 3595 sum,
1492 3527 1540 3595 qui
1563 3540 1610 3582 eos

181 3629 279 3685 regam
312 3616 517 3672 emendationes
543 3632 612 3686 quas
636 3617 681 3672 alii
700 3617 907 3688 proposuissent
929 3630 984 3670 nou
1005 3615 1171 3685 inuestigaui
1191 3615 1257 3670 data
1277 3629 1373 3685 opera:
1401 3613 1430 3668 id
1455 3615 1528 3670 enim
1551 3614 1610 3670 inti·

181 3703 262 3759 uitum
291 3709 351 3760 erat
375 3719 465 3774 neque
493 3703 688 3774 perficiendum
716 3703 752 3760 ab
777 3703 887 3760 bomine
911 3703 1005 3758 multis
1025 3703 1143 3773 negotiis
1162 3707 1306 3774 praeterea
1326 3702 1458 3758 districto.
1492 3703 1610 3774 denique

180 3792 311 3848 eiusmodi
333 3793 508 3862 inuestigatio
530 3792 605 3848 baud
627 3793 685 3848 scio
708 3809 744 3848 an
767 3793 898 3848 maiorem
920 3790 1108 3847 difflcmtatem
1132 3791 1234 3847 babeat
1255 3807 1338 3861 quam
1362 3791 1516 3848 utibtatem.
1546 3809 1610 3848 nam

181 3882 269 3936 nendo
295 3881 433 3951 quomodo
457 3881 625 3950 digestorum
649 3882 726 3937 crisis
748 3881 811 3952 plus
834 3883 915 3950 quarn
939 3879 1035 3935 credas
1058 3881 1143 3935 iacuit
1165 3884 1229 3950 post
1250 3879 1393 3935 Gniacinm
1420 3881 1449 3934 in
1475 3879 1527 3934 bac
1551 3881 1609 3951 qui·

181 3965 238 4024 dem
257 3985 288 4025 re
305 3985 361 4025 non
377 3973 435 4024 tam
453 3971 602 4025 maximum
620 3985 702 4040 quarn
721 3985 805 4026 unum
823 3968 954 4024 scientiae
967 3973 1077 4024 noemae
1089 3969 1188 4037 lumen,
1207 3973 1236 4022 et
1249 3969 1321 4022 iacet
1332 3969 1497 4023 etiamnum.
1524 3968 1609 4038 pbilo-

181 4055 232 4126 iogi
249 4058 323 4114 enirn
341 4059 360 4113 ii
376 4073 486 4128 quoque
503 4059 549 4128 qui
567 4057 665 4114 aGaio
684 4064 712 4114 et
723 4057 840 4129 Ulpiano
858 4071 913 4110 non
931 4055 1078 4111 abhorrent
1095 4071 1112 4110 a
1130 4055 1244 4124 digestis
1263 4055 1415 4110 abstineut:
1433 4057 1500 4111 iuris
1518 4061 1609 4112 autem

183 4151 302 4201 auctores
321 4146 415 4216 optimi
433 4147 546 4217 quique,
570 4161 639 4217 quos
657 4151 769 4217 propter
785 4145 947 4216 prudentiae
965 4159 1079 4198 acumen
1098 4143 1276 4214 suspicimus,
1299 4144 1347 4198 ubi
1365 4143 1451 4199 uerba
1468 4149 1609 4199 auctorum

182 4236 295 4290 tooure
316 4235 462 4305 incipiunt,
487 4236 584 4290 mirum
607 4235 635 4290 in
657 4235 769 4291 modum
793 4240 822 4289 et
844 4233 910 4288 artis
932 4231 1112 4302 philologicae
1138 4235 1264 4300 expertes
1288 4247 1318 4286 se
1342 4229 1458 4300 probare
1476 4233 1565 4288 solent
1582 4237 1611 4287 et

183 4337 260 4393 saepe
283 4323 353 4379 adeo
377 4340 411 4379 ne
435 4323 565 4379 mediocri
588 4323 698 4392 quidem
721 4324 831 4392 linguae
850 4321 965 4376 Latinae
983 4320 1081 4374 notitia
1098 4319 1231 4388 imbutos,
1254 4326 1288 4375 ut
1303 4320 1510 4389 peruersissima
1527 4334 1609 4389 quae·

183 4423 231 4478 que
252 4417 281 4466 ct
298 4412 397 4482 quouis
415 4415 526 4467 auctore
544 4426 598 4466 non
616 4411 714 4467 inscito
732 4411 777 4465 uel
795 4408 898 4464 infante
915 4409 996 4479 plane
1014 4408 1127 4477 indigna
1144 4408 1237 4462 nescio
1255 4407 1354 4478 quibus
1372 4408 1474 4464 eculeis
1491 4413 1610 4464 tormen·

183 4498 267 4569 tisque
290 4500 420 4556 adhibitis
442 4498 599 4555 defendant.
636 4499 753 4568 denique
776 4499 800 4552 si
823 4497 933 4567 quando
956 4496 992 4550 sd
1010 4495 1228 4552 emendationem
1246 4497 1299 4567 ipsi
1317 4497 1465 4566 accedunt,
1488 4501 1610 4551 monstra

185 4583 235 4642 iere
256 4589 411 4658 pmtnsiunt
434 4593 462 4644 et
484 4588 610 4658 prodigia
633 4585 759 4642 mirifica:
782 4601 947 4656 quamquam
966 4586 1053 4640 rarius
1071 4585 1123 4641 boc
1140 4584 1245 4641 iaciunt
1262 4591 1290 4640 et
1307 4583 1476 4654 frequentius
1494 4588 1610 4654 peccant

185 4677 294 4732 uetustis
315 4677 425 4746 ineptiis
446 4676 626 4732 defendendis
643 4691 725 4745 quarn
744 4672 914 4744 proferendis
933 4675 1056 4730 nunciis.
1084 4680 1196 4744 propter
1213 4673 1264 4728 bas
1281 4673 1425 4729 tamesin
1443 4673 1609 4728 emendatio·

186 4761 258 4819 mbus
279 4766 398 4833 priorum
422 4763 620 4834 cognoscendis
638 4779 693 4820 non
710 4765 825 4818 multum
843 4763 973 4833 temporis
991 4763 1136 4832 collocaui,
1157 4762 1207 4817 sed
1225 4761 1380 4817 examinati
1401 4765 1507 4816 tantum
1525 4760 1608 4816 adno-

188 4853 250 4908 tatas
273 4854 301 4908 in
324 4853 443 4908 editione
461 4851 652 4908 Gebaueriana
674 4853 719 4908 uel
736 4853 765 4908 in
782 4851 983 4908 commentariis
1002 4849 1163 4919 Sobultiugii
1181 4854 1210 4905 et
1227 4847 1436 4918 Smailenburgii
1454 4853 1482 4903 et
1499 4848 1523 4903 si
1540 4863 1609 4918 quas

187 4947 320 5006 praeterea
343 4940 388 4995 uel
411 4940 470 5009 ipse
493 4940 567 4996 aliud
589 4955 676 5009 agens
698 4939 843 4996 obseruaui
865 4940 910 4994 uel
927 4955 945 4994 a
962 4953 1006 4993 me
1023 4939 1112 5008 rogati
1129 4939 1231 4994 Paulus
1248 4939 1374 5008 Krueger
1390 4940 1419 4990 et
1436 4937 1609 4992 Burmannus
