3738 5548
283 265 354 331 lit
376 273 491 326 10-13
951 258 1038 337 334
1656 277 1702 324 ss>

226 423 265 480 10
335 423 453 475 Patut's
473 420 541 473 libro
559 421 707 474 uicensimo
725 432 803 473 sexto
822 419 857 472 ad
876 420 1004 473 edietum
1041 418 1069 472 Si
1088 422 1198 486 optione
1216 421 1287 472 intra
1306 428 1410 472 eertum
1427 425 1535 486 tempus
1553 409 1702 476 'isse-,sto
1722 421 1749 474 E

283 510 348 562 data
365 510 493 562 iudicium
512 511 539 562 in
559 509 586 562 id
604 519 713 577 tempus
731 520 881 562 extructum
900 517 956 576 est,
976 523 1029 576 quo
1047 507 1148 561 frustra
1167 509 1323 566 exhitetur.
1342 510 1444 560 utilitas
1461 489 1703 574 petituriseinse‘r·

281 601 391 651 uetur¹:
413 597 487 666 quod
510 599 532 651 si
552 599 562 666 l
581 613 630 666 per
648 598 774 651 heredem
793 615 847 652 non
870 600 946 651 stetit
964 613 1019 666 quo
1037 600 1126 651 minus
1144 598 1284 652 exhiberet
1302 609 1424 666 tempere
1442 596 1532 649 iudicii
1550 591 1703 662 accipiendi,
1721 595 1794 646 [ιη’

281 688 465 741 absoluendus
483 691 524 739 est
543 687 629 740 heres.
1723 694 1738 731 c

227 779 262 835 11
334 777 484 832 Eamus
502 776 569 829 libro
588 777 736 828 uicensimo
754 785 851 843 quarto
869 776 903 828 ad
922 775 1052 829 edictum.
1080 775 1134 829 Sed
1153 786 1180 828 et
1198 777 1222 829 si
1239 775 1376 829 hereditas
1389 775 1488 827 amissa
1500 773 1534 826 sit
1553 763 1705 850 ‘tt—tssl‘i
1724 777 1750 829 Ε

281 865 317 920 ob
340 866 403 932 hoe,
427 865 500 934 quod
524 881 621 918 seruus
643 881 698 918 non
722 865 894 932 exhibeatur,
918 867 1111 933 aequissimum
1134 875 1176 918 est
1200 866 1338 918 aestimari
1356 863 1446 917 officio
1463 845 1704 916 inticisTtinnum

250 964 260 1006 1
282 955 447 1008 hereditatis.
475 955 534 1019 Quo
552 962 644 1007 autem
659 955 719 1007 loeo
732 954 851 1008 exhiberi
864 971 920 1008 rem
933 963 1057 1023 oporteat
1071 955 1113 1007 nel
1126 955 1204 1007 cuius
1217 954 1380 1022 sumptibus,
1399 952 1549 1006 uideamus
1575 960 1602 1003 et
1615 948 1704 1002 Labeo

282 1045 320 1097 ait
338 1044 374 1098 ibi
393 1043 601 1111 exhibendnm¹,
618 1042 665 1097 ubi
683 1041 765 1096 fuerit
782 1059 843 1096 cum
861 1045 895 1097 lis
914 1053 1119 1110 contestaretur,
1137 1045 1258 1112 periculo
1275 1054 1303 1097 et
1316 1042 1450 1112 inpendiis
1463 1040 1560 1094 actoris
1571 1037 1705 1107 perferen·

282 1133 344 1186 dam
362 1132 600 1202 perducendamne
618 1147 651 1186 eo
668 1133 720 1184 loci
739 1131 785 1184 ubi
804 1139 895 1186 aetum
914 1134 958 1186 sit
985 1148 1099 1202 pascere
1118 1133 1198 1201 plane
1216 1148 1327 1185 seruum
1345 1133 1445 1185 nestire
1463 1143 1556 1183 eunte
1568 1140 1705 1196 possesse·

282 1237 338 1275 rem
356 1228 481 1290 oportere
498 1222 546 1274 ait.
573 1236 625 1289 ego
643 1226 735 1273 autem
753 1220 869 1274 arbitror
886 1222 1022 1276 interdum
1040 1224 1123 1275 etiam
1141 1221 1209 1274 haec
1227 1229 1347 1275 actorem
1366 1233 1514 1288 agnoscere
1532 1223 1664 1286 oportere,
1682 1214 1706 1268 si
1727 1229 1756 1267 ιο

281 1309 351 1364 forte
368 1311 427 1379 ipse
445 1326 542 1363 seruus
560 1325 595 1363 ex
612 1311 701 1377 operis
720 1309 765 1362 uel
781 1310 895 1364 artificio
914 1327 965 1364 sno
983 1311 1088 1365 solebat
1106 1326 1137 1363 se
1155 1310 1292 1378 exhibere,
1310 1327 1382 1365 nuuc
1401 1324 1466 1362 uero
1481 1309 1586 1374 cogitur
1599 1318 1706 1358 necem.

282 1398 395 1468 proinde
418 1407 447 1453 et
470 1400 493 1453 si
515 1398 589 1467 apud
611 1397 731 1452 officinm
755 1397 838 1452 fuerit
860 1399 1001 1468 deposims
1021 1400 1204 1468 exhibendus,
1228 1401 1331 1454 cibaria
1348 1398 1460 1451 debebit
1476 1397 1641 1464 adgnoscere
1659 1392 1707 1462 qni

281 1487 401 1542 exhiberi
418 1488 594 1553 desiderauit,
613 1488 636 1540 si
655 1503 708 1540 non
727 1487 833 1540 solebat
849 1503 993 1556 possessor
1009 1505 1119 1543 seruum
1131 1505 1257 1556 pascere:
1277 1505 1339 1542 nam
1387 1487 1502 1554 solebat,
1520 1485 1598 1539 sicuti
1610 1482 1706 1552 pascit,

280 1578 320 1631 ita
337 1583 366 1631 et
383 1577 486 1630 cibaria
502 1584 594 1645 potest
610 1577 682 1629 uon²
700 1591 834 1630 recusare.
862 1577 998 1632 interdum
1016 1585 1109 1632 tamen
1127 1594 1160 1632 eo
1177 1579 1229 1632 loei
1241 1577 1369 1632 exhibere
1382 1576 1465 1630 debet
1478 1576 1533 1628 suis
1545 1571 1706 1641 sumptibus,

281 1666 304 1720 si
322 1664 392 1720 forte
408 1681 545 1735 proponas
562 1665 629 1718 data
645 1679 729 1734 opera
746 1681 809 1719 eum
827 1667 854 1719 in
873 1667 961 1720 locum
979 1666 1102 1721 abdimm
1120 1682 1164 1721 res
1183 1668 1344 1734 eontuhsse,
1362 1671 1394 1719 ut
1412 1665 1497 1718 actori
1514 1660 1708 1717 incommodior
1728 1673 1757 1714 rs

281 1759 355 1808 esset
376 1753 519 1809 exhibitio:
541 1771 605 1810 nam
628 1754 655 1807 in
678 1753 749 1808 hune
772 1771 865 1808 casum
889 1757 946 1809 suis
969 1756 1124 1824 sumptibus
1141 1763 1171 1810 et
1187 1757 1308 1826 periculo
1325 1754 1438 1809 debebit
1455 1751 1581 1807 exhibere
1597 1749 1626 1804 in
1642 1764 1707 1804 eum

248 1851 263 1895 t
280 1844 369 1898 locum
387 1843 434 1897 ubi
451 1851 558 1912 agatur,
575 1858 611 1897 ne
628 1843 654 1896 ei
671 1843 806 1897 calliditas
823 1859 874 1898 sna
891 1846 985 1913 prosit.
1012 1845 1042 1900 Si
1060 1845 1095 1900 de
1112 1846 1236 1913 pluribus
1252 1844 1336 1898 rebus
1352 1845 1415 1913 quis
1426 1841 1602 1897 conueniatur
1613 1844 1642 1892 et
1650 1837 1708 1892 litis

279 1938 449 1987 contestatae
466 1937 589 2001 tempore
606 1947 702 1986 omnes
719 1931 850 2001 possedit,
866 1933 930 1987 licet
948 1939 1046 2003 postea
1062 1935 1196 2003 quasdam
1214 1934 1325 1988 desierit
1342 1933 1468 2002 quamuis
1485 1932 1544 1985 sine
1560 1928 1622 1983 dole
1634 1926 1708 1982 malo

279 2022 427 2091 possidere,
445 2021 639 2091 damnandum,
656 2022 709 2074 nisi
726 2020 854 2075 exhibeat
872 2037 920 2076 eas
937 2039 1007 2092 quas
1025 2029 1127 2093 potest
1729 2031 1758 2070 ts

225 2107 262 2164 12
332 2110 451 2166 Pennus
467 2110 536 2165 libro
553 2111 702 2164 uicensimo
720 2116 798 2164 sextu
816 2110 852 2163 ad
870 2111 998 2167 edictum
1032 2113 1076 2167 Dc
1094 2128 1127 2167 eo
1145 2111 1308 2180 exhibendo,
1325 2125 1408 2179 quem
1426 2108 1488 2178 quis
1504 2107 1532 2162 in
1550 2098 1707 2190 Q
1727 2113 1756 2168 E

248 2206 260 2251 1
279 2197 432 2253 libertatem
449 2199 589 2254 uindicare
606 2200 684 2268 uelit,
708 2198 771 2253 hiric
789 2200 889 2254 actioni
907 2202 983 2256 locus
1000 2217 1062 2256 esse
1079 2207 1180 2271 potest
1215 2202 1253 2256 Et-
1269 2200 1342 2255 tilius
1359 2198 1475 2254 familias
1492 2212 1527 2251 es
1543 2198 1648 2251 actione
1666 2199 1708 2248 te·

247 2291 373 2357 enchir,
397 2289 421 2344 si
445 2286 603 2343 facultatem
625 2289 665 2343 rei
685 2287 855 2344 exhibendae
873 2289 964 2344 habet
1000 2289 1116 2360 Saepius
1134 2290 1171 2345 ad
1188 2289 1371 2345 exhibendum
1389 2287 1494 2358 agenti,
1517 2287 1593 2340 siex
1608 2282 1708 2338 fldem

279 2390 364 2431 musa
381 2383 458 2446 agat,
476 2377 645 2432 obstaturam
664 2379 852 2446 exceptionem
869 2379 991 2434 lulianus
1008 2380 1060 2433 ait:
1079 2394 1179 2434 nouam
1197 2385 1289 2434 entem
1307 2395 1419 2434 causam
1437 2374 1613 2441 interuenire,
1630 2371 1655 2426 Εἰ
1672 2371 1707 2440 5⁸»

279 2465 328 2536 qui
345 2465 502 2520 uindicandi
519 2466 608 2534 gratia
625 2467 736 2536 egisset,
754 2473 818 2537 post
834 2473 978 2538 acceptum
996 2468 1126 2524 iudicium
1144 2471 1223 2524 eam*
1241 2469 1277 2524 ab
1295 2470 1386 2538 aliquo
1404 2466 1518 2535 aceepit,
1535 2469 1564 2518 et
1580 2461 1641 2518 ideo
1660 2474 1709 2514 ex·

279 2555 431 2624 ceptionem
450 2555 476 2609 ei
493 2571 548 2611 non
566 2554 683 2611 officere.
709 2556 774 2610 item
793 2557 817 2610 si
834 2557 868 2626 ei,
886 2559 933 2627 qui
950 2557 1015 2614 furti
1032 2565 1144 2614 aeturus
1161 2559 1199 2615 ad
1215 2557 1398 2613 exhibendum
1413 2556 1525 2624 egimet,
1542 2553 1639 2606 iterem
1651 2547 1709 2604 fur·
1730 2563 1761 2605 ss

278 2647 337 2698 turn
360 2642 463 2698 factum
481 2645 525 2699 sit
557 2644 674 2715 denique
691 2646 715 2699 si
732 2645 794 2713 quis
811 2646 926 2714 optandi
942 2648 1032 2715 gratia
1050 2649 1087 2703 ad
1104 2648 1287 2704 exhibendum
1305 2647 1409 2716 egisset
1426 2649 1455 2699 et
1472 2647 1535 2713 post
1551 2641 1625 2696 litem
1642 2653 1709 2693 con·

246 2735 408 2787 ttestatem
426 2733 538 2788 alterius
554 2737 719 2789 testamento
735 2735 812 2802 optio
830 2734 897 2790 date
913 2736 958 2806 sit,
976 2737 1014 2791 ad
1030 2737 1213 2793 exhibendum
1231 2753 1314 2806 agere
1330 2739 1431 2806 potest
1467 2731 1576 2800 Siquis
1592 2743 1627 2784 ex
1644 2727 1709 2782 unis

279 2822 347 2878 meis
369 2827 490 2878 mustum
512 2819 609 2877 feeerit
630 2823 675 2878 uel
697 2837 733 2878 ex
752 2823 832 2878 oliuis
849 2823 940 2879 eleum
957 2826 1003 2882 uel
1019 2842 1056 2882 ex
1072 2827 1136 2882 lana
1153 2827 1331 2895 uestimenta,
1355 2840 1419 2880 eum
1436 2822 1519 2876 sciret
1534 2818 1602 2874 haec
1618 2817 1711 2872 aliena

278 2925 348 2981 esse,
366 2911 508 2990 utriusque
525 2911 634 2966 nemine
651 2911 688 2966 ad
705 2911 888 2968 exhibendum
906 2915 1013 2971 wtiene
1025 2915 1171 2986 tenebitur,
1189 2917 1254 2985 quia
1264 2914 1340 2984 qnod
1351 2930 1386 2968 ex
1397 2905 1574 2968 renostrafit
1585 2911 1710 2961 nocuum

245 3009 340 3056 tesso
357 3001 451 3056 uerius
468 3003 519 3056 est
546 2999 576 3054 Si
593 3006 657 3070 post
674 3001 804 3057 iudicium
822 3006 969 3073 acceptum
985 3003 1067 3061 homo
1083 3013 1208 3062 mortuus
1225 3005 1270 3073 sit,
1289 3001 1415 3073 quemuis
1433 3001 1492 3056 sine
1510 2998 1572 3054 dolo
1589 2994 1661 3050 malo
1678 2997 1712 3048 et
1731 3009 1762 3048 se

278 3091 360 3161 eulpa
376 3087 551 3161 possessoris,
569 3093 663 3144 umen
680 3091 817 3146 interdum
834 3092 904 3146 tanti
921 3093 1093 3150 damnandus
1112 3099 1162 3165 est,
1180 3093 1275 3164 quanti
1292 3092 1393 3148 actoris
1409 3087 1562 3144 interfuerit
1577 3101 1627 3156 per
1642 3100 1710 3140 curn

278 3195 333 3235 non
350 3180 489 3249 effectum,
506 3192 562 3248 quo
579 3180 669 3235 minus
686 3187 753 3236 tunc
770 3197 833 3236 eum
850 3181 981 3237 iudicium
999 3185 1168 3254 acciperetur
1184 3183 1266 3239 homo
1283 3180 1469 3236 exhiberetis:
1486 3183 1563 3232 tanto
1580 3177 1669 3244 magis
1682 3175 1711 3230 si

245 3275 260 3324 t
278 3269 422 3340 cpparebit
438 3284 472 3324 eo
490 3283 556 3322 casu
574 3274 710 3326 mortuum
729 3286 800 3340 esse,
818 3273 938 3341 quinon
955 3271 1104 3342 incidisset,
1122 3273 1146 3328 si
1163 3277 1223 3328 tum
1241 3269 1378 3326 exhibitus
1395 3267 1501 3323 fuisset.
1536 3264 1565 3321 Si
1582 3266 1655 3320 iuste
1671 3278 1711 3319 ex

278 3373 363 3414 eausa
379 3359 472 3414 statim
490 3355 612 3412 exhiberi
629 3374 673 3413 res
691 3375 746 3415 non
762 3361 864 3431 possit,
886 3361 964 3416 iussu
980 3361 1079 3416 iudicis
1096 3375 1196 3416 cauere
1213 3359 1325 3416 debebit
1341 3373 1372 3414 se
1389 3358 1435 3413 illo
1453 3356 1497 3412 die
1515 3353 1709 3410 exhibiturum.

245 3455 260 3501 o
278 3447 365 3503 lieres
383 3463 438 3503 non
455 3447 535 3517 qnasi
551 3446 640 3518 heres,
658 3449 708 3504 ssd
725 3465 776 3505 suo
794 3450 903 3505 nomine
920 3449 973 3504 hac
989 3450 1097 3506 actione
1114 3451 1155 3506 nti
1172 3453 1277 3519 potest:
1295 3450 1361 3504 item
1378 3447 1457 3503 heres
1474 3443 1639 3516 possessoris
1656 3457 1710 3498 suo
1731 3452 1763 3493 ⁸⁵

278 3537 387 3592 nomine
410 3541 532 3592 lenem:
555 3537 638 3606 igitur
655 3553 711 3592 non
727 3538 852 3608 procedit
869 3553 1012 3608 quaerere,
1036 3555 1072 3594 an
1089 3537 1184 3594 heredi
1201 3539 1275 3594 etin
1292 3535 1420 3592 heredem
1439 3533 1531 3590 danda
1547 3533 1591 3588 sit
1625 3531 1710 3601 plane

278 3638 314 3679 ex
331 3624 394 3680 dolo
412 3624 533 3680 defuncti
552 3625 644 3681 danda
661 3633 705 3682 est
721 3627 750 3681 in
766 3626 894 3682 heredem
913 3627 981 3682 haec
998 3628 1079 3699 actio,
1098 3629 1121 3683 si
1139 3627 1299 3698 locupletior
1315 3624 1452 3681 heredites
1469 3639 1503 3679 eo
1515 3622 1622 3677 nomine
1632 3618 1711 3675 facta

278 3712 322 3782 sit,
339 3715 426 3770 ueluti
443 3714 517 3784 quod
533 3715 651 3783 pretium
668 3715 708 3770 rei
726 3720 889 3771 consecutus
907 3717 951 3771 sit

223 3797 260 3857 13
331 3799 425 3858 Gerus
448 3801 517 3858 libro
541 3802 576 3857 ad
601 3804 720 3859 edictum
743 3805 876 3875 praetoris
899 3804 996 3860 urbani
1018 3805 1098 3862 titulo
1116 3805 1151 3860 de
1167 3803 1273 3860 hherali
1291 3819 1383 3858 caum.
1420 3801 1449 3858 Si
1465 3801 1534 3857 liber
1551 3790 1711 3884 Q
1731 3800 1780 3874 Es

277 3906 331 3962 FN
346 3909 447 3981 (incipit
463 3931 487 3964 a
500 3909 535 3964 36
552 3923 683 3979 quaerere
700 3910 747 3976 au)
766 3908 923 3982 [P(VLU)]

279 4056 493 4130 ²ronseruetur]
506 4058 694 4114 aestimabitur
705 4061 1072 4132 eamqueisconsequetnr?
1136 4060 1346 4117 ¹exhibendam
1359 4059 1462 4128 (Ham
1518 4058 1601 4112 'non
1615 4059 1712 4126 potest

277 4127 454 4196 (Fornmaall
524 4131 610 4186 ‘reru
629 4140 676 4186 tm.

277 4258 379 4345 idaia
395 4258 492 4314 ludin
510 4259 538 4314 id
555 4267 665 4333 tempus
683 4263 816 4318 ora.P·V
849 4265 963 4334 3quod]
1019 4267 1052 4320 17
1071 4265 1162 4334 agitur
1179 4265 1256 4320 PVL
1277 4266 1282 4331 Ι
1303 4265 1408 4320 callitas
1425 4263 1466 4317 P·
1519 4263 1553 4317 18
1573 4257 1708 4330 possedit]

276 4331 343 4457 gmd
352 4333 391 4385 P⁰
406 4334 412 4396 1
427 4333 534 4386 steterit
542 4332 607 4386 Pet
623 4336 628 4401 Ι
642 4333 966 4404 tempore‘in'iudiciiF²
1017 4336 1165 4406 possedere
1178 4336 1225 4400 P·,
1243 4335 1367 4405 possidet
1381 4336 1406 4388 L
1449 4335 1485 4390 20
1502 4331 1608 4402 paulus]
1626 4331 1710 4400 gaius

305 4407 334 4456 et
342 4402 499 4456 om.P⁰LU⁶
518 4405 861 4478 deestimari]estimatiP·
876 4409 965 4462 Beon-
1017 4407 1090 4473 PVt
1104 4406 1268 4476 exhibendo]
1281 4405 1493 4461 adexibendum
1505 4404 1580 4458 Pu·
1611 4403 1646 4456 23
1659 4400 1710 4456 ob·

276 4476 443 4528 testarentur
459 4472 499 4526 P·
514 4475 519 4538 Ι
534 4474 731 4546 perferendam]
745 4476 912 4546 perferendis
929 4477 965 4532 F¹
1017 4478 1141 4533 stltntam
1164 4479 1364 4548 exemptionem
1388 4477 1429 4530 P·
1488 4477 1523 4530 25
1545 4474 1643 4529 iterum

276 4545 294 4600 9
313 4551 341 4599 et
357 4543 594 4615 perducendamue
612 4548 654 4601 Ρο
674 4550 679 4615 Ι
698 4549 751 4602 loci
768 4547 825 4619 ubi]
838 4550 903 4604 ‘loco
920 4549 966 4603 uel
1018 4549 1053 4604 26
1071 4549 1175 4618 egisset
1191 4555 1220 4604 et
1237 4569 1285 4602 om.
1299 4549 1358 4614 PV,
1380 4549 1477 4602 iterum
1552 4547 1586 4599 26
1603 4544 1711 4612 egisset

276 4616 314 4672 F¹
335 4616 481 4742 ΙΙΡΙιεωτο
507 4615 546 4668 P·
600 4619 634 4672 10
657 4624 764 4674 actores
781 4620 823 4673 P⁰
877 4623 910 4675 11
934 4634 964 4675 se
1018 4638 1067 4674 om.
1085 4621 1122 4672 L·
1193 4622 1228 4676 28
1254 4636 1317 4676 eum
1341 4620 1423 4674 sciret
1444 4617 1512 4672 haec
1535 4617 1623 4670 aliena
1644 4629 1709 4670 esse

277 4705 326 4742 om.
366 4687 410 4741 ‘V
461 4687 494 4740 12
511 4691 541 4739 et
557 4689 690 4742 om.P·V
722 4690 825 4744 cinaris
840 4690 897 4756 Μ
918 4689 964 4745 de·
1017 4689 1158 4760 uttirrbque
1177 4693 1215 4746 lte
1232 4693 1259 4744 F
1297 4691 1332 4745 29
1349 4688 1481 4758 nostrum]
1497 4686 1710 4743 uenostrumP·

276 4755 403 4814 bebit...
418 4758 452 4813 14
464 4755 625 4812 cibariam.
637 4760 710 4814 ΡΨ
747 4763 780 4816 12
798 4762 844 4830 qui
857 4761 905 4816 'ad'
918 4777 964 4816 ex·
1017 4762 1052 4816 30
1074 4761 1174 4830 uerius]
1202 4767 1346 4817 uenturum
1375 4761 1444 4825 PU·,
1470 4759 1643 4814 uenditarum
1670 4757 1710 4810 D·

276 4826 363 4885 hiberi
380 4830 408 4883 F
456 4828 490 4883 14
507 4829 658 4884 uiuariaF⁶
673 4833 678 4899 Ι
693 4830 964 4901 exhibere1F²PLlL
1017 4833 1050 4887 31
1063 4832 1199 4889 interdum
1211 4839 1304 4888 mmen
1316 4834 1359 4900 ΡΙ
1374 4832 1538 4901 dampnatis
1549 4831 1589 4885 P⁰
1604 4831 1609 4895 Ι
1624 4829 1709 4882 inter·

276 4898 487 4956 adexhiberiF¹
500 4898 606 4972 ldebet]
615 4915 741 4958 necuere
750 4903 964 4972 cogiturnecare
1016 4901 1069 4958 fuit
1086 4904 1160 4958 P⁶V
1207 4905 1242 4960 32
1265 4904 1336 4973 eum]
1361 4905 1390 4958 in
1408 4904 1448 4957 P·
1467 4903 1472 4970 Ι
1491 4901 1639 4971 acdpietur
1657 4897 1708 4962 Pl

276 4971 316 5036 (et
328 4979 375 5026 tm.
390 4972 424 5038 V)
437 4970 682 5044 debetP·V,es.u.
692 4975 726 5028 11
772 4977 806 5030 15
817 4972 963 5045 proponas]
1017 4974 1160 5030 exhibetur
1181 4976 1254 5030 ΡΨ
1303 4977 1338 5030 33
1362 4974 1406 5044 eo]
1424 4989 1488 5030 euru
1504 4973 1545 5028 P·
1601 4971 1636 5026 39
1660 4968 1706 5038 de]

275 5054 362 5112 pones
383 5043 474 5100 PVU·
494 5043 499 5112 Ι
520 5042 641 5099 seditem
663 5044 702 5099 F¹
759 5047 794 5102 16
817 5050 909 5102 meet*
924 5047 965 5101 F’
1016 5045 1062 5102 uel
1079 5047 1115 5100 ΡΙ
1131 5049 1136 5116 Ι
1152 5047 1176 5102 si
1191 5045 1292 5104 libor'a'
1308 5048 1335 5102 F
